{
  "ticker": "PBF",
  "name": "PBF ENERGY INC.",
  "quarters": [
    {
      "date": "2020-12-31T00:00:00",
      "quarter_label": "2020-12 (Q4)",
      "revenue": 3655100000,
      "gross_profit": -180500000,
      "operating_income": -328100000,
      "net_income": -298400000,
      "opex": 3983200000,
      "cogs": 3835600000,
      "rd": null,
      "sga": null,
      "fcf": 122800000,
      "ocf": 161000000,
      "capex": -38200000,
      "gross_margin": -0.04938305381521709,
      "op_margin": -0.08976498591009822,
      "fcf_margin": 0.033596892013898386
    },
    {
      "date": "2021-03-31T00:00:00",
      "quarter_label": "2021-03 (Q1)",
      "revenue": 4924800000,
      "gross_profit": 138400000,
      "operating_income": 57700000,
      "net_income": -41300000,
      "opex": 4867100000,
      "cogs": 4786400000,
      "rd": null,
      "sga": null,
      "fcf": -51100000,
      "ocf": -13700000,
      "capex": -37400000,
      "gross_margin": 0.028102664067576347,
      "op_margin": 0.011716211825860948,
      "fcf_margin": -0.010376055880441845,
      "op_leverage_ratio": 1.5654198468266227,
      "fcf_margin_change": -0.04397294789434023
    },
    {
      "date": "2021-06-30T00:00:00",
      "quarter_label": "2021-06 (Q2)",
      "revenue": 6897900000,
      "gross_profit": 201800000,
      "operating_income": 147500000,
      "net_income": 47900000,
      "opex": 6750400000,
      "cogs": 6696100000,
      "rd": null,
      "sga": null,
      "fcf": 31200000,
      "ocf": 78400000,
      "capex": -47200000,
      "gross_margin": 0.029255280592644137,
      "op_margin": 0.02138331956102582,
      "fcf_margin": 0.004523115730874614,
      "op_leverage_ratio": 1.0354073925802547,
      "fcf_margin_change": 0.014899171611316459
    },
    {
      "date": "2021-09-30T00:00:00",
      "quarter_label": "2021-09 (Q3)",
      "revenue": 7186700000,
      "gross_profit": 168700000,
      "operating_income": 100900000,
      "net_income": 59100000,
      "opex": 7085800000,
      "cogs": 7018000000,
      "rd": null,
      "sga": null,
      "fcf": 203600000,
      "ocf": 261000000,
      "capex": -57400000,
      "gross_margin": 0.023473917096859476,
      "op_margin": 0.014039823562970488,
      "fcf_margin": 0.028330109786132717,
      "op_leverage_ratio": 0.8426490677125097,
      "fcf_margin_change": 0.0238069940552581
    },
    {
      "date": "2021-12-31T00:00:00",
      "quarter_label": "2021-12 (Q4)",
      "revenue": 8244000000,
      "gross_profit": 378300000,
      "operating_income": 291100000,
      "net_income": 165300000,
      "opex": 7952900000,
      "cogs": 7865700000,
      "rd": null,
      "sga": null,
      "fcf": 44500000,
      "ocf": 151600000,
      "capex": -107100000,
      "gross_margin": 0.04588791848617176,
      "op_margin": 0.035310528869480835,
      "fcf_margin": 0.005397865114022319,
      "incr_op_margin_yoy": 0.13493429797990805,
      "rev_growth_yoy": 1.2554786462750678,
      "op_leverage_ratio": 1.2022323775191688,
      "fcf_margin_change": -0.0229322446721104
    },
    {
      "date": "2022-03-31T00:00:00",
      "quarter_label": "2022-03 (Q1)",
      "revenue": 9141700000,
      "gross_profit": 196800000,
      "operating_income": 91000000,
      "net_income": -21100000,
      "opex": 9050700000,
      "cogs": 8944900000,
      "rd": null,
      "sga": null,
      "fcf": 194000000,
      "ocf": 312300000,
      "capex": -118300000,
      "gross_margin": 0.021527724602645022,
      "op_margin": 0.00995438485183281,
      "fcf_margin": 0.021221435837973243,
      "incr_op_margin_yoy": 0.007896796224714838,
      "rev_growth_yoy": 0.856258122157245,
      "rev_growth_yoy_accel": -0.39922052411782283,
      "op_leverage_ratio": 0.7888520115083505,
      "fcf_margin_change": 0.015823570723950922
    },
    {
      "date": "2022-06-30T00:00:00",
      "quarter_label": "2022-06 (Q2)",
      "revenue": 14077700000,
      "gross_profit": 1939500000,
      "operating_income": 1706600000,
      "net_income": 1203700000,
      "opex": 12371100000,
      "cogs": 12138200000,
      "rd": null,
      "sga": null,
      "fcf": 1848500000,
      "ocf": 1956700000,
      "capex": -108200000,
      "gross_margin": 0.13777108476526706,
      "op_margin": 0.12122718910049227,
      "fcf_margin": 0.13130696065408412,
      "incr_op_margin_yoy": 0.21715089556812167,
      "rev_growth_yoy": 1.0408675104017164,
      "rev_growth_yoy_accel": 0.18460938824447148,
      "op_leverage_ratio": 1.4717700145679298,
      "fcf_margin_change": 0.11008552481611088
    },
    {
      "date": "2022-09-30T00:00:00",
      "quarter_label": "2022-09 (Q3)",
      "revenue": 12764600000,
      "gross_profit": 1573200000,
      "operating_income": 1400000000,
      "net_income": 1056400000,
      "opex": 11364600000,
      "cogs": 11191400000,
      "rd": null,
      "sga": null,
      "fcf": 1214900000,
      "ocf": 1379900000,
      "capex": -165000000,
      "gross_margin": 0.12324710527552762,
      "op_margin": 0.10967832912899739,
      "fcf_margin": 0.09517728718487066,
      "incr_op_margin_yoy": 0.23290127108768532,
      "rev_growth_yoy": 0.7761420401575132,
      "rev_growth_yoy_accel": -0.26472547024420323,
      "fcf_margin_change": -0.03612967346921346
    },
    {
      "date": "2022-12-31T00:00:00",
      "quarter_label": "2022-12 (Q4)",
      "revenue": 10846300000,
      "gross_profit": 969100000,
      "operating_income": 955600000,
      "net_income": 637800000,
      "opex": 9890700000,
      "cogs": 9877200000,
      "rd": null,
      "sga": null,
      "fcf": 881300000,
      "ocf": 1123100000,
      "capex": -241800000,
      "gross_margin": 0.08934844140398109,
      "op_margin": 0.08810377732498641,
      "fcf_margin": 0.08125351502355642,
      "incr_op_margin_yoy": 0.2553510356223341,
      "rev_growth_yoy": 0.31565987384764677,
      "rev_growth_yoy_accel": -0.46048216630986644,
      "fcf_margin_change": -0.01392377216131424
    },
    {
      "date": "2023-03-31T00:00:00",
      "quarter_label": "2023-03 (Q1)",
      "revenue": 9295000000,
      "gross_profit": 576400000,
      "operating_income": 532400000,
      "net_income": 382100000,
      "opex": 8762600000,
      "cogs": 8718600000,
      "rd": null,
      "sga": null,
      "fcf": 197800000,
      "ocf": 437600000,
      "capex": -239800000,
      "gross_margin": 0.06201183431952663,
      "op_margin": 0.05727810650887574,
      "fcf_margin": 0.021280258203335126,
      "incr_op_margin_yoy": 2.879321591650359,
      "rev_growth_yoy": 0.01676930986577989,
      "rev_growth_yoy_accel": -0.29889056398186686,
      "fcf_margin_change": -0.059973256820221296
    },
    {
      "date": "2023-06-30T00:00:00",
      "quarter_label": "2023-06 (Q2)",
      "revenue": 9157600000,
      "gross_profit": 510400000,
      "operating_income": 1389200000,
      "net_income": 1020400000,
      "opex": 7768400000,
      "cogs": 8647200000,
      "rd": null,
      "sga": null,
      "fcf": -139200000,
      "ocf": 68100000,
      "capex": -207300000,
      "gross_margin": 0.05573512710753909,
      "op_margin": 0.15169913514457936,
      "fcf_margin": -0.015200489211147026,
      "incr_op_margin_yoy": 0.06451088392512347,
      "rev_growth_yoy": -0.3494960114223204,
      "rev_growth_yoy_accel": -0.3662653212881003,
      "fcf_margin_change": -0.03648074741448215
    },
    {
      "date": "2023-09-30T00:00:00",
      "quarter_label": "2023-09 (Q3)",
      "revenue": 10733500000,
      "gross_profit": 1227800000,
      "operating_income": 1077100000,
      "net_income": 786400000,
      "opex": 9656400000,
      "cogs": 9505700000,
      "rd": null,
      "sga": null,
      "fcf": 396100000,
      "ocf": 526900000,
      "capex": -130800000,
      "gross_margin": 0.1143895281129175,
      "op_margin": 0.1003493734569339,
      "fcf_margin": 0.03690315367773792,
      "incr_op_margin_yoy": 0.15897789375215401,
      "rev_growth_yoy": -0.15911975306707613,
      "rev_growth_yoy_accel": 0.19037625835524427,
      "op_leverage_ratio": 0.7080706212529966,
      "fcf_margin_change": 0.05210364288888495
    },
    {
      "date": "2023-12-31T00:00:00",
      "quarter_label": "2023-12 (Q4)",
      "revenue": 9138700000,
      "gross_profit": 84000000,
      "operating_income": -47200000,
      "net_income": -48400000,
      "opex": 9185900000,
      "cogs": 9054700000,
      "rd": null,
      "sga": null,
      "fcf": 224200000,
      "ocf": 305900000,
      "capex": -81700000,
      "gross_margin": 0.00919167934170068,
      "op_margin": -0.0051648483920032386,
      "fcf_margin": 0.024533029862015384,
      "incr_op_margin_yoy": 0.5872569688451628,
      "rev_growth_yoy": -0.15743617639194932,
      "rev_growth_yoy_accel": 0.0016835766751268078,
      "fcf_margin_change": -0.012370123815722538
    },
    {
      "date": "2024-03-31T00:00:00",
      "quarter_label": "2024-03 (Q1)",
      "revenue": 8645600000,
      "gross_profit": 218200000,
      "operating_income": 145100000,
      "net_income": 106600000,
      "opex": 8500500000,
      "cogs": 8427400000,
      "rd": null,
      "sga": null,
      "fcf": -123800000,
      "ocf": 15800000,
      "capex": -139600000,
      "gross_margin": 0.025238271490700473,
      "op_margin": 0.01678310354399926,
      "fcf_margin": -0.014319422596465254,
      "incr_op_margin_yoy": 0.5963966738527872,
      "rev_growth_yoy": -0.06986551909628833,
      "rev_growth_yoy_accel": 0.08757065729566099,
      "fcf_margin_change": -0.03885245245848064
    },
    {
      "date": "2024-06-30T00:00:00",
      "quarter_label": "2024-06 (Q2)",
      "revenue": 8736100000,
      "gross_profit": 6300000,
      "operating_income": -74600000,
      "net_income": -65200000,
      "opex": 8810700000,
      "cogs": 8729800000,
      "rd": null,
      "sga": null,
      "fcf": 371800000,
      "ocf": 425300000,
      "capex": -53500000,
      "gross_margin": 0.000721145591282151,
      "op_margin": -0.008539279541214043,
      "fcf_margin": 0.04255903664106409,
      "incr_op_margin_yoy": 3.472835112692764,
      "rev_growth_yoy": -0.046027343408753384,
      "rev_growth_yoy_accel": 0.023838175687534942,
      "op_leverage_ratio": 0.2868508353619215,
      "fcf_margin_change": 0.05687845923752935
    },
    {
      "date": "2024-09-30T00:00:00",
      "quarter_label": "2024-09 (Q3)",
      "revenue": 8382300000,
      "gross_profit": -288200000,
      "operating_income": -386300000,
      "net_income": -285900000,
      "opex": 8768600000,
      "cogs": 8670500000,
      "rd": null,
      "sga": null,
      "fcf": -169800000,
      "ocf": -68000000,
      "capex": -101800000,
      "gross_margin": -0.03438197153525882,
      "op_margin": -0.04608520334514393,
      "fcf_margin": -0.02025697004402133,
      "incr_op_margin_yoy": 0.6224055801292957,
      "rev_growth_yoy": -0.21905249918479527,
      "rev_growth_yoy_accel": -0.17302515577604188,
      "fcf_margin_change": -0.06281600668508543
    },
    {
      "date": "2024-12-31T00:00:00",
      "quarter_label": "2024-12 (Q4)",
      "revenue": 7351300000,
      "gross_profit": -308500000,
      "operating_income": -383200000,
      "net_income": -289300000,
      "opex": 7734500000,
      "cogs": 7659800000,
      "rd": null,
      "sga": null,
      "fcf": -425700000,
      "ocf": -329700000,
      "capex": -96000000,
      "gross_margin": -0.04196536666984071,
      "op_margin": -0.052126834709507165,
      "fcf_margin": -0.057908125093520876,
      "incr_op_margin_yoy": 0.18798254447801277,
      "rev_growth_yoy": -0.19558580542090231,
      "rev_growth_yoy_accel": 0.02346669376389296,
      "fcf_margin_change": -0.03765115504949955
    },
    {
      "date": "2025-03-31T00:00:00",
      "quarter_label": "2025-03 (Q1)",
      "revenue": 7066400000,
      "gross_profit": -420200000,
      "operating_income": -511200000,
      "net_income": -401800000,
      "opex": 7577600000,
      "cogs": 7486600000,
      "rd": null,
      "sga": null,
      "fcf": -772400000,
      "ocf": -661400000,
      "capex": -111000000,
      "gross_margin": -0.05946450809464508,
      "op_margin": -0.07234235254160534,
      "fcf_margin": -0.10930601154760557,
      "incr_op_margin_yoy": 0.41559017223910844,
      "rev_growth_yoy": -0.1826593874340705,
      "rev_growth_yoy_accel": 0.012926417986831806,
      "fcf_margin_change": -0.05139788645408469
    },
    {
      "date": "2025-06-30T00:00:00",
      "quarter_label": "2025-06 (Q2)",
      "revenue": 7475300000,
      "gross_profit": -58000000,
      "operating_income": 43000000,
      "net_income": -5200000,
      "opex": 7432300000,
      "cogs": 7533300000,
      "rd": null,
      "sga": null,
      "fcf": 35000000,
      "ocf": 191100000,
      "capex": -156100000,
      "gross_margin": -0.007758885930999424,
      "op_margin": 0.005752277500568539,
      "fcf_margin": 0.004682086337672067,
      "incr_op_margin_yoy": -0.0932741116751269,
      "rev_growth_yoy": -0.14432069229976763,
      "rev_growth_yoy_accel": 0.03833869513430288,
      "op_leverage_ratio": Infinity,
      "fcf_margin_change": 0.11398809788527764
    },
    {
      "date": "2025-09-30T00:00:00",
      "quarter_label": "2025-09 (Q3)",
      "revenue": 7651100000,
      "gross_profit": 39200000,
      "operating_income": 285900000,
      "net_income": 170100000,
      "opex": 7365200000,
      "cogs": 7611900000,
      "rd": null,
      "sga": null,
      "fcf": -122800000,
      "ocf": 25700000,
      "capex": -148500000,
      "gross_margin": 0.005123446301838952,
      "op_margin": 0.037367175961626434,
      "fcf_margin": -0.01604997974147508,
      "incr_op_margin_yoy": -0.9193107221006565,
      "rev_growth_yoy": -0.08723142812831801,
      "rev_growth_yoy_accel": 0.05708926417144962,
      "op_leverage_ratio": Infinity,
      "fcf_margin_change": -0.020732066079147148
    }
  ],
  "signals": [
    {
      "quarter": "2025-09 (Q3)",
      "signal": "YoY REVENUE GROWTH ACCELERATION",
      "detail": "YoY growth: -8.7% vs prior quarter YoY: -14.4% (accel: +5.7%)",
      "severity": "MEDIUM"
    },
    {
      "quarter": "2025-09 (Q3)",
      "signal": "OP MARGIN TURNED POSITIVE (YoY)",
      "detail": "Op margin: -4.6% (year-ago) -> +3.7%",
      "severity": "HIGH"
    },
    {
      "quarter": "2025-06 (Q2)",
      "signal": "FCF TURNED POSITIVE",
      "detail": "FCF margin: -10.9% -> +0.5%",
      "severity": "HIGH"
    },
    {
      "quarter": "2025-06 (Q2)",
      "signal": "GROSS MARGIN INFLECTION",
      "detail": "GM: -4.2% -> -5.9% -> -0.8% (reversal +5.2%)",
      "severity": "HIGH"
    },
    {
      "quarter": "2025-06 (Q2)",
      "signal": "OP MARGIN TURNED POSITIVE (YoY)",
      "detail": "Op margin: -0.9% (year-ago) -> +0.6%",
      "severity": "HIGH"
    },
    {
      "quarter": "2025-06 (Q2)",
      "signal": "OP MARGIN TURNED POSITIVE (QoQ)",
      "detail": "Op margin: -7.2% -> +0.6%",
      "severity": "HIGH"
    },
    {
      "quarter": "2024-09 (Q3)",
      "signal": "YoY REVENUE GROWTH DECELERATION",
      "detail": "YoY growth: -21.9% vs prior quarter YoY: -4.6% (decel: -17.3%)",
      "severity": "WARNING"
    },
    {
      "quarter": "2024-06 (Q2)",
      "signal": "FCF TURNED POSITIVE",
      "detail": "FCF margin: -1.4% -> +4.3%",
      "severity": "HIGH"
    },
    {
      "quarter": "2024-03 (Q1)",
      "signal": "YoY REVENUE GROWTH ACCELERATION",
      "detail": "YoY growth: -7.0% vs prior quarter YoY: -15.7% (accel: +8.8%)",
      "severity": "MEDIUM"
    },
    {
      "quarter": "2024-03 (Q1)",
      "signal": "INCREMENTAL MARGIN (YoY)",
      "detail": "YoY Incr OPM: +59.6% vs year-ago OPM: +5.7%",
      "severity": "HIGH"
    },
    {
      "quarter": "2024-03 (Q1)",
      "signal": "OP MARGIN TURNED POSITIVE (QoQ)",
      "detail": "Op margin: -0.5% -> +1.7%",
      "severity": "HIGH"
    },
    {
      "quarter": "2023-09 (Q3)",
      "signal": "FCF TURNED POSITIVE",
      "detail": "FCF margin: -1.5% -> +3.7%",
      "severity": "HIGH"
    },
    {
      "quarter": "2023-09 (Q3)",
      "signal": "GROSS MARGIN INFLECTION",
      "detail": "GM: +6.2% -> +5.6% -> +11.4% (reversal +5.9%)",
      "severity": "HIGH"
    },
    {
      "quarter": "2023-09 (Q3)",
      "signal": "YoY REVENUE GROWTH ACCELERATION",
      "detail": "YoY growth: -15.9% vs prior quarter YoY: -34.9% (accel: +19.0%)",
      "severity": "HIGH"
    },
    {
      "quarter": "2023-06 (Q2)",
      "signal": "YoY REVENUE GROWTH DECELERATION",
      "detail": "YoY growth: -34.9% vs prior quarter YoY: +1.7% (decel: -36.6%)",
      "severity": "WARNING"
    },
    {
      "quarter": "2023-03 (Q1)",
      "signal": "YoY REVENUE GROWTH DECELERATION",
      "detail": "YoY growth: +1.7% vs prior quarter YoY: +31.6% (decel: -29.9%)",
      "severity": "WARNING"
    },
    {
      "quarter": "2023-03 (Q1)",
      "signal": "INCREMENTAL MARGIN (YoY)",
      "detail": "YoY Incr OPM: +287.9% vs year-ago OPM: +1.0%",
      "severity": "HIGH"
    },
    {
      "quarter": "2022-12 (Q4)",
      "signal": "YoY REVENUE GROWTH DECELERATION",
      "detail": "YoY growth: +31.6% vs prior quarter YoY: +77.6% (decel: -46.0%)",
      "severity": "WARNING"
    },
    {
      "quarter": "2022-12 (Q4)",
      "signal": "INCREMENTAL MARGIN (YoY)",
      "detail": "YoY Incr OPM: +25.5% vs year-ago OPM: +3.5%",
      "severity": "HIGH"
    },
    {
      "quarter": "2022-09 (Q3)",
      "signal": "YoY REVENUE GROWTH DECELERATION",
      "detail": "YoY growth: +77.6% vs prior quarter YoY: +104.1% (decel: -26.5%)",
      "severity": "WARNING"
    },
    {
      "quarter": "2022-09 (Q3)",
      "signal": "INCREMENTAL MARGIN (YoY)",
      "detail": "YoY Incr OPM: +23.3% vs year-ago OPM: +1.4%",
      "severity": "HIGH"
    },
    {
      "quarter": "2022-06 (Q2)",
      "signal": "FCF MARGIN EXPANSION",
      "detail": "FCF margin: +2.1% -> +13.1% (+11.0%)",
      "severity": "MEDIUM"
    },
    {
      "quarter": "2022-06 (Q2)",
      "signal": "GROSS MARGIN INFLECTION",
      "detail": "GM: +4.6% -> +2.2% -> +13.8% (reversal +11.6%)",
      "severity": "HIGH"
    },
    {
      "quarter": "2022-06 (Q2)",
      "signal": "YoY REVENUE GROWTH ACCELERATION",
      "detail": "YoY growth: +104.1% vs prior quarter YoY: +85.6% (accel: +18.5%)",
      "severity": "HIGH"
    },
    {
      "quarter": "2022-06 (Q2)",
      "signal": "INCREMENTAL MARGIN (YoY)",
      "detail": "YoY Incr OPM: +21.7% vs year-ago OPM: +2.1%",
      "severity": "MEDIUM"
    },
    {
      "quarter": "2022-03 (Q1)",
      "signal": "YoY REVENUE GROWTH DECELERATION",
      "detail": "YoY growth: +85.6% vs prior quarter YoY: +125.5% (decel: -39.9%)",
      "severity": "WARNING"
    },
    {
      "quarter": "2021-12 (Q4)",
      "signal": "GROSS MARGIN INFLECTION",
      "detail": "GM: +2.9% -> +2.3% -> +4.6% (reversal +2.2%)",
      "severity": "MEDIUM"
    },
    {
      "quarter": "2021-12 (Q4)",
      "signal": "OP MARGIN TURNED POSITIVE (YoY)",
      "detail": "Op margin: -9.0% (year-ago) -> +3.5%",
      "severity": "HIGH"
    },
    {
      "quarter": "2021-06 (Q2)",
      "signal": "FCF TURNED POSITIVE",
      "detail": "FCF margin: -1.0% -> +0.5%",
      "severity": "HIGH"
    },
    {
      "quarter": "2021-03 (Q1)",
      "signal": "OPERATING LEVERAGE",
      "detail": "Rev growth +34.7% vs OpEx growth +22.2% (leverage: 1.6x)",
      "severity": "MEDIUM"
    },
    {
      "quarter": "2021-03 (Q1)",
      "signal": "OP MARGIN TURNED POSITIVE (QoQ)",
      "detail": "Op margin: -9.0% -> +1.2%",
      "severity": "HIGH"
    }
  ],
  "data_quality": {
    "n_quarters": 20,
    "coverage": {
      "revenue": [
        20,
        20
      ],
      "gross_profit": [
        20,
        20
      ],
      "op_income": [
        20,
        20
      ],
      "fcf": [
        20,
        20
      ]
    },
    "gaps": [],
    "warnings": []
  },
  "market_cap": null,
  "source": "SEC EDGAR",
  "last_updated": "2026-02-02T21:14:30.963467"
}