{
  "ticker": "PBYI",
  "name": "PUMA BIOTECHNOLOGY, INC.",
  "quarters": [
    {
      "date": "2020-12-31T00:00:00",
      "quarter_label": "2020-12 (Q4)",
      "revenue": 52557000,
      "gross_profit": 41617000,
      "operating_income": -11149000,
      "net_income": -14994000,
      "opex": 63706000,
      "cogs": 10940000,
      "rd": 24160000,
      "sga": 28606000,
      "fcf": -5658000,
      "ocf": -5635000,
      "capex": -23000,
      "gross_margin": 0.7918450444279544,
      "op_margin": -0.21213159046368704,
      "fcf_margin": -0.1076545464923797
    },
    {
      "date": "2021-03-31T00:00:00",
      "quarter_label": "2021-03 (Q1)",
      "revenue": 98169000,
      "gross_profit": 68612000,
      "operating_income": 20146000,
      "net_income": 16528000,
      "opex": 78023000,
      "cogs": 29557000,
      "rd": 20228000,
      "sga": 28238000,
      "fcf": 15661000,
      "ocf": 15661000,
      "capex": null,
      "gross_margin": 0.6989171734457924,
      "op_margin": 0.2052175330297752,
      "fcf_margin": 0.15953101284519552,
      "op_leverage_ratio": 3.8616851368463854,
      "fcf_margin_change": 0.2671855593375752
    },
    {
      "date": "2021-06-30T00:00:00",
      "quarter_label": "2021-06 (Q2)",
      "revenue": 53384000,
      "gross_profit": 41415000,
      "operating_income": -16633000,
      "net_income": -5106000,
      "opex": 70017000,
      "cogs": 11969000,
      "rd": 18638000,
      "sga": 39410000,
      "fcf": -74000,
      "ocf": -74000,
      "capex": null,
      "gross_margin": 0.7757942454668065,
      "op_margin": -0.3115727558819122,
      "fcf_margin": -0.0013861831260302713,
      "fcf_margin_change": -0.1609171959712258
    },
    {
      "date": "2021-09-30T00:00:00",
      "quarter_label": "2021-09 (Q3)",
      "revenue": 46245000,
      "gross_profit": 35966000,
      "operating_income": -8954000,
      "net_income": -44672000,
      "opex": 55199000,
      "cogs": 10279000,
      "rd": 18836000,
      "sga": 26084000,
      "fcf": 10498000,
      "ocf": 10498000,
      "capex": null,
      "gross_margin": 0.7777273218726348,
      "op_margin": -0.19362093199264785,
      "fcf_margin": 0.22700832522434858,
      "fcf_margin_change": 0.22839450835037886
    },
    {
      "date": "2021-12-31T00:00:00",
      "quarter_label": "2021-12 (Q4)",
      "revenue": 55357000,
      "gross_profit": 43462000,
      "operating_income": 6832000,
      "net_income": 4224000,
      "opex": 48525000,
      "cogs": 11895000,
      "rd": 14168000,
      "sga": 22462000,
      "fcf": -5435000,
      "ocf": -5435000,
      "capex": null,
      "gross_margin": 0.7851220261213577,
      "op_margin": 0.12341709268927145,
      "fcf_margin": -0.09818089853135105,
      "incr_op_margin_yoy": 6.421785714285714,
      "rev_growth_yoy": 0.0532754913712731,
      "op_leverage_ratio": Infinity,
      "fcf_margin_change": -0.32518922375569964
    },
    {
      "date": "2022-03-31T00:00:00",
      "quarter_label": "2022-03 (Q1)",
      "revenue": 45736000,
      "gross_profit": 34892000,
      "operating_income": -747000,
      "net_income": -3403000,
      "opex": 46483000,
      "cogs": 10844000,
      "rd": 15237000,
      "sga": 20402000,
      "fcf": -26895000,
      "ocf": -26895000,
      "capex": null,
      "gross_margin": 0.7629001224418401,
      "op_margin": -0.016332866888228093,
      "fcf_margin": -0.5880488018191359,
      "incr_op_margin_yoy": 0.39847042892834666,
      "rev_growth_yoy": -0.5341095457832921,
      "rev_growth_yoy_accel": -0.5873850371545651,
      "fcf_margin_change": -0.48986790328778484
    },
    {
      "date": "2022-06-30T00:00:00",
      "quarter_label": "2022-06 (Q2)",
      "revenue": 59518000,
      "gross_profit": 44600000,
      "operating_income": 12058000,
      "net_income": 9371000,
      "opex": 47460000,
      "cogs": 14918000,
      "rd": 11966000,
      "sga": 20576000,
      "fcf": -13874000,
      "ocf": -13874000,
      "capex": null,
      "gross_margin": 0.7493531368661581,
      "op_margin": 0.20259417319130346,
      "fcf_margin": -0.23310595114083135,
      "incr_op_margin_yoy": 4.677372024779915,
      "rev_growth_yoy": 0.114903341825266,
      "rev_growth_yoy_accel": 0.649012887608558,
      "op_leverage_ratio": 14.336847053688393,
      "fcf_margin_change": 0.35494285067830456
    },
    {
      "date": "2022-09-30T00:00:00",
      "quarter_label": "2022-09 (Q3)",
      "revenue": 57102000,
      "gross_profit": 44607000,
      "operating_income": 2393000,
      "net_income": -360000,
      "opex": 54709000,
      "cogs": 12495000,
      "rd": null,
      "sga": 23961000,
      "fcf": 17259000,
      "ocf": 17259000,
      "capex": null,
      "gross_margin": 0.7811810444467795,
      "op_margin": 0.0419074638366432,
      "fcf_margin": 0.3022486077545445,
      "incr_op_margin_yoy": 1.0451321727917473,
      "rev_growth_yoy": 0.23477132662990594,
      "rev_growth_yoy_accel": 0.11986798480463993,
      "fcf_margin_change": 0.5353545588953759
    },
    {
      "date": "2022-12-31T00:00:00",
      "quarter_label": "2022-12 (Q4)",
      "revenue": 65675000,
      "gross_profit": 48839000,
      "operating_income": 10016000,
      "net_income": -5606000,
      "opex": 55659000,
      "cogs": 16836000,
      "rd": null,
      "sga": 25039000,
      "fcf": 7683000,
      "ocf": 7683000,
      "capex": null,
      "gross_margin": 0.7436467453368861,
      "op_margin": 0.1525085649029311,
      "fcf_margin": 0.11698515416825275,
      "incr_op_margin_yoy": 0.30858693545260707,
      "rev_growth_yoy": 0.18639015842621529,
      "rev_growth_yoy_accel": -0.04838116820369065,
      "op_leverage_ratio": 8.646028750029956,
      "fcf_margin_change": -0.18526345358629173
    },
    {
      "date": "2023-03-31T00:00:00",
      "quarter_label": "2023-03 (Q1)",
      "revenue": 52775000,
      "gross_profit": 39557000,
      "operating_income": 4365000,
      "net_income": 1401000,
      "opex": 48410000,
      "cogs": 13218000,
      "rd": null,
      "sga": 22486000,
      "fcf": 2643000,
      "ocf": 2643000,
      "capex": null,
      "gross_margin": 0.7495405021316911,
      "op_margin": 0.0827096162955945,
      "fcf_margin": 0.050080530554239694,
      "incr_op_margin_yoy": 0.7262395226594687,
      "rev_growth_yoy": 0.15390502011544516,
      "rev_growth_yoy_accel": -0.03248513831077013,
      "fcf_margin_change": -0.06690462361401306
    },
    {
      "date": "2023-06-30T00:00:00",
      "quarter_label": "2023-06 (Q2)",
      "revenue": 54568000,
      "gross_profit": 42711000,
      "operating_income": 4892000,
      "net_income": 2126000,
      "opex": 49676000,
      "cogs": 11857000,
      "rd": null,
      "sga": 24462000,
      "fcf": 3296000,
      "ocf": 3296000,
      "capex": null,
      "gross_margin": 0.7827114792552412,
      "op_margin": 0.08964961149391584,
      "fcf_margin": 0.0604017006304061,
      "incr_op_margin_yoy": 1.4476767676767677,
      "rev_growth_yoy": -0.08316811720823952,
      "rev_growth_yoy_accel": -0.23707313732368468,
      "op_leverage_ratio": 1.299132431265402,
      "fcf_margin_change": 0.010321170076166404
    },
    {
      "date": "2023-09-30T00:00:00",
      "quarter_label": "2023-09 (Q3)",
      "revenue": 56116000,
      "gross_profit": 42832000,
      "operating_income": 8585000,
      "net_income": 5796000,
      "opex": 47531000,
      "cogs": 13284000,
      "rd": null,
      "sga": 22801000,
      "fcf": 10588000,
      "ocf": 10615000,
      "capex": -27000,
      "gross_margin": 0.7632760709957944,
      "op_margin": 0.15298667046831563,
      "fcf_margin": 0.18868059020600186,
      "rev_growth_yoy": -0.017267346152499037,
      "rev_growth_yoy_accel": 0.06590077105574049,
      "op_leverage_ratio": Infinity,
      "fcf_margin_change": 0.12827888957559577
    },
    {
      "date": "2023-12-31T00:00:00",
      "quarter_label": "2023-12 (Q4)",
      "revenue": 72178000,
      "gross_profit": 47855000,
      "operating_income": 14798000,
      "net_income": 12268000,
      "opex": 57380000,
      "cogs": 24323000,
      "rd": null,
      "sga": 20184000,
      "fcf": 10410000,
      "ocf": 10455000,
      "capex": -45000,
      "gross_margin": 0.663013660672227,
      "op_margin": 0.20502092050209206,
      "fcf_margin": 0.14422677270082296,
      "incr_op_margin_yoy": 0.735352914039674,
      "rev_growth_yoy": 0.09901789113056719,
      "rev_growth_yoy_accel": 0.11628523728306622,
      "op_leverage_ratio": 1.3813309065831978,
      "fcf_margin_change": -0.044453817505178905
    },
    {
      "date": "2024-03-31T00:00:00",
      "quarter_label": "2024-03 (Q1)",
      "revenue": 43766000,
      "gross_profit": 33038000,
      "operating_income": -2299000,
      "net_income": -4815000,
      "opex": 46065000,
      "cogs": 10728000,
      "rd": null,
      "sga": 21750000,
      "fcf": 11246000,
      "ocf": 11246000,
      "capex": null,
      "gross_margin": 0.7548782159667322,
      "op_margin": -0.05252936069094731,
      "fcf_margin": 0.2569574555591098,
      "incr_op_margin_yoy": 0.7397047397047397,
      "rev_growth_yoy": -0.17070582662245382,
      "rev_growth_yoy_accel": -0.269723717753021,
      "fcf_margin_change": 0.11273068285828686
    },
    {
      "date": "2024-06-30T00:00:00",
      "quarter_label": "2024-06 (Q2)",
      "revenue": 47083000,
      "gross_profit": 36425000,
      "operating_income": -2179000,
      "net_income": -4529000,
      "opex": 49262000,
      "cogs": 10658000,
      "rd": null,
      "sga": 24972000,
      "fcf": 1007000,
      "ocf": 1027000,
      "capex": -20000,
      "gross_margin": 0.7736337956374912,
      "op_margin": -0.046279973663530365,
      "fcf_margin": 0.02138776203725336,
      "incr_op_margin_yoy": 0.944689378757515,
      "rev_growth_yoy": -0.13716830376777597,
      "rev_growth_yoy_accel": 0.03353752285467784,
      "op_leverage_ratio": 1.092036249425046,
      "fcf_margin_change": -0.23556969352185644
    },
    {
      "date": "2024-09-30T00:00:00",
      "quarter_label": "2024-09 (Q3)",
      "revenue": 80542000,
      "gross_profit": 51445000,
      "operating_income": 22079000,
      "net_income": 20317000,
      "opex": 58463000,
      "cogs": 29097000,
      "rd": null,
      "sga": 16819000,
      "fcf": 11018000,
      "ocf": 11038000,
      "capex": -20000,
      "gross_margin": 0.6387350699014179,
      "op_margin": 0.2741302674381068,
      "fcf_margin": 0.13679819224752304,
      "incr_op_margin_yoy": 0.5524441169245885,
      "rev_growth_yoy": 0.4352769263668116,
      "rev_growth_yoy_accel": 0.5724452301345876,
      "op_leverage_ratio": 3.804747488186943,
      "fcf_margin_change": 0.11541043021026968
    },
    {
      "date": "2024-12-31T00:00:00",
      "quarter_label": "2024-12 (Q4)",
      "revenue": 59077000,
      "gross_profit": 45156000,
      "operating_income": 13365000,
      "net_income": 19305000,
      "opex": 45712000,
      "cogs": 13921000,
      "rd": null,
      "sga": 16622000,
      "fcf": 15591000,
      "ocf": 15607000,
      "capex": -16000,
      "gross_margin": 0.7643583797416931,
      "op_margin": 0.2262301741794607,
      "fcf_margin": 0.26390981261743146,
      "incr_op_margin_yoy": 0.1093809632852454,
      "rev_growth_yoy": -0.1815096012635429,
      "rev_growth_yoy_accel": -0.6167865276303545,
      "fcf_margin_change": 0.12711162036990842
    },
    {
      "date": "2025-03-31T00:00:00",
      "quarter_label": "2025-03 (Q1)",
      "revenue": 46007000,
      "gross_profit": 35451000,
      "operating_income": 3984000,
      "net_income": 2974000,
      "opex": 42023000,
      "cogs": 10556000,
      "rd": null,
      "sga": 17604000,
      "fcf": 3551000,
      "ocf": 3612000,
      "capex": -61000,
      "gross_margin": 0.7705566544221532,
      "op_margin": 0.08659551807333667,
      "fcf_margin": 0.0771839067967918,
      "incr_op_margin_yoy": 2.8036590807675146,
      "rev_growth_yoy": 0.05120413106064068,
      "rev_growth_yoy_accel": 0.23271373232418358,
      "fcf_margin_change": -0.18672590582063966
    },
    {
      "date": "2025-06-30T00:00:00",
      "quarter_label": "2025-06 (Q2)",
      "revenue": 52436000,
      "gross_profit": 40135000,
      "operating_income": 6636000,
      "net_income": 5855000,
      "opex": 45800000,
      "cogs": 12301000,
      "rd": null,
      "sga": 18047000,
      "fcf": 14062000,
      "ocf": 14082000,
      "capex": -20000,
      "gross_margin": 0.7654092608131818,
      "op_margin": 0.1265542756884583,
      "fcf_margin": 0.26817453657792356,
      "incr_op_margin_yoy": 1.6467401457126845,
      "rev_growth_yoy": 0.11369284030329418,
      "rev_growth_yoy_accel": 0.062488709242653505,
      "op_leverage_ratio": 1.5547464692365682,
      "fcf_margin_change": 0.19099062978113177
    },
    {
      "date": "2025-09-30T00:00:00",
      "quarter_label": "2025-09 (Q3)",
      "revenue": 54475000,
      "gross_profit": 42302000,
      "operating_income": 9573000,
      "net_income": 8844000,
      "opex": 44902000,
      "cogs": 12173000,
      "rd": null,
      "sga": 16817000,
      "fcf": 9663000,
      "ocf": 9689000,
      "capex": -26000,
      "gross_margin": 0.7765396971087655,
      "op_margin": 0.17573198715006885,
      "fcf_margin": 0.1773841211564938,
      "incr_op_margin_yoy": 0.47976368588636975,
      "rev_growth_yoy": -0.32364480643639343,
      "rev_growth_yoy_accel": -0.4373376467396876,
      "op_leverage_ratio": Infinity,
      "fcf_margin_change": -0.09079041542142977
    }
  ],
  "signals": [
    {
      "quarter": "2025-09 (Q3)",
      "signal": "YoY REVENUE GROWTH DECELERATION",
      "detail": "YoY growth: -32.4% vs prior quarter YoY: +11.4% (decel: -43.7%)",
      "severity": "WARNING"
    },
    {
      "quarter": "2025-09 (Q3)",
      "signal": "INCREMENTAL MARGIN (YoY)",
      "detail": "YoY Incr OPM: +48.0% vs year-ago OPM: +27.4%",
      "severity": "HIGH"
    },
    {
      "quarter": "2025-06 (Q2)",
      "signal": "FCF MARGIN EXPANSION",
      "detail": "FCF margin: +7.7% -> +26.8% (+19.1%)",
      "severity": "MEDIUM"
    },
    {
      "quarter": "2025-06 (Q2)",
      "signal": "OPERATING LEVERAGE",
      "detail": "Rev growth +14.0% vs OpEx growth +9.0% (leverage: 1.6x)",
      "severity": "MEDIUM"
    },
    {
      "quarter": "2025-06 (Q2)",
      "signal": "YoY REVENUE GROWTH ACCELERATION",
      "detail": "YoY growth: +11.4% vs prior quarter YoY: +5.1% (accel: +6.2%)",
      "severity": "MEDIUM"
    },
    {
      "quarter": "2025-06 (Q2)",
      "signal": "OP MARGIN TURNED POSITIVE (YoY)",
      "detail": "Op margin: -4.6% (year-ago) -> +12.7%",
      "severity": "HIGH"
    },
    {
      "quarter": "2025-03 (Q1)",
      "signal": "YoY REVENUE GROWTH ACCELERATION",
      "detail": "YoY growth: +5.1% vs prior quarter YoY: -18.2% (accel: +23.3%)",
      "severity": "HIGH"
    },
    {
      "quarter": "2025-03 (Q1)",
      "signal": "OP MARGIN TURNED POSITIVE (YoY)",
      "detail": "Op margin: -5.3% (year-ago) -> +8.7%",
      "severity": "HIGH"
    },
    {
      "quarter": "2024-12 (Q4)",
      "signal": "FCF MARGIN EXPANSION",
      "detail": "FCF margin: +13.7% -> +26.4% (+12.7%)",
      "severity": "MEDIUM"
    },
    {
      "quarter": "2024-12 (Q4)",
      "signal": "GROSS MARGIN INFLECTION",
      "detail": "GM: +77.4% -> +63.9% -> +76.4% (reversal +12.6%)",
      "severity": "HIGH"
    },
    {
      "quarter": "2024-12 (Q4)",
      "signal": "YoY REVENUE GROWTH DECELERATION",
      "detail": "YoY growth: -18.2% vs prior quarter YoY: +43.5% (decel: -61.7%)",
      "severity": "WARNING"
    },
    {
      "quarter": "2024-09 (Q3)",
      "signal": "FCF MARGIN EXPANSION",
      "detail": "FCF margin: +2.1% -> +13.7% (+11.5%)",
      "severity": "MEDIUM"
    },
    {
      "quarter": "2024-09 (Q3)",
      "signal": "OPERATING LEVERAGE",
      "detail": "Rev growth +71.1% vs OpEx growth +18.7% (leverage: 3.8x)",
      "severity": "MEDIUM"
    },
    {
      "quarter": "2024-09 (Q3)",
      "signal": "YoY REVENUE GROWTH ACCELERATION",
      "detail": "YoY growth: +43.5% vs prior quarter YoY: -13.7% (accel: +57.2%)",
      "severity": "HIGH"
    },
    {
      "quarter": "2024-09 (Q3)",
      "signal": "INCREMENTAL MARGIN (YoY)",
      "detail": "YoY Incr OPM: +55.2% vs year-ago OPM: +15.3%",
      "severity": "HIGH"
    },
    {
      "quarter": "2024-09 (Q3)",
      "signal": "OP MARGIN TURNED POSITIVE (QoQ)",
      "detail": "Op margin: -4.6% -> +27.4%",
      "severity": "HIGH"
    },
    {
      "quarter": "2024-03 (Q1)",
      "signal": "FCF MARGIN EXPANSION",
      "detail": "FCF margin: +14.4% -> +25.7% (+11.3%)",
      "severity": "MEDIUM"
    },
    {
      "quarter": "2024-03 (Q1)",
      "signal": "GROSS MARGIN INFLECTION",
      "detail": "GM: +76.3% -> +66.3% -> +75.5% (reversal +9.2%)",
      "severity": "HIGH"
    },
    {
      "quarter": "2024-03 (Q1)",
      "signal": "YoY REVENUE GROWTH DECELERATION",
      "detail": "YoY growth: -17.1% vs prior quarter YoY: +9.9% (decel: -27.0%)",
      "severity": "WARNING"
    },
    {
      "quarter": "2023-12 (Q4)",
      "signal": "YoY REVENUE GROWTH ACCELERATION",
      "detail": "YoY growth: +9.9% vs prior quarter YoY: -1.7% (accel: +11.6%)",
      "severity": "MEDIUM"
    },
    {
      "quarter": "2023-12 (Q4)",
      "signal": "INCREMENTAL MARGIN (YoY)",
      "detail": "YoY Incr OPM: +73.5% vs year-ago OPM: +15.3%",
      "severity": "HIGH"
    },
    {
      "quarter": "2023-09 (Q3)",
      "signal": "FCF MARGIN EXPANSION",
      "detail": "FCF margin: +6.0% -> +18.9% (+12.8%)",
      "severity": "MEDIUM"
    },
    {
      "quarter": "2023-09 (Q3)",
      "signal": "YoY REVENUE GROWTH ACCELERATION",
      "detail": "YoY growth: -1.7% vs prior quarter YoY: -8.3% (accel: +6.6%)",
      "severity": "MEDIUM"
    },
    {
      "quarter": "2023-06 (Q2)",
      "signal": "YoY REVENUE GROWTH DECELERATION",
      "detail": "YoY growth: -8.3% vs prior quarter YoY: +15.4% (decel: -23.7%)",
      "severity": "WARNING"
    },
    {
      "quarter": "2023-06 (Q2)",
      "signal": "INCREMENTAL MARGIN (YoY)",
      "detail": "YoY Incr OPM: +144.8% vs year-ago OPM: +20.3%",
      "severity": "HIGH"
    },
    {
      "quarter": "2023-03 (Q1)",
      "signal": "OP MARGIN TURNED POSITIVE (YoY)",
      "detail": "Op margin: -1.6% (year-ago) -> +8.3%",
      "severity": "HIGH"
    },
    {
      "quarter": "2022-12 (Q4)",
      "signal": "OPERATING LEVERAGE",
      "detail": "Rev growth +15.0% vs OpEx growth +1.7% (leverage: 8.6x)",
      "severity": "MEDIUM"
    },
    {
      "quarter": "2022-12 (Q4)",
      "signal": "INCREMENTAL MARGIN (YoY)",
      "detail": "YoY Incr OPM: +30.9% vs year-ago OPM: +12.3%",
      "severity": "MEDIUM"
    },
    {
      "quarter": "2022-09 (Q3)",
      "signal": "FCF TURNED POSITIVE",
      "detail": "FCF margin: -23.3% -> +30.2%",
      "severity": "HIGH"
    },
    {
      "quarter": "2022-09 (Q3)",
      "signal": "GROSS MARGIN INFLECTION",
      "detail": "GM: +76.3% -> +74.9% -> +78.1% (reversal +3.2%)",
      "severity": "MEDIUM"
    },
    {
      "quarter": "2022-09 (Q3)",
      "signal": "YoY REVENUE GROWTH ACCELERATION",
      "detail": "YoY growth: +23.5% vs prior quarter YoY: +11.5% (accel: +12.0%)",
      "severity": "MEDIUM"
    },
    {
      "quarter": "2022-09 (Q3)",
      "signal": "OP MARGIN TURNED POSITIVE (YoY)",
      "detail": "Op margin: -19.4% (year-ago) -> +4.2%",
      "severity": "HIGH"
    },
    {
      "quarter": "2022-06 (Q2)",
      "signal": "FCF MARGIN EXPANSION",
      "detail": "FCF margin: -58.8% -> -23.3% (+35.5%)",
      "severity": "MEDIUM"
    },
    {
      "quarter": "2022-06 (Q2)",
      "signal": "OPERATING LEVERAGE",
      "detail": "Rev growth +30.1% vs OpEx growth +2.1% (leverage: 14.3x)",
      "severity": "MEDIUM"
    },
    {
      "quarter": "2022-06 (Q2)",
      "signal": "YoY REVENUE GROWTH ACCELERATION",
      "detail": "YoY growth: +11.5% vs prior quarter YoY: -53.4% (accel: +64.9%)",
      "severity": "HIGH"
    },
    {
      "quarter": "2022-06 (Q2)",
      "signal": "OP MARGIN TURNED POSITIVE (YoY)",
      "detail": "Op margin: -31.2% (year-ago) -> +20.3%",
      "severity": "HIGH"
    },
    {
      "quarter": "2022-06 (Q2)",
      "signal": "OP MARGIN TURNED POSITIVE (QoQ)",
      "detail": "Op margin: -1.6% -> +20.3%",
      "severity": "HIGH"
    },
    {
      "quarter": "2022-03 (Q1)",
      "signal": "YoY REVENUE GROWTH DECELERATION",
      "detail": "YoY growth: -53.4% vs prior quarter YoY: +5.3% (decel: -58.7%)",
      "severity": "WARNING"
    },
    {
      "quarter": "2021-12 (Q4)",
      "signal": "OP MARGIN TURNED POSITIVE (YoY)",
      "detail": "Op margin: -21.2% (year-ago) -> +12.3%",
      "severity": "HIGH"
    },
    {
      "quarter": "2021-12 (Q4)",
      "signal": "OP MARGIN TURNED POSITIVE (QoQ)",
      "detail": "Op margin: -19.4% -> +12.3%",
      "severity": "HIGH"
    },
    {
      "quarter": "2021-09 (Q3)",
      "signal": "FCF TURNED POSITIVE",
      "detail": "FCF margin: -0.1% -> +22.7%",
      "severity": "HIGH"
    },
    {
      "quarter": "2021-06 (Q2)",
      "signal": "GROSS MARGIN INFLECTION",
      "detail": "GM: +79.2% -> +69.9% -> +77.6% (reversal +7.7%)",
      "severity": "HIGH"
    },
    {
      "quarter": "2021-03 (Q1)",
      "signal": "FCF TURNED POSITIVE",
      "detail": "FCF margin: -10.8% -> +16.0%",
      "severity": "HIGH"
    },
    {
      "quarter": "2021-03 (Q1)",
      "signal": "OPERATING LEVERAGE",
      "detail": "Rev growth +86.8% vs OpEx growth +22.5% (leverage: 3.9x)",
      "severity": "MEDIUM"
    },
    {
      "quarter": "2021-03 (Q1)",
      "signal": "OP MARGIN TURNED POSITIVE (QoQ)",
      "detail": "Op margin: -21.2% -> +20.5%",
      "severity": "HIGH"
    }
  ],
  "data_quality": {
    "n_quarters": 20,
    "coverage": {
      "revenue": [
        20,
        20
      ],
      "gross_profit": [
        20,
        20
      ],
      "op_income": [
        20,
        20
      ],
      "fcf": [
        20,
        20
      ]
    },
    "gaps": [],
    "warnings": []
  },
  "market_cap": null,
  "source": "SEC EDGAR",
  "last_updated": "2026-02-02T22:42:16.990088"
}