{
  "ticker": "PCH",
  "name": "POTLATCHDELTIC CORP",
  "quarters": [
    {
      "date": "2020-12-31T00:00:00",
      "quarter_label": "2020-12 (Q4)",
      "revenue": 337449000,
      "gross_profit": 153589000,
      "operating_income": 133134000,
      "net_income": 100017000,
      "opex": 204315000,
      "cogs": 183860000,
      "rd": null,
      "sga": 20455000,
      "fcf": 144418000,
      "ocf": 144418000,
      "capex": null,
      "gross_margin": 0.4551472963321865,
      "op_margin": 0.39453072908795106,
      "fcf_margin": 0.42796985618567546
    },
    {
      "date": "2021-03-31T00:00:00",
      "quarter_label": "2021-03 (Q1)",
      "revenue": 354193000,
      "gross_profit": 184891000,
      "operating_income": 168133000,
      "net_income": 131106000,
      "opex": 186060000,
      "cogs": 169302000,
      "rd": null,
      "sga": 16758000,
      "fcf": 169965000,
      "ocf": 169965000,
      "capex": null,
      "gross_margin": 0.5220063637621297,
      "op_margin": 0.47469317575446157,
      "fcf_margin": 0.47986549705951276,
      "op_leverage_ratio": Infinity,
      "fcf_margin_change": 0.0518956408738373
    },
    {
      "date": "2021-06-30T00:00:00",
      "quarter_label": "2021-06 (Q2)",
      "revenue": 447506000,
      "gross_profit": 269727000,
      "operating_income": 250215000,
      "net_income": 187905000,
      "opex": 197291000,
      "cogs": 177779000,
      "rd": null,
      "sga": 19512000,
      "fcf": 171375000,
      "ocf": 171375000,
      "capex": null,
      "gross_margin": 0.6027338180940591,
      "op_margin": 0.5591321680603165,
      "fcf_margin": 0.3829557592523899,
      "op_leverage_ratio": 4.364522811043,
      "fcf_margin_change": -0.09690973780712286
    },
    {
      "date": "2021-09-30T00:00:00",
      "quarter_label": "2021-09 (Q3)",
      "revenue": 287330000,
      "gross_profit": 96728000,
      "operating_income": 82610000,
      "net_income": 65667000,
      "opex": 204720000,
      "cogs": 190602000,
      "rd": null,
      "sga": 18512000,
      "fcf": 111902000,
      "ocf": 111902000,
      "capex": null,
      "gross_margin": 0.336644276615738,
      "op_margin": 0.2875091358368427,
      "fcf_margin": 0.3894546340444785,
      "fcf_margin_change": 0.006498874792088605
    },
    {
      "date": "2021-12-31T00:00:00",
      "quarter_label": "2021-12 (Q4)",
      "revenue": 248406000,
      "gross_profit": 70243000,
      "operating_income": 50560000,
      "net_income": 39182000,
      "opex": 197846000,
      "cogs": 178163000,
      "rd": null,
      "sga": 18650000,
      "fcf": 51644000,
      "ocf": 51644000,
      "capex": null,
      "gross_margin": 0.28277497322931006,
      "op_margin": 0.20353775673695482,
      "fcf_margin": 0.20790158047712212,
      "incr_op_margin_yoy": 0.9273497074447177,
      "rev_growth_yoy": -0.2638709849488367,
      "fcf_margin_change": -0.18155305356735638
    },
    {
      "date": "2022-03-31T00:00:00",
      "quarter_label": "2022-03 (Q1)",
      "revenue": 411350000,
      "gross_profit": 231503000,
      "operating_income": 214933000,
      "net_income": 163880000,
      "opex": 196417000,
      "cogs": 179847000,
      "rd": null,
      "sga": 16294000,
      "fcf": 230299000,
      "ocf": 230299000,
      "capex": null,
      "gross_margin": 0.5627883797252947,
      "op_margin": 0.5225063814270087,
      "fcf_margin": 0.5598614318706697,
      "incr_op_margin_yoy": 0.8187973476564551,
      "rev_growth_yoy": 0.16137247207031194,
      "rev_growth_yoy_accel": 0.4252434570191487,
      "op_leverage_ratio": Infinity,
      "fcf_margin_change": 0.3519598513935476
    },
    {
      "date": "2022-06-30T00:00:00",
      "quarter_label": "2022-06 (Q2)",
      "revenue": 359597000,
      "gross_profit": 168263000,
      "operating_income": 157719000,
      "net_income": 120222000,
      "opex": 201878000,
      "cogs": 191334000,
      "rd": null,
      "sga": 20412000,
      "fcf": 147887000,
      "ocf": 147887000,
      "capex": null,
      "gross_margin": 0.46792103382397515,
      "op_margin": 0.4385993209064592,
      "fcf_margin": 0.41125760226030805,
      "incr_op_margin_yoy": 1.0521789577858922,
      "rev_growth_yoy": -0.19644205887742286,
      "rev_growth_yoy_accel": -0.3578145309477348,
      "fcf_margin_change": -0.14860382961036167
    },
    {
      "date": "2022-09-30T00:00:00",
      "quarter_label": "2022-09 (Q3)",
      "revenue": 306693000,
      "gross_profit": 85817000,
      "operating_income": 65845000,
      "net_income": 45955000,
      "opex": 240848000,
      "cogs": 220876000,
      "rd": null,
      "sga": 18878000,
      "fcf": 80251000,
      "ocf": 80251000,
      "capex": null,
      "gross_margin": 0.27981401597036776,
      "op_margin": 0.21469352088244598,
      "fcf_margin": 0.26166557436915744,
      "incr_op_margin_yoy": -0.8658265764602593,
      "rev_growth_yoy": 0.0673894128702189,
      "rev_growth_yoy_accel": 0.26383147174764177,
      "fcf_margin_change": -0.14959202789115061
    },
    {
      "date": "2022-12-31T00:00:00",
      "quarter_label": "2022-12 (Q4)",
      "revenue": 253140000,
      "gross_profit": 38375000,
      "operating_income": 10585000,
      "net_income": 3843000,
      "opex": 242555000,
      "cogs": 214765000,
      "rd": null,
      "sga": 20922000,
      "fcf": 33464000,
      "ocf": 33464000,
      "capex": null,
      "gross_margin": 0.15159595480761634,
      "op_margin": 0.04181480603618551,
      "fcf_margin": 0.1321956229754286,
      "incr_op_margin_yoy": -8.44423320659062,
      "rev_growth_yoy": 0.01905751068814763,
      "rev_growth_yoy_accel": -0.04833190218207128,
      "fcf_margin_change": -0.12946995139372883
    },
    {
      "date": "2023-03-31T00:00:00",
      "quarter_label": "2023-03 (Q1)",
      "revenue": 257962000,
      "gross_profit": 33612000,
      "operating_income": 13173000,
      "net_income": 16260000,
      "opex": 244789000,
      "cogs": 224350000,
      "rd": null,
      "sga": 18230000,
      "fcf": 39139000,
      "ocf": 39139000,
      "capex": null,
      "gross_margin": 0.13029826098417596,
      "op_margin": 0.051065660833766215,
      "fcf_margin": 0.15172389731820965,
      "incr_op_margin_yoy": 1.315357133543693,
      "rev_growth_yoy": -0.37288926704752645,
      "rev_growth_yoy_accel": -0.3919467777356741,
      "op_leverage_ratio": 2.068204568170776,
      "fcf_margin_change": 0.019528274342781038
    },
    {
      "date": "2023-06-30T00:00:00",
      "quarter_label": "2023-06 (Q2)",
      "revenue": 246101000,
      "gross_profit": 31038000,
      "operating_income": 36319000,
      "net_income": 22306000,
      "opex": 209782000,
      "cogs": 215063000,
      "rd": null,
      "sga": 17585000,
      "fcf": 37218000,
      "ocf": 37218000,
      "capex": null,
      "gross_margin": 0.12611895116232766,
      "op_margin": 0.1475776205704162,
      "fcf_margin": 0.15123059231778824,
      "incr_op_margin_yoy": 1.0696412208359767,
      "rev_growth_yoy": -0.31561998570622113,
      "rev_growth_yoy_accel": 0.05726928134130532,
      "fcf_margin_change": -0.0004933050004214123
    },
    {
      "date": "2023-09-30T00:00:00",
      "quarter_label": "2023-09 (Q3)",
      "revenue": 265509000,
      "gross_profit": 39206000,
      "operating_income": 36229000,
      "net_income": 23675000,
      "opex": 229280000,
      "cogs": 226303000,
      "rd": null,
      "sga": 19303000,
      "fcf": 40951000,
      "ocf": 40951000,
      "capex": null,
      "gross_margin": 0.14766354436196136,
      "op_margin": 0.13645111841783142,
      "fcf_margin": 0.1542358262808417,
      "incr_op_margin_yoy": 0.7191142191142191,
      "rev_growth_yoy": -0.1342841212548053,
      "rev_growth_yoy_accel": 0.18133586445141583,
      "op_leverage_ratio": 0.8484877187388122,
      "fcf_margin_change": 0.0030052339630534664
    },
    {
      "date": "2023-12-31T00:00:00",
      "quarter_label": "2023-12 (Q4)",
      "revenue": 254503000,
      "gross_profit": 20641000,
      "operating_income": 29000,
      "net_income": -140000,
      "opex": 254474000,
      "cogs": 233862000,
      "rd": null,
      "sga": 20612000,
      "fcf": 41803000,
      "ocf": 41803000,
      "capex": null,
      "gross_margin": 0.08110316970723332,
      "op_margin": 0.00011394757625646849,
      "fcf_margin": 0.1642534665603156,
      "incr_op_margin_yoy": -7.74468085106383,
      "rev_growth_yoy": 0.005384372284111559,
      "rev_growth_yoy_accel": 0.13966849353891686,
      "fcf_margin_change": 0.010017640279473883
    },
    {
      "date": "2024-03-31T00:00:00",
      "quarter_label": "2024-03 (Q1)",
      "revenue": 228127000,
      "gross_profit": 15967000,
      "operating_income": -4760000,
      "net_income": -305000,
      "opex": 232887000,
      "cogs": 212160000,
      "rd": null,
      "sga": 20727000,
      "fcf": 16029000,
      "ocf": 16029000,
      "capex": null,
      "gross_margin": 0.06999171514112754,
      "op_margin": -0.020865570493628548,
      "fcf_margin": 0.07026349358033025,
      "incr_op_margin_yoy": 0.6010725657784481,
      "rev_growth_yoy": -0.11565656957226259,
      "rev_growth_yoy_accel": -0.12104094185637415,
      "fcf_margin_change": -0.09398997297998533
    },
    {
      "date": "2024-06-30T00:00:00",
      "quarter_label": "2024-06 (Q2)",
      "revenue": 320671000,
      "gross_profit": 38198000,
      "operating_income": 17446000,
      "net_income": 13678000,
      "opex": 303225000,
      "cogs": 282473000,
      "rd": null,
      "sga": 20752000,
      "fcf": 100580000,
      "ocf": 100580000,
      "capex": null,
      "gross_margin": 0.11911897240473882,
      "op_margin": 0.05440467020715936,
      "fcf_margin": 0.3136548050805966,
      "incr_op_margin_yoy": -0.2530910553842028,
      "rev_growth_yoy": 0.30300567653118027,
      "rev_growth_yoy_accel": 0.4186622461034428,
      "op_leverage_ratio": 1.3431570894219675,
      "fcf_margin_change": 0.24339131150026638
    },
    {
      "date": "2024-09-30T00:00:00",
      "quarter_label": "2024-09 (Q3)",
      "revenue": 255131000,
      "gross_profit": 27575000,
      "operating_income": 7172000,
      "net_income": 3309000,
      "opex": 247959000,
      "cogs": 227556000,
      "rd": null,
      "sga": 20403000,
      "fcf": 26453000,
      "ocf": 26453000,
      "capex": null,
      "gross_margin": 0.1080817305619466,
      "op_margin": 0.028111048833736395,
      "fcf_margin": 0.10368398979347865,
      "incr_op_margin_yoy": 2.79986509924841,
      "rev_growth_yoy": -0.039087187251656254,
      "rev_growth_yoy_accel": -0.34209286378283654,
      "fcf_margin_change": -0.20997081528711797
    },
    {
      "date": "2024-12-31T00:00:00",
      "quarter_label": "2024-12 (Q4)",
      "revenue": 258147000,
      "gross_profit": 34664000,
      "operating_income": 13334000,
      "net_income": 5194000,
      "opex": 244813000,
      "cogs": 223483000,
      "rd": null,
      "sga": 21330000,
      "fcf": 45408000,
      "ocf": 45408000,
      "capex": null,
      "gross_margin": 0.13428008072919692,
      "op_margin": 0.05165274049281998,
      "fcf_margin": 0.17589977803344606,
      "incr_op_margin_yoy": 3.6512074643249175,
      "rev_growth_yoy": 0.014318102340640385,
      "rev_growth_yoy_accel": 0.05340528959229664,
      "op_leverage_ratio": Infinity,
      "fcf_margin_change": 0.07221578823996741
    },
    {
      "date": "2025-03-31T00:00:00",
      "quarter_label": "2025-03 (Q1)",
      "revenue": 268260000,
      "gross_profit": 47855000,
      "operating_income": 27510000,
      "net_income": 25805000,
      "opex": 240750000,
      "cogs": 220405000,
      "rd": null,
      "sga": 19855000,
      "fcf": 49051000,
      "ocf": 49051000,
      "capex": null,
      "gross_margin": 0.17839036755386564,
      "op_margin": 0.10254976515320957,
      "fcf_margin": 0.18284872884515022,
      "incr_op_margin_yoy": 0.8040764458176562,
      "rev_growth_yoy": 0.17592393710520893,
      "rev_growth_yoy_accel": 0.16160583476456855,
      "op_leverage_ratio": Infinity,
      "fcf_margin_change": 0.006948950811704158
    },
    {
      "date": "2025-06-30T00:00:00",
      "quarter_label": "2025-06 (Q2)",
      "revenue": 274985000,
      "gross_profit": 35653000,
      "operating_income": 13846000,
      "net_income": 7354000,
      "opex": 261139000,
      "cogs": 239332000,
      "rd": null,
      "sga": 21807000,
      "fcf": 40999000,
      "ocf": 40999000,
      "capex": null,
      "gross_margin": 0.12965434478244267,
      "op_margin": 0.050351837372947614,
      "fcf_margin": 0.1490954052039202,
      "incr_op_margin_yoy": 0.07879875673072714,
      "rev_growth_yoy": -0.14247000820155237,
      "rev_growth_yoy_accel": -0.3183939453067613,
      "op_leverage_ratio": 0.29601024225536643,
      "fcf_margin_change": -0.033753323641230015
    },
    {
      "date": "2025-09-30T00:00:00",
      "quarter_label": "2025-09 (Q3)",
      "revenue": 314179000,
      "gross_profit": 57049000,
      "operating_income": 35058000,
      "net_income": 25893000,
      "opex": 279121000,
      "cogs": 257130000,
      "rd": null,
      "sga": 20088000,
      "fcf": 65660000,
      "ocf": 65660000,
      "capex": null,
      "gross_margin": 0.1815812005258149,
      "op_margin": 0.11158607036116354,
      "fcf_margin": 0.20898914313178157,
      "incr_op_margin_yoy": 0.4722598563880233,
      "rev_growth_yoy": 0.23144188671701987,
      "rev_growth_yoy_accel": 0.37391189491857224,
      "op_leverage_ratio": 2.0698759918810303,
      "fcf_margin_change": 0.059893737927861374
    }
  ],
  "signals": [
    {
      "quarter": "2025-09 (Q3)",
      "signal": "FCF MARGIN EXPANSION",
      "detail": "FCF margin: +14.9% -> +20.9% (+6.0%)",
      "severity": "MEDIUM"
    },
    {
      "quarter": "2025-09 (Q3)",
      "signal": "OPERATING LEVERAGE",
      "detail": "Rev growth +14.3% vs OpEx growth +6.9% (leverage: 2.1x)",
      "severity": "MEDIUM"
    },
    {
      "quarter": "2025-09 (Q3)",
      "signal": "GROSS MARGIN INFLECTION",
      "detail": "GM: +17.8% -> +13.0% -> +18.2% (reversal +5.2%)",
      "severity": "HIGH"
    },
    {
      "quarter": "2025-09 (Q3)",
      "signal": "YoY REVENUE GROWTH ACCELERATION",
      "detail": "YoY growth: +23.1% vs prior quarter YoY: -14.2% (accel: +37.4%)",
      "severity": "HIGH"
    },
    {
      "quarter": "2025-09 (Q3)",
      "signal": "INCREMENTAL MARGIN (YoY)",
      "detail": "YoY Incr OPM: +47.2% vs year-ago OPM: +2.8%",
      "severity": "HIGH"
    },
    {
      "quarter": "2025-06 (Q2)",
      "signal": "YoY REVENUE GROWTH DECELERATION",
      "detail": "YoY growth: -14.2% vs prior quarter YoY: +17.6% (decel: -31.8%)",
      "severity": "WARNING"
    },
    {
      "quarter": "2025-03 (Q1)",
      "signal": "YoY REVENUE GROWTH ACCELERATION",
      "detail": "YoY growth: +17.6% vs prior quarter YoY: +1.4% (accel: +16.2%)",
      "severity": "HIGH"
    },
    {
      "quarter": "2025-03 (Q1)",
      "signal": "OP MARGIN TURNED POSITIVE (YoY)",
      "detail": "Op margin: -2.1% (year-ago) -> +10.3%",
      "severity": "HIGH"
    },
    {
      "quarter": "2024-12 (Q4)",
      "signal": "FCF MARGIN EXPANSION",
      "detail": "FCF margin: +10.4% -> +17.6% (+7.2%)",
      "severity": "MEDIUM"
    },
    {
      "quarter": "2024-12 (Q4)",
      "signal": "GROSS MARGIN INFLECTION",
      "detail": "GM: +11.9% -> +10.8% -> +13.4% (reversal +2.6%)",
      "severity": "MEDIUM"
    },
    {
      "quarter": "2024-12 (Q4)",
      "signal": "YoY REVENUE GROWTH ACCELERATION",
      "detail": "YoY growth: +1.4% vs prior quarter YoY: -3.9% (accel: +5.3%)",
      "severity": "MEDIUM"
    },
    {
      "quarter": "2024-12 (Q4)",
      "signal": "INCREMENTAL MARGIN (YoY)",
      "detail": "YoY Incr OPM: +365.1% vs year-ago OPM: +0.0%",
      "severity": "HIGH"
    },
    {
      "quarter": "2024-09 (Q3)",
      "signal": "YoY REVENUE GROWTH DECELERATION",
      "detail": "YoY growth: -3.9% vs prior quarter YoY: +30.3% (decel: -34.2%)",
      "severity": "WARNING"
    },
    {
      "quarter": "2024-09 (Q3)",
      "signal": "INCREMENTAL MARGIN (YoY)",
      "detail": "YoY Incr OPM: +280.0% vs year-ago OPM: +13.6%",
      "severity": "HIGH"
    },
    {
      "quarter": "2024-06 (Q2)",
      "signal": "FCF MARGIN EXPANSION",
      "detail": "FCF margin: +7.0% -> +31.4% (+24.3%)",
      "severity": "MEDIUM"
    },
    {
      "quarter": "2024-06 (Q2)",
      "signal": "GROSS MARGIN INFLECTION",
      "detail": "GM: +8.1% -> +7.0% -> +11.9% (reversal +4.9%)",
      "severity": "MEDIUM"
    },
    {
      "quarter": "2024-06 (Q2)",
      "signal": "YoY REVENUE GROWTH ACCELERATION",
      "detail": "YoY growth: +30.3% vs prior quarter YoY: -11.6% (accel: +41.9%)",
      "severity": "HIGH"
    },
    {
      "quarter": "2024-06 (Q2)",
      "signal": "OP MARGIN TURNED POSITIVE (QoQ)",
      "detail": "Op margin: -2.1% -> +5.4%",
      "severity": "HIGH"
    },
    {
      "quarter": "2024-03 (Q1)",
      "signal": "YoY REVENUE GROWTH DECELERATION",
      "detail": "YoY growth: -11.6% vs prior quarter YoY: +0.5% (decel: -12.1%)",
      "severity": "WARNING"
    },
    {
      "quarter": "2023-12 (Q4)",
      "signal": "YoY REVENUE GROWTH ACCELERATION",
      "detail": "YoY growth: +0.5% vs prior quarter YoY: -13.4% (accel: +14.0%)",
      "severity": "MEDIUM"
    },
    {
      "quarter": "2023-09 (Q3)",
      "signal": "GROSS MARGIN INFLECTION",
      "detail": "GM: +13.0% -> +12.6% -> +14.8% (reversal +2.2%)",
      "severity": "MEDIUM"
    },
    {
      "quarter": "2023-09 (Q3)",
      "signal": "YoY REVENUE GROWTH ACCELERATION",
      "detail": "YoY growth: -13.4% vs prior quarter YoY: -31.6% (accel: +18.1%)",
      "severity": "HIGH"
    },
    {
      "quarter": "2023-09 (Q3)",
      "signal": "INCREMENTAL MARGIN (YoY)",
      "detail": "YoY Incr OPM: +71.9% vs year-ago OPM: +21.5%",
      "severity": "HIGH"
    },
    {
      "quarter": "2023-06 (Q2)",
      "signal": "YoY REVENUE GROWTH ACCELERATION",
      "detail": "YoY growth: -31.6% vs prior quarter YoY: -37.3% (accel: +5.7%)",
      "severity": "MEDIUM"
    },
    {
      "quarter": "2023-06 (Q2)",
      "signal": "INCREMENTAL MARGIN (YoY)",
      "detail": "YoY Incr OPM: +107.0% vs year-ago OPM: +43.9%",
      "severity": "HIGH"
    },
    {
      "quarter": "2023-03 (Q1)",
      "signal": "OPERATING LEVERAGE",
      "detail": "Rev growth +1.9% vs OpEx growth +0.9% (leverage: 2.1x)",
      "severity": "MEDIUM"
    },
    {
      "quarter": "2023-03 (Q1)",
      "signal": "YoY REVENUE GROWTH DECELERATION",
      "detail": "YoY growth: -37.3% vs prior quarter YoY: +1.9% (decel: -39.2%)",
      "severity": "WARNING"
    },
    {
      "quarter": "2023-03 (Q1)",
      "signal": "INCREMENTAL MARGIN (YoY)",
      "detail": "YoY Incr OPM: +131.5% vs year-ago OPM: +52.3%",
      "severity": "HIGH"
    },
    {
      "quarter": "2022-09 (Q3)",
      "signal": "YoY REVENUE GROWTH ACCELERATION",
      "detail": "YoY growth: +6.7% vs prior quarter YoY: -19.6% (accel: +26.4%)",
      "severity": "HIGH"
    },
    {
      "quarter": "2022-06 (Q2)",
      "signal": "YoY REVENUE GROWTH DECELERATION",
      "detail": "YoY growth: -19.6% vs prior quarter YoY: +16.1% (decel: -35.8%)",
      "severity": "WARNING"
    },
    {
      "quarter": "2022-06 (Q2)",
      "signal": "INCREMENTAL MARGIN (YoY)",
      "detail": "YoY Incr OPM: +105.2% vs year-ago OPM: +55.9%",
      "severity": "HIGH"
    },
    {
      "quarter": "2022-03 (Q1)",
      "signal": "FCF MARGIN EXPANSION",
      "detail": "FCF margin: +20.8% -> +56.0% (+35.2%)",
      "severity": "MEDIUM"
    },
    {
      "quarter": "2022-03 (Q1)",
      "signal": "GROSS MARGIN INFLECTION",
      "detail": "GM: +33.7% -> +28.3% -> +56.3% (reversal +28.0%)",
      "severity": "HIGH"
    },
    {
      "quarter": "2022-03 (Q1)",
      "signal": "YoY REVENUE GROWTH ACCELERATION",
      "detail": "YoY growth: +16.1% vs prior quarter YoY: -26.4% (accel: +42.5%)",
      "severity": "HIGH"
    },
    {
      "quarter": "2022-03 (Q1)",
      "signal": "INCREMENTAL MARGIN (YoY)",
      "detail": "YoY Incr OPM: +81.9% vs year-ago OPM: +47.5%",
      "severity": "HIGH"
    },
    {
      "quarter": "2021-12 (Q4)",
      "signal": "INCREMENTAL MARGIN (YoY)",
      "detail": "YoY Incr OPM: +92.7% vs year-ago OPM: +39.5%",
      "severity": "HIGH"
    },
    {
      "quarter": "2021-06 (Q2)",
      "signal": "OPERATING LEVERAGE",
      "detail": "Rev growth +26.3% vs OpEx growth +6.0% (leverage: 4.4x)",
      "severity": "MEDIUM"
    },
    {
      "quarter": "2021-03 (Q1)",
      "signal": "FCF MARGIN EXPANSION",
      "detail": "FCF margin: +42.8% -> +48.0% (+5.2%)",
      "severity": "MEDIUM"
    }
  ],
  "data_quality": {
    "n_quarters": 20,
    "coverage": {
      "revenue": [
        20,
        20
      ],
      "gross_profit": [
        20,
        20
      ],
      "op_income": [
        20,
        20
      ],
      "fcf": [
        20,
        20
      ]
    },
    "gaps": [],
    "warnings": []
  },
  "market_cap": null,
  "source": "SEC EDGAR",
  "last_updated": "2026-02-02T21:19:30.873673"
}