{
  "ticker": "PCOR",
  "name": "Procore Technologies, Inc.",
  "quarters": [
    {
      "date": "2020-12-31T00:00:00",
      "quarter_label": "2020-12 (Q4)",
      "revenue": 109510000,
      "gross_profit": 90436000,
      "operating_income": -21587000,
      "net_income": -47431000,
      "opex": 112023000,
      "cogs": 19074000,
      "rd": 35406000,
      "sga": null,
      "fcf": 11297000,
      "ocf": 11781000,
      "capex": -484000,
      "gross_margin": 0.8258241256506255,
      "op_margin": -0.19712355036069765,
      "fcf_margin": 0.10315952881015432
    },
    {
      "date": "2021-03-31T00:00:00",
      "quarter_label": "2021-03 (Q1)",
      "revenue": 113938000,
      "gross_profit": 93579000,
      "operating_income": -12858000,
      "net_income": -13732000,
      "opex": 106437000,
      "cogs": 20359000,
      "rd": 34545000,
      "sga": null,
      "fcf": 25903000,
      "ocf": 28296000,
      "capex": -2393000,
      "gross_margin": 0.821315101195387,
      "op_margin": -0.11285084870719163,
      "fcf_margin": 0.2273429408976812,
      "op_leverage_ratio": Infinity,
      "fcf_margin_change": 0.12418341208752688
    },
    {
      "date": "2021-06-30T00:00:00",
      "quarter_label": "2021-06 (Q2)",
      "revenue": 122790000,
      "gross_profit": 97297000,
      "operating_income": -149062000,
      "net_income": -149719000,
      "opex": 246359000,
      "cogs": 25493000,
      "rd": 88627000,
      "sga": null,
      "fcf": -4930000,
      "ocf": -3129000,
      "capex": -1801000,
      "gross_margin": 0.7923853734017429,
      "op_margin": -1.2139587914325272,
      "fcf_margin": -0.04014984933626517,
      "op_leverage_ratio": 0.059098905022352634,
      "fcf_margin_change": -0.26749279023394634
    },
    {
      "date": "2021-09-30T00:00:00",
      "quarter_label": "2021-09 (Q3)",
      "revenue": 131990000,
      "gross_profit": 109297000,
      "operating_income": -49557000,
      "net_income": -50742000,
      "opex": 158854000,
      "cogs": 22693000,
      "rd": 53447000,
      "sga": null,
      "fcf": 10927000,
      "ocf": 15138000,
      "capex": -4211000,
      "gross_margin": 0.8280703083566937,
      "op_margin": -0.3754602621410713,
      "fcf_margin": 0.08278657474051064,
      "op_leverage_ratio": Infinity,
      "fcf_margin_change": 0.12293642407677581
    },
    {
      "date": "2021-12-31T00:00:00",
      "quarter_label": "2021-12 (Q4)",
      "revenue": 146103000,
      "gross_profit": 116336000,
      "operating_income": -74450000,
      "net_income": -50972000,
      "opex": 190786000,
      "cogs": 29767000,
      "rd": 60671000,
      "sga": null,
      "fcf": -7553000,
      "ocf": -3575000,
      "capex": -3978000,
      "gross_margin": 0.7962601726179476,
      "op_margin": -0.5095720142639097,
      "fcf_margin": -0.05169640596017878,
      "incr_op_margin_yoy": -1.444620555844014,
      "rev_growth_yoy": 0.33415213222536755,
      "op_leverage_ratio": 0.531924932401195,
      "fcf_margin_change": -0.13448298070068943
    },
    {
      "date": "2022-03-31T00:00:00",
      "quarter_label": "2022-03 (Q1)",
      "revenue": 159516000,
      "gross_profit": 126184000,
      "operating_income": -71137000,
      "net_income": -71419000,
      "opex": 197321000,
      "cogs": 33332000,
      "rd": 60254000,
      "sga": null,
      "fcf": 2759000,
      "ocf": 10284000,
      "capex": -7525000,
      "gross_margin": 0.7910429047869806,
      "op_margin": -0.44595526467564384,
      "fcf_margin": 0.01729607061360616,
      "incr_op_margin_yoy": -1.2786651454649174,
      "rev_growth_yoy": 0.4000245747687339,
      "rev_growth_yoy_accel": 0.06587244254336633,
      "op_leverage_ratio": 2.6802030792113776,
      "fcf_margin_change": 0.06899247657378493
    },
    {
      "date": "2022-06-30T00:00:00",
      "quarter_label": "2022-06 (Q2)",
      "revenue": 172205000,
      "gross_profit": 135470000,
      "operating_income": -72302000,
      "net_income": -73123000,
      "opex": 207772000,
      "cogs": 36735000,
      "rd": 63822000,
      "sga": null,
      "fcf": -28863000,
      "ocf": -26955000,
      "capex": -1908000,
      "gross_margin": 0.7866786678667866,
      "op_margin": -0.41986005052118114,
      "fcf_margin": -0.16760837374059986,
      "incr_op_margin_yoy": 1.5533744814327632,
      "rev_growth_yoy": 0.402435051714309,
      "rev_growth_yoy_accel": 0.002410476945575113,
      "op_leverage_ratio": 1.5018916632199064,
      "fcf_margin_change": -0.18490444435420603
    },
    {
      "date": "2022-09-30T00:00:00",
      "quarter_label": "2022-09 (Q3)",
      "revenue": 186429000,
      "gross_profit": 148650000,
      "operating_income": -71813000,
      "net_income": -71205000,
      "opex": 220463000,
      "cogs": 37779000,
      "rd": 71493000,
      "sga": null,
      "fcf": 2350000,
      "ocf": 6587000,
      "capex": -4237000,
      "gross_margin": 0.7973544888402555,
      "op_margin": -0.385202945893611,
      "fcf_margin": 0.012605335006892704,
      "incr_op_margin_yoy": -0.40882455592498024,
      "rev_growth_yoy": 0.41244791272066067,
      "rev_growth_yoy_accel": 0.010012861006351681,
      "op_leverage_ratio": 1.352281674442554,
      "fcf_margin_change": 0.18021370874749257
    },
    {
      "date": "2022-12-31T00:00:00",
      "quarter_label": "2022-12 (Q4)",
      "revenue": 202053000,
      "gross_profit": 161483000,
      "operating_income": -75202000,
      "net_income": -71184000,
      "opex": 236685000,
      "cogs": 40570000,
      "rd": 75413000,
      "sga": null,
      "fcf": 20580000,
      "ocf": 22692000,
      "capex": -2112000,
      "gross_margin": 0.799211098078227,
      "op_margin": -0.37218947503872746,
      "fcf_margin": 0.10185446392778133,
      "incr_op_margin_yoy": -0.013440571939231457,
      "rev_growth_yoy": 0.3829490154206279,
      "rev_growth_yoy_accel": -0.029498897300032745,
      "op_leverage_ratio": 1.1389642066503471,
      "fcf_margin_change": 0.08924912892088863
    },
    {
      "date": "2023-03-31T00:00:00",
      "quarter_label": "2023-03 (Q1)",
      "revenue": 213526000,
      "gross_profit": 173324000,
      "operating_income": -69263000,
      "net_income": -63447000,
      "opex": 242587000,
      "cogs": 40202000,
      "rd": 80036000,
      "sga": null,
      "fcf": 27102000,
      "ocf": 29275000,
      "capex": -2173000,
      "gross_margin": 0.8117231625188501,
      "op_margin": -0.3243773591974748,
      "fcf_margin": 0.12692599496080104,
      "incr_op_margin_yoy": 0.034697278281799665,
      "rev_growth_yoy": 0.338586724842649,
      "rev_growth_yoy_accel": -0.04436229057797891,
      "op_leverage_ratio": 2.277105858246496,
      "fcf_margin_change": 0.025071531033019706
    },
    {
      "date": "2023-06-30T00:00:00",
      "quarter_label": "2023-06 (Q2)",
      "revenue": 228536000,
      "gross_profit": 186232000,
      "operating_income": -58729000,
      "net_income": -52881000,
      "opex": 244961000,
      "cogs": 42304000,
      "rd": 73216000,
      "sga": null,
      "fcf": -14198000,
      "ocf": -11677000,
      "capex": -2521000,
      "gross_margin": 0.8148913081527637,
      "op_margin": -0.25697920677705044,
      "fcf_margin": -0.062125879511324256,
      "incr_op_margin_yoy": 0.2409508086133745,
      "rev_growth_yoy": 0.3271159374001916,
      "rev_growth_yoy_accel": -0.011470787442457386,
      "op_leverage_ratio": 7.183179794002545,
      "fcf_margin_change": -0.1890518744721253
    },
    {
      "date": "2023-09-30T00:00:00",
      "quarter_label": "2023-09 (Q3)",
      "revenue": 247907000,
      "gross_profit": 203782000,
      "operating_income": -50351000,
      "net_income": -43847000,
      "opex": 254133000,
      "cogs": 44125000,
      "rd": 72708000,
      "sga": null,
      "fcf": 30295000,
      "ocf": 33674000,
      "capex": -3379000,
      "gross_margin": 0.822009866603202,
      "op_margin": -0.20310438995268387,
      "fcf_margin": 0.12220308422109905,
      "incr_op_margin_yoy": 0.3491004912326361,
      "rev_growth_yoy": 0.3297662917249999,
      "rev_growth_yoy_accel": 0.0026503543248082573,
      "op_leverage_ratio": 2.263759675611146,
      "fcf_margin_change": 0.1843289637324233
    },
    {
      "date": "2023-12-31T00:00:00",
      "quarter_label": "2023-12 (Q4)",
      "revenue": 260041000,
      "gross_profit": 212210000,
      "operating_income": -37334000,
      "net_income": -29519000,
      "opex": 249544000,
      "cogs": 47831000,
      "rd": 74611000,
      "sga": null,
      "fcf": 38491000,
      "ocf": 40743000,
      "capex": -2252000,
      "gross_margin": 0.81606362073673,
      "op_margin": -0.14356966786006822,
      "fcf_margin": 0.1480189662399391,
      "incr_op_margin_yoy": 0.6530316617231151,
      "rev_growth_yoy": 0.28699400652304097,
      "rev_growth_yoy_accel": -0.042772285201958915,
      "op_leverage_ratio": Infinity,
      "fcf_margin_change": 0.025815882018840053
    },
    {
      "date": "2024-03-31T00:00:00",
      "quarter_label": "2024-03 (Q1)",
      "revenue": 269428000,
      "gross_profit": 223705000,
      "operating_income": -18906000,
      "net_income": -10966000,
      "opex": 242611000,
      "cogs": 45723000,
      "rd": 70599000,
      "sga": null,
      "fcf": 67056000,
      "ocf": 69145000,
      "capex": -2089000,
      "gross_margin": 0.8302960345621093,
      "op_margin": -0.07017088053209021,
      "fcf_margin": 0.24888281841530946,
      "incr_op_margin_yoy": 0.9008085578333512,
      "rev_growth_yoy": 0.2618041830971404,
      "rev_growth_yoy_accel": -0.025189823425900593,
      "op_leverage_ratio": Infinity,
      "fcf_margin_change": 0.10086385217537036
    },
    {
      "date": "2024-06-30T00:00:00",
      "quarter_label": "2024-06 (Q2)",
      "revenue": 284347000,
      "gross_profit": 236246000,
      "operating_income": -14776000,
      "net_income": -6311000,
      "opex": 251022000,
      "cogs": 48101000,
      "rd": 72308000,
      "sga": null,
      "fcf": 56821000,
      "ocf": 58695000,
      "capex": -1874000,
      "gross_margin": 0.8308369703214734,
      "op_margin": -0.05196467696159974,
      "fcf_margin": 0.19982978543821459,
      "incr_op_margin_yoy": 0.7875329236172081,
      "rev_growth_yoy": 0.24421097770154374,
      "rev_growth_yoy_accel": -0.01759320539559664,
      "op_leverage_ratio": 1.5972019862430582,
      "fcf_margin_change": -0.049053032977094874
    },
    {
      "date": "2024-09-30T00:00:00",
      "quarter_label": "2024-09 (Q3)",
      "revenue": 295885000,
      "gross_profit": 240931000,
      "operating_income": -36497000,
      "net_income": -26388000,
      "opex": 277428000,
      "cogs": 54954000,
      "rd": 80791000,
      "sga": null,
      "fcf": 35729000,
      "ocf": 39276000,
      "capex": -3547000,
      "gross_margin": 0.8142724369265086,
      "op_margin": -0.12334859827297767,
      "fcf_margin": 0.12075299525153353,
      "incr_op_margin_yoy": 0.28875734711742884,
      "rev_growth_yoy": 0.19353225201386004,
      "rev_growth_yoy_accel": -0.050678725687683696,
      "op_leverage_ratio": 0.3857367797603612,
      "fcf_margin_change": -0.07907679018668105
    },
    {
      "date": "2024-12-31T00:00:00",
      "quarter_label": "2024-12 (Q4)",
      "revenue": 302048000,
      "gross_profit": 245214000,
      "operating_income": -66244000,
      "net_income": -62291000,
      "opex": 311458000,
      "cogs": 56834000,
      "rd": 89289000,
      "sga": null,
      "fcf": 17423000,
      "ocf": 29056000,
      "capex": -11633000,
      "gross_margin": 0.811837853586185,
      "op_margin": -0.21931613518381185,
      "fcf_margin": 0.057682884839495706,
      "incr_op_margin_yoy": -0.6882186302282953,
      "rev_growth_yoy": 0.1615399110140324,
      "rev_growth_yoy_accel": -0.031992340999827645,
      "op_leverage_ratio": 0.16980777078855225,
      "fcf_margin_change": -0.06307011041203783
    },
    {
      "date": "2025-03-31T00:00:00",
      "quarter_label": "2025-03 (Q1)",
      "revenue": 310632000,
      "gross_profit": 245706000,
      "operating_income": -36245000,
      "net_income": -32989000,
      "opex": 281951000,
      "cogs": 64926000,
      "rd": 87609000,
      "sga": null,
      "fcf": 61995000,
      "ocf": 66028000,
      "capex": -4033000,
      "gross_margin": 0.7909874063200185,
      "op_margin": -0.11668147518607226,
      "fcf_margin": 0.19957699142393573,
      "incr_op_margin_yoy": -0.42080865935346085,
      "rev_growth_yoy": 0.1529313954006265,
      "rev_growth_yoy_accel": -0.008608515613405893,
      "op_leverage_ratio": Infinity,
      "fcf_margin_change": 0.14189410658444002
    },
    {
      "date": "2025-06-30T00:00:00",
      "quarter_label": "2025-06 (Q2)",
      "revenue": 323919000,
      "gross_profit": 256187000,
      "operating_income": -30267000,
      "net_income": -21089000,
      "opex": 286454000,
      "cogs": 67732000,
      "rd": 88902000,
      "sga": null,
      "fcf": 27853000,
      "ocf": 30828000,
      "capex": -2975000,
      "gross_margin": 0.790898341869418,
      "op_margin": -0.093440026673335,
      "fcf_margin": 0.08598754626928337,
      "incr_op_margin_yoy": -0.3914636611745679,
      "rev_growth_yoy": 0.139167988408529,
      "rev_growth_yoy_accel": -0.013763406992097493,
      "op_leverage_ratio": 2.678258145363409,
      "fcf_margin_change": -0.11358944515465236
    },
    {
      "date": "2025-09-30T00:00:00",
      "quarter_label": "2025-09 (Q3)",
      "revenue": 338851000,
      "gross_profit": 270089000,
      "operating_income": -15030000,
      "net_income": -9101000,
      "opex": 285119000,
      "cogs": 68762000,
      "rd": 88049000,
      "sga": null,
      "fcf": 83080000,
      "ocf": 88472000,
      "capex": -5392000,
      "gross_margin": 0.7970730498065521,
      "op_margin": -0.04435577879362906,
      "fcf_margin": 0.24518151045739867,
      "incr_op_margin_yoy": 0.4996276125308383,
      "rev_growth_yoy": 0.14521182216063674,
      "rev_growth_yoy_accel": 0.006043833752107736,
      "op_leverage_ratio": Infinity,
      "fcf_margin_change": 0.1591939641881153
    }
  ],
  "signals": [
    {
      "quarter": "2025-09 (Q3)",
      "signal": "FCF MARGIN EXPANSION",
      "detail": "FCF margin: +8.6% -> +24.5% (+15.9%)",
      "severity": "MEDIUM"
    },
    {
      "quarter": "2025-06 (Q2)",
      "signal": "OPERATING LEVERAGE",
      "detail": "Rev growth +4.3% vs OpEx growth +1.6% (leverage: 2.7x)",
      "severity": "MEDIUM"
    },
    {
      "quarter": "2025-03 (Q1)",
      "signal": "FCF MARGIN EXPANSION",
      "detail": "FCF margin: +5.8% -> +20.0% (+14.2%)",
      "severity": "MEDIUM"
    },
    {
      "quarter": "2024-09 (Q3)",
      "signal": "YoY REVENUE GROWTH DECELERATION",
      "detail": "YoY growth: +19.4% vs prior quarter YoY: +24.4% (decel: -5.1%)",
      "severity": "WARNING"
    },
    {
      "quarter": "2024-06 (Q2)",
      "signal": "OPERATING LEVERAGE",
      "detail": "Rev growth +5.5% vs OpEx growth +3.5% (leverage: 1.6x)",
      "severity": "MEDIUM"
    },
    {
      "quarter": "2024-03 (Q1)",
      "signal": "FCF MARGIN EXPANSION",
      "detail": "FCF margin: +14.8% -> +24.9% (+10.1%)",
      "severity": "MEDIUM"
    },
    {
      "quarter": "2023-09 (Q3)",
      "signal": "FCF TURNED POSITIVE",
      "detail": "FCF margin: -6.2% -> +12.2%",
      "severity": "HIGH"
    },
    {
      "quarter": "2023-09 (Q3)",
      "signal": "OPERATING LEVERAGE",
      "detail": "Rev growth +8.5% vs OpEx growth +3.7% (leverage: 2.3x)",
      "severity": "MEDIUM"
    },
    {
      "quarter": "2023-06 (Q2)",
      "signal": "OPERATING LEVERAGE",
      "detail": "Rev growth +7.0% vs OpEx growth +1.0% (leverage: 7.2x)",
      "severity": "MEDIUM"
    },
    {
      "quarter": "2023-03 (Q1)",
      "signal": "OPERATING LEVERAGE",
      "detail": "Rev growth +5.7% vs OpEx growth +2.5% (leverage: 2.3x)",
      "severity": "MEDIUM"
    },
    {
      "quarter": "2022-12 (Q4)",
      "signal": "FCF MARGIN EXPANSION",
      "detail": "FCF margin: +1.3% -> +10.2% (+8.9%)",
      "severity": "MEDIUM"
    },
    {
      "quarter": "2022-09 (Q3)",
      "signal": "FCF TURNED POSITIVE",
      "detail": "FCF margin: -16.8% -> +1.3%",
      "severity": "HIGH"
    },
    {
      "quarter": "2022-06 (Q2)",
      "signal": "OPERATING LEVERAGE",
      "detail": "Rev growth +8.0% vs OpEx growth +5.3% (leverage: 1.5x)",
      "severity": "MEDIUM"
    },
    {
      "quarter": "2022-03 (Q1)",
      "signal": "FCF TURNED POSITIVE",
      "detail": "FCF margin: -5.2% -> +1.7%",
      "severity": "HIGH"
    },
    {
      "quarter": "2022-03 (Q1)",
      "signal": "OPERATING LEVERAGE",
      "detail": "Rev growth +9.2% vs OpEx growth +3.4% (leverage: 2.7x)",
      "severity": "MEDIUM"
    },
    {
      "quarter": "2022-03 (Q1)",
      "signal": "YoY REVENUE GROWTH ACCELERATION",
      "detail": "YoY growth: +40.0% vs prior quarter YoY: +33.4% (accel: +6.6%)",
      "severity": "MEDIUM"
    },
    {
      "quarter": "2021-09 (Q3)",
      "signal": "FCF TURNED POSITIVE",
      "detail": "FCF margin: -4.0% -> +8.3%",
      "severity": "HIGH"
    },
    {
      "quarter": "2021-09 (Q3)",
      "signal": "GROSS MARGIN INFLECTION",
      "detail": "GM: +82.1% -> +79.2% -> +82.8% (reversal +3.6%)",
      "severity": "MEDIUM"
    },
    {
      "quarter": "2021-03 (Q1)",
      "signal": "FCF MARGIN EXPANSION",
      "detail": "FCF margin: +10.3% -> +22.7% (+12.4%)",
      "severity": "MEDIUM"
    }
  ],
  "data_quality": {
    "n_quarters": 20,
    "coverage": {
      "revenue": [
        20,
        20
      ],
      "gross_profit": [
        20,
        20
      ],
      "op_income": [
        20,
        20
      ],
      "fcf": [
        20,
        20
      ]
    },
    "gaps": [],
    "warnings": []
  },
  "market_cap": null,
  "source": "SEC EDGAR",
  "last_updated": "2026-02-02T20:39:02.263504"
}