{
  "ticker": "PCRX",
  "name": "PACIRA BIOSCIENCES, INC.",
  "quarters": [
    {
      "date": "2020-09-30T00:00:00",
      "quarter_label": "2020-09 (Q3)",
      "revenue": 117484000,
      "gross_profit": null,
      "operating_income": null,
      "net_income": null,
      "opex": 99864000,
      "cogs": null,
      "rd": null,
      "sga": null,
      "fcf": null,
      "ocf": null,
      "capex": null,
      "gross_margin": null,
      "op_margin": null,
      "fcf_margin": null
    },
    {
      "date": "2020-12-31T00:00:00",
      "quarter_label": "2020-12 (Q4)",
      "revenue": 130974000,
      "gross_profit": 95676000,
      "operating_income": 18782000,
      "net_income": 14514000,
      "opex": 112191000,
      "cogs": 35298000,
      "rd": 15331000,
      "sga": 52833000,
      "fcf": 32259000,
      "ocf": 46667000,
      "capex": -14408000,
      "gross_margin": 0.7304961290027028,
      "op_margin": 0.14340250736787455,
      "fcf_margin": 0.24630079252370699,
      "op_leverage_ratio": 0.9302181019534593
    },
    {
      "date": "2021-03-31T00:00:00",
      "quarter_label": "2021-03 (Q1)",
      "revenue": 119027000,
      "gross_profit": 87678000,
      "operating_income": 19437000,
      "net_income": 10369000,
      "opex": 99590000,
      "cogs": 31349000,
      "rd": 15879000,
      "sga": 48522000,
      "fcf": -992000,
      "ocf": 12081000,
      "capex": -13073000,
      "gross_margin": 0.736622783066027,
      "op_margin": 0.1632990834012451,
      "fcf_margin": -0.008334243490972636,
      "fcf_margin_change": -0.2546350360146796
    },
    {
      "date": "2021-06-30T00:00:00",
      "quarter_label": "2021-06 (Q2)",
      "revenue": 135590000,
      "gross_profit": 100342000,
      "operating_income": 34843000,
      "net_income": 19081000,
      "opex": 100747000,
      "cogs": 35248000,
      "rd": 12573000,
      "sga": 50813000,
      "fcf": 19583000,
      "ocf": 30134000,
      "capex": -10551000,
      "gross_margin": 0.7400398259458663,
      "op_margin": 0.25697322811416773,
      "fcf_margin": 0.1444280551663102,
      "op_leverage_ratio": 11.977767745570594,
      "fcf_margin_change": 0.15276229865728283
    },
    {
      "date": "2021-09-30T00:00:00",
      "quarter_label": "2021-09 (Q3)",
      "revenue": 127722000,
      "gross_profit": 93071000,
      "operating_income": 31433000,
      "net_income": 17660000,
      "opex": 96289000,
      "cogs": 34651000,
      "rd": 11578000,
      "sga": 48807000,
      "fcf": 47211000,
      "ocf": 60287000,
      "capex": -13076000,
      "gross_margin": 0.7286998324485993,
      "op_margin": 0.24610482140899767,
      "fcf_margin": 0.36963874665288676,
      "rev_growth_yoy": 0.08714378128085526,
      "fcf_margin_change": 0.22521069148657658
    },
    {
      "date": "2021-12-31T00:00:00",
      "quarter_label": "2021-12 (Q4)",
      "revenue": 159194000,
      "gross_profit": 120187000,
      "operating_income": 4211000,
      "net_income": -5130000,
      "opex": 154983000,
      "cogs": 39007000,
      "rd": 15514000,
      "sga": 51203000,
      "fcf": 14049000,
      "ocf": 23215000,
      "capex": -9166000,
      "gross_margin": 0.7549719210523009,
      "op_margin": 0.02645200195987286,
      "fcf_margin": 0.08825081347286957,
      "incr_op_margin_yoy": -0.5163359319631468,
      "rev_growth_yoy": 0.21546261089987326,
      "rev_growth_yoy_accel": 0.128318829619018,
      "op_leverage_ratio": 0.40424215525634694,
      "fcf_margin_change": -0.2813879331800172
    },
    {
      "date": "2022-03-31T00:00:00",
      "quarter_label": "2022-03 (Q1)",
      "revenue": 157991000,
      "gross_profit": 121917000,
      "operating_income": 17393000,
      "net_income": 6828000,
      "opex": 140598000,
      "cogs": 36074000,
      "rd": 21605000,
      "sga": 64260000,
      "fcf": 23109000,
      "ocf": 30777000,
      "capex": -7668000,
      "gross_margin": 0.7716705381952137,
      "op_margin": 0.11008854934774766,
      "fcf_margin": 0.1462678253824585,
      "incr_op_margin_yoy": -0.052458679807001335,
      "rev_growth_yoy": 0.3273542977643728,
      "rev_growth_yoy_accel": 0.11189168686449955,
      "fcf_margin_change": 0.058017011909588925
    },
    {
      "date": "2022-06-30T00:00:00",
      "quarter_label": "2022-06 (Q2)",
      "revenue": 169411000,
      "gross_profit": 118784000,
      "operating_income": 31235000,
      "net_income": 19876000,
      "opex": 138176000,
      "cogs": 50627000,
      "rd": 26282000,
      "sga": 65003000,
      "fcf": 18071000,
      "ocf": 29806000,
      "capex": -11735000,
      "gross_margin": 0.7011587205081135,
      "op_margin": 0.18437409613307282,
      "fcf_margin": 0.10666957871684837,
      "incr_op_margin_yoy": -0.10667928210283552,
      "rev_growth_yoy": 0.24943579910022862,
      "rev_growth_yoy_accel": -0.07791849866414419,
      "op_leverage_ratio": Infinity,
      "fcf_margin_change": -0.039598246665610126
    },
    {
      "date": "2022-09-30T00:00:00",
      "quarter_label": "2022-09 (Q3)",
      "revenue": 167466000,
      "gross_profit": 116788000,
      "operating_income": 21289000,
      "net_income": -693000,
      "opex": 146177000,
      "cogs": 50678000,
      "rd": 19405000,
      "sga": 61283000,
      "fcf": 37473000,
      "ocf": 42654000,
      "capex": -5181000,
      "gross_margin": 0.697383349456009,
      "op_margin": 0.1271243118006043,
      "fcf_margin": 0.22376482390455377,
      "incr_op_margin_yoy": -0.25523349436392917,
      "rev_growth_yoy": 0.31117583501667684,
      "rev_growth_yoy_accel": 0.06174003591644822,
      "fcf_margin_change": 0.1170952451877054
    },
    {
      "date": "2022-12-31T00:00:00",
      "quarter_label": "2022-12 (Q4)",
      "revenue": 171955000,
      "gross_profit": 110039000,
      "operating_income": -9893000,
      "net_income": -10102000,
      "opex": 181848000,
      "cogs": 61916000,
      "rd": 17505000,
      "sga": 63970000,
      "fcf": 36545000,
      "ocf": 42037000,
      "capex": -5492000,
      "gross_margin": 0.6399290512052572,
      "op_margin": -0.057532493966444706,
      "fcf_margin": 0.21252653310459133,
      "incr_op_margin_yoy": -1.1052425358514224,
      "rev_growth_yoy": 0.08016005628352828,
      "rev_growth_yoy_accel": -0.23101577873314855,
      "op_leverage_ratio": 0.10984662511079273,
      "fcf_margin_change": -0.011238290799962442
    },
    {
      "date": "2023-03-31T00:00:00",
      "quarter_label": "2023-03 (Q1)",
      "revenue": 160341000,
      "gross_profit": 111321000,
      "operating_income": -3091000,
      "net_income": -19536000,
      "opex": 163432000,
      "cogs": 49020000,
      "rd": 17140000,
      "sga": 70843000,
      "fcf": 12563000,
      "ocf": 19128000,
      "capex": -6565000,
      "gross_margin": 0.6942765730536793,
      "op_margin": -0.019277664477582154,
      "fcf_margin": 0.07835176280552074,
      "incr_op_margin_yoy": -8.71659574468085,
      "rev_growth_yoy": 0.014874264989777898,
      "rev_growth_yoy_accel": -0.06528579129375038,
      "fcf_margin_change": -0.1341747702990706
    },
    {
      "date": "2023-06-30T00:00:00",
      "quarter_label": "2023-06 (Q2)",
      "revenue": 169467000,
      "gross_profit": 121260000,
      "operating_income": 39877000,
      "net_income": 25763000,
      "opex": 129590000,
      "cogs": 48207000,
      "rd": 18824000,
      "sga": 64850000,
      "fcf": 40095000,
      "ocf": 43499000,
      "capex": -3404000,
      "gross_margin": 0.7155375382817893,
      "op_margin": 0.2353083491181174,
      "fcf_margin": 0.23659473525819186,
      "rev_growth_yoy": 0.0003305570476533401,
      "rev_growth_yoy_accel": -0.014543707942124558,
      "op_leverage_ratio": Infinity,
      "fcf_margin_change": 0.1582429724526711
    },
    {
      "date": "2023-09-30T00:00:00",
      "quarter_label": "2023-09 (Q3)",
      "revenue": 163926000,
      "gross_profit": 124176000,
      "operating_income": 17721000,
      "net_income": 10858000,
      "opex": 146205000,
      "cogs": 39750000,
      "rd": 20830000,
      "sga": 67947000,
      "fcf": 41044000,
      "ocf": 44438000,
      "capex": -3394000,
      "gross_margin": 0.7575125361443579,
      "op_margin": 0.10810365652794554,
      "fcf_margin": 0.2503812695972573,
      "incr_op_margin_yoy": 1.007909604519774,
      "rev_growth_yoy": -0.021138619182401203,
      "rev_growth_yoy_accel": -0.021469176230054544,
      "fcf_margin_change": 0.01378653433906546
    },
    {
      "date": "2023-12-31T00:00:00",
      "quarter_label": "2023-12 (Q4)",
      "revenue": 181244000,
      "gross_profit": 133552000,
      "operating_income": 33168000,
      "net_income": 24870000,
      "opex": 148076000,
      "cogs": 47692000,
      "rd": 19463000,
      "sga": 65801000,
      "fcf": 45786000,
      "ocf": 47584000,
      "capex": -1798000,
      "gross_margin": 0.7368630133963056,
      "op_margin": 0.18300192006356072,
      "fcf_margin": 0.25262077641190883,
      "incr_op_margin_yoy": 4.635698137582087,
      "rev_growth_yoy": 0.05401994707917769,
      "rev_growth_yoy_accel": 0.0751585662615789,
      "op_leverage_ratio": 8.255403995857318,
      "fcf_margin_change": 0.002239506814651515
    },
    {
      "date": "2024-03-31T00:00:00",
      "quarter_label": "2024-03 (Q1)",
      "revenue": 167117000,
      "gross_profit": 119701000,
      "operating_income": 13212000,
      "net_income": 8979000,
      "opex": 153905000,
      "cogs": 47416000,
      "rd": 18238000,
      "sga": 72026000,
      "fcf": 46265000,
      "ocf": 49101000,
      "capex": -2836000,
      "gross_margin": 0.7162706367395298,
      "op_margin": 0.07905838424576793,
      "fcf_margin": 0.2768419729889838,
      "incr_op_margin_yoy": 2.40599173553719,
      "rev_growth_yoy": 0.04225993351669255,
      "rev_growth_yoy_accel": -0.011760013562485142,
      "fcf_margin_change": 0.024221196577074944
    },
    {
      "date": "2024-06-30T00:00:00",
      "quarter_label": "2024-06 (Q2)",
      "revenue": 178023000,
      "gross_profit": 133761000,
      "operating_income": 28240000,
      "net_income": 18886000,
      "opex": 149783000,
      "cogs": 44262000,
      "rd": 20338000,
      "sga": 68126000,
      "fcf": 51646000,
      "ocf": 53236000,
      "capex": -1590000,
      "gross_margin": 0.7513692051027114,
      "op_margin": 0.15863118810490778,
      "fcf_margin": 0.29010858147542734,
      "incr_op_margin_yoy": -1.3600981767180926,
      "rev_growth_yoy": 0.050487705570996126,
      "rev_growth_yoy_accel": 0.008227772054303577,
      "op_leverage_ratio": Infinity,
      "fcf_margin_change": 0.013266608486443565
    },
    {
      "date": "2024-09-30T00:00:00",
      "quarter_label": "2024-09 (Q3)",
      "revenue": 168573000,
      "gross_profit": 129709000,
      "operating_income": -139527000,
      "net_income": -143466000,
      "opex": 308100000,
      "cogs": 38864000,
      "rd": 19104000,
      "sga": 74333000,
      "fcf": 49828000,
      "ocf": 53920000,
      "capex": -4092000,
      "gross_margin": 0.7694529966246078,
      "op_margin": -0.8276948265736506,
      "fcf_margin": 0.29558707503574116,
      "incr_op_margin_yoy": -33.83860555196901,
      "rev_growth_yoy": 0.028348157095274697,
      "rev_growth_yoy_accel": -0.02213954847572143,
      "fcf_margin_change": 0.005478493560313824
    },
    {
      "date": "2025-03-31T00:00:00",
      "quarter_label": "2025-03 (Q1)",
      "revenue": 168923000,
      "gross_profit": 134617000,
      "operating_income": 1990000,
      "net_income": 4812000,
      "opex": 166933000,
      "cogs": 34306000,
      "rd": 25342000,
      "sga": 86776000,
      "fcf": 26911000,
      "ocf": 35459000,
      "capex": -8548000,
      "gross_margin": 0.7969133865725804,
      "op_margin": 0.011780515382748352,
      "fcf_margin": 0.15930927108801052,
      "incr_op_margin_yoy": -6.213732004429679,
      "rev_growth_yoy": 0.01080680002632886,
      "rev_growth_yoy_accel": -0.017541357068945836,
      "fcf_margin_change": -0.13627780394773065
    },
    {
      "date": "2025-06-30T00:00:00",
      "quarter_label": "2025-06 (Q2)",
      "revenue": 181099000,
      "gross_profit": 140233000,
      "operating_income": 8499000,
      "net_income": -4847000,
      "opex": 172600000,
      "cogs": 40866000,
      "rd": 28200000,
      "sga": 88578000,
      "fcf": 9315000,
      "ocf": 12012000,
      "capex": -2697000,
      "gross_margin": 0.7743444193507418,
      "op_margin": 0.046930132137670555,
      "fcf_margin": 0.05143595491968481,
      "incr_op_margin_yoy": -6.417750325097529,
      "rev_growth_yoy": 0.017278666239755536,
      "rev_growth_yoy_accel": 0.006471866213426677,
      "op_leverage_ratio": 2.1232681215280844,
      "fcf_margin_change": -0.10787331616832571
    },
    {
      "date": "2025-09-30T00:00:00",
      "quarter_label": "2025-09 (Q3)",
      "revenue": 179516000,
      "gross_profit": 145238000,
      "operating_income": 6362000,
      "net_income": 5432000,
      "opex": 173154000,
      "cogs": 34278000,
      "rd": 25966000,
      "sga": 91797000,
      "fcf": 56964000,
      "ocf": 60834000,
      "capex": -3870000,
      "gross_margin": 0.8090532320238865,
      "op_margin": 0.03543973796207581,
      "fcf_margin": 0.3173199046324562,
      "incr_op_margin_yoy": 13.331718907063877,
      "rev_growth_yoy": 0.06491549655045589,
      "rev_growth_yoy_accel": 0.04763683031070036,
      "fcf_margin_change": 0.26588394971277135
    }
  ],
  "signals": [
    {
      "quarter": "2025-09 (Q3)",
      "signal": "FCF MARGIN EXPANSION",
      "detail": "FCF margin: +5.1% -> +31.7% (+26.6%)",
      "severity": "MEDIUM"
    },
    {
      "quarter": "2025-09 (Q3)",
      "signal": "GROSS MARGIN INFLECTION",
      "detail": "GM: +79.7% -> +77.4% -> +80.9% (reversal +3.5%)",
      "severity": "MEDIUM"
    },
    {
      "quarter": "2025-09 (Q3)",
      "signal": "OP MARGIN TURNED POSITIVE (YoY)",
      "detail": "Op margin: -82.8% (year-ago) -> +3.5%",
      "severity": "HIGH"
    },
    {
      "quarter": "2025-06 (Q2)",
      "signal": "OPERATING LEVERAGE",
      "detail": "Rev growth +7.2% vs OpEx growth +3.4% (leverage: 2.1x)",
      "severity": "MEDIUM"
    },
    {
      "quarter": "2025-03 (Q1)",
      "signal": "OP MARGIN TURNED POSITIVE (QoQ)",
      "detail": "Op margin: -82.8% -> +1.2%",
      "severity": "HIGH"
    },
    {
      "quarter": "2024-06 (Q2)",
      "signal": "GROSS MARGIN INFLECTION",
      "detail": "GM: +73.7% -> +71.6% -> +75.1% (reversal +3.5%)",
      "severity": "MEDIUM"
    },
    {
      "quarter": "2024-03 (Q1)",
      "signal": "OP MARGIN TURNED POSITIVE (YoY)",
      "detail": "Op margin: -1.9% (year-ago) -> +7.9%",
      "severity": "HIGH"
    },
    {
      "quarter": "2023-12 (Q4)",
      "signal": "OPERATING LEVERAGE",
      "detail": "Rev growth +10.6% vs OpEx growth +1.3% (leverage: 8.3x)",
      "severity": "MEDIUM"
    },
    {
      "quarter": "2023-12 (Q4)",
      "signal": "YoY REVENUE GROWTH ACCELERATION",
      "detail": "YoY growth: +5.4% vs prior quarter YoY: -2.1% (accel: +7.5%)",
      "severity": "MEDIUM"
    },
    {
      "quarter": "2023-12 (Q4)",
      "signal": "OP MARGIN TURNED POSITIVE (YoY)",
      "detail": "Op margin: -5.8% (year-ago) -> +18.3%",
      "severity": "HIGH"
    },
    {
      "quarter": "2023-09 (Q3)",
      "signal": "INCREMENTAL MARGIN (YoY)",
      "detail": "YoY Incr OPM: +100.8% vs year-ago OPM: +12.7%",
      "severity": "HIGH"
    },
    {
      "quarter": "2023-06 (Q2)",
      "signal": "FCF MARGIN EXPANSION",
      "detail": "FCF margin: +7.8% -> +23.7% (+15.8%)",
      "severity": "MEDIUM"
    },
    {
      "quarter": "2023-06 (Q2)",
      "signal": "OP MARGIN TURNED POSITIVE (QoQ)",
      "detail": "Op margin: -1.9% -> +23.5%",
      "severity": "HIGH"
    },
    {
      "quarter": "2023-03 (Q1)",
      "signal": "GROSS MARGIN INFLECTION",
      "detail": "GM: +69.7% -> +64.0% -> +69.4% (reversal +5.4%)",
      "severity": "HIGH"
    },
    {
      "quarter": "2023-03 (Q1)",
      "signal": "YoY REVENUE GROWTH DECELERATION",
      "detail": "YoY growth: +1.5% vs prior quarter YoY: +8.0% (decel: -6.5%)",
      "severity": "WARNING"
    },
    {
      "quarter": "2022-12 (Q4)",
      "signal": "YoY REVENUE GROWTH DECELERATION",
      "detail": "YoY growth: +8.0% vs prior quarter YoY: +31.1% (decel: -23.1%)",
      "severity": "WARNING"
    },
    {
      "quarter": "2022-09 (Q3)",
      "signal": "FCF MARGIN EXPANSION",
      "detail": "FCF margin: +10.7% -> +22.4% (+11.7%)",
      "severity": "MEDIUM"
    },
    {
      "quarter": "2022-09 (Q3)",
      "signal": "YoY REVENUE GROWTH ACCELERATION",
      "detail": "YoY growth: +31.1% vs prior quarter YoY: +24.9% (accel: +6.2%)",
      "severity": "MEDIUM"
    },
    {
      "quarter": "2022-06 (Q2)",
      "signal": "YoY REVENUE GROWTH DECELERATION",
      "detail": "YoY growth: +24.9% vs prior quarter YoY: +32.7% (decel: -7.8%)",
      "severity": "WARNING"
    },
    {
      "quarter": "2022-03 (Q1)",
      "signal": "FCF MARGIN EXPANSION",
      "detail": "FCF margin: +8.8% -> +14.6% (+5.8%)",
      "severity": "MEDIUM"
    },
    {
      "quarter": "2022-03 (Q1)",
      "signal": "YoY REVENUE GROWTH ACCELERATION",
      "detail": "YoY growth: +32.7% vs prior quarter YoY: +21.5% (accel: +11.2%)",
      "severity": "MEDIUM"
    },
    {
      "quarter": "2021-12 (Q4)",
      "signal": "GROSS MARGIN INFLECTION",
      "detail": "GM: +74.0% -> +72.9% -> +75.5% (reversal +2.6%)",
      "severity": "MEDIUM"
    },
    {
      "quarter": "2021-12 (Q4)",
      "signal": "YoY REVENUE GROWTH ACCELERATION",
      "detail": "YoY growth: +21.5% vs prior quarter YoY: +8.7% (accel: +12.8%)",
      "severity": "MEDIUM"
    },
    {
      "quarter": "2021-09 (Q3)",
      "signal": "FCF MARGIN EXPANSION",
      "detail": "FCF margin: +14.4% -> +37.0% (+22.5%)",
      "severity": "MEDIUM"
    },
    {
      "quarter": "2021-06 (Q2)",
      "signal": "FCF TURNED POSITIVE",
      "detail": "FCF margin: -0.8% -> +14.4%",
      "severity": "HIGH"
    },
    {
      "quarter": "2021-06 (Q2)",
      "signal": "OPERATING LEVERAGE",
      "detail": "Rev growth +13.9% vs OpEx growth +1.2% (leverage: 12.0x)",
      "severity": "MEDIUM"
    }
  ],
  "data_quality": {
    "n_quarters": 20,
    "coverage": {
      "revenue": [
        20,
        20
      ],
      "gross_profit": [
        19,
        20
      ],
      "op_income": [
        19,
        20
      ],
      "fcf": [
        19,
        20
      ]
    },
    "gaps": [
      [
        "2024-09 (Q3)",
        "2025-03 (Q1)",
        182
      ]
    ],
    "warnings": [
      "gap: 1Q missing between 2024-09 (Q3) and 2025-03 (Q1)"
    ]
  },
  "market_cap": null,
  "source": "SEC EDGAR",
  "last_updated": "2026-02-02T22:06:36.720863"
}