{
  "ticker": "PCTY",
  "name": "PAYLOCITY HOLDING CORPORATION",
  "quarters": [
    {
      "date": "2020-12-31T00:00:00",
      "quarter_label": "2020-12 (Q4)",
      "revenue": 146329000,
      "gross_profit": 92787000,
      "operating_income": 6351000,
      "net_income": 9642000,
      "opex": 86436000,
      "cogs": 53542000,
      "rd": 19338000,
      "sga": null,
      "fcf": 17239000,
      "ocf": 21239000,
      "capex": -4000000,
      "gross_margin": 0.6340985040559287,
      "op_margin": 0.04340219642039514,
      "fcf_margin": 0.11780986680698972
    },
    {
      "date": "2021-03-31T00:00:00",
      "quarter_label": "2021-03 (Q1)",
      "revenue": 186053000,
      "gross_profit": 128727000,
      "operating_income": 39143000,
      "net_income": 36834000,
      "opex": 89584000,
      "cogs": 57326000,
      "rd": 18458000,
      "sga": null,
      "fcf": 63978000,
      "ocf": 66088000,
      "capex": -2110000,
      "gross_margin": 0.6918834955630923,
      "op_margin": 0.21038628777821375,
      "fcf_margin": 0.3438697575422057,
      "op_leverage_ratio": 7.453881869286512,
      "fcf_margin_change": 0.22605989073521598
    },
    {
      "date": "2021-06-30T00:00:00",
      "quarter_label": "2021-06 (Q2)",
      "revenue": 167451000,
      "gross_profit": 108401000,
      "operating_income": 9100000,
      "net_income": 11883000,
      "opex": 99301000,
      "cogs": 59050000,
      "rd": 20264000,
      "sga": null,
      "fcf": 37784000,
      "ocf": 39090000,
      "capex": -1306000,
      "gross_margin": 0.6473595260703131,
      "op_margin": 0.054344255931585955,
      "fcf_margin": 0.22564212814494986,
      "fcf_margin_change": -0.11822762939725587
    },
    {
      "date": "2021-09-30T00:00:00",
      "quarter_label": "2021-09 (Q3)",
      "revenue": 181697000,
      "gross_profit": 118448000,
      "operating_income": 10252000,
      "net_income": 30932000,
      "opex": 108196000,
      "cogs": 63249000,
      "rd": 23076000,
      "sga": null,
      "fcf": -7352000,
      "ocf": -4132000,
      "capex": -3220000,
      "gross_margin": 0.6518984903438142,
      "op_margin": 0.05642360633362136,
      "fcf_margin": -0.04046296856855094,
      "op_leverage_ratio": 0.949757789589242,
      "fcf_margin_change": -0.2661050967135008
    },
    {
      "date": "2021-12-31T00:00:00",
      "quarter_label": "2021-12 (Q4)",
      "revenue": 196037000,
      "gross_profit": 125216000,
      "operating_income": 8138000,
      "net_income": 9853000,
      "opex": 117078000,
      "cogs": 70821000,
      "rd": 25278000,
      "sga": null,
      "fcf": 23682000,
      "ocf": 30990000,
      "capex": -7308000,
      "gross_margin": 0.6387365650361921,
      "op_margin": 0.04151257160638043,
      "fcf_margin": 0.1208037258272673,
      "incr_op_margin_yoy": 0.03594994769453609,
      "rev_growth_yoy": 0.3397002644725242,
      "op_leverage_ratio": 0.9613949377061658,
      "fcf_margin_change": 0.16126669439581823
    },
    {
      "date": "2022-03-31T00:00:00",
      "quarter_label": "2022-03 (Q1)",
      "revenue": 245970000,
      "gross_profit": 170432000,
      "operating_income": 47378000,
      "net_income": 34846000,
      "opex": 123054000,
      "cogs": 75538000,
      "rd": 25670000,
      "sga": null,
      "fcf": 73709000,
      "ocf": 78536000,
      "capex": -4827000,
      "gross_margin": 0.6928975078261577,
      "op_margin": 0.19261698581127779,
      "fcf_margin": 0.2996666260113022,
      "incr_op_margin_yoy": 0.13744012550695128,
      "rev_growth_yoy": 0.3220426437627988,
      "rev_growth_yoy_accel": -0.01765762070972543,
      "op_leverage_ratio": 4.990158243629651,
      "fcf_margin_change": 0.1788629001840349
    },
    {
      "date": "2022-06-30T00:00:00",
      "quarter_label": "2022-06 (Q2)",
      "revenue": 228947000,
      "gross_profit": 151553000,
      "operating_income": 18826000,
      "net_income": 15146000,
      "opex": 132727000,
      "cogs": 77394000,
      "rd": 28884000,
      "sga": null,
      "fcf": 46945000,
      "ocf": 49659000,
      "capex": -2714000,
      "gross_margin": 0.661956697401582,
      "op_margin": 0.08222863806907275,
      "fcf_margin": 0.2050474563982057,
      "incr_op_margin_yoy": 0.15815662807337064,
      "rev_growth_yoy": 0.3672477321723967,
      "rev_growth_yoy_accel": 0.045205088409597916,
      "fcf_margin_change": -0.09461916961309647
    },
    {
      "date": "2022-09-30T00:00:00",
      "quarter_label": "2022-09 (Q3)",
      "revenue": 253280000,
      "gross_profit": 168737000,
      "operating_income": 7089000,
      "net_income": 30352000,
      "opex": 161648000,
      "cogs": 84543000,
      "rd": 40093000,
      "sga": null,
      "fcf": 12940000,
      "ocf": 16387000,
      "capex": -3447000,
      "gross_margin": 0.6662073594440935,
      "op_margin": 0.027988787113076438,
      "fcf_margin": 0.0510897030953885,
      "incr_op_margin_yoy": -0.04418646885433692,
      "rev_growth_yoy": 0.39396908039208134,
      "rev_growth_yoy_accel": 0.026721348219684637,
      "op_leverage_ratio": 0.4877605500410756,
      "fcf_margin_change": -0.1539577533028172
    },
    {
      "date": "2022-12-31T00:00:00",
      "quarter_label": "2022-12 (Q4)",
      "revenue": 273008000,
      "gross_profit": 182932000,
      "operating_income": 18208000,
      "net_income": 15600000,
      "opex": 164724000,
      "cogs": 90076000,
      "rd": 41029000,
      "sga": null,
      "fcf": 59154000,
      "ocf": 62370000,
      "capex": -3216000,
      "gross_margin": 0.6700609505948544,
      "op_margin": 0.06669401629256286,
      "fcf_margin": 0.21667496923167087,
      "incr_op_margin_yoy": 0.13082849384833248,
      "rev_growth_yoy": 0.3926350637889786,
      "rev_growth_yoy_accel": -0.0013340166031027278,
      "op_leverage_ratio": 4.093230167407771,
      "fcf_margin_change": 0.16558526613628238
    },
    {
      "date": "2023-03-31T00:00:00",
      "quarter_label": "2023-03 (Q1)",
      "revenue": 339857000,
      "gross_profit": 244143000,
      "operating_income": 80377000,
      "net_income": 57616000,
      "opex": 163766000,
      "cogs": 95714000,
      "rd": 42323000,
      "sga": null,
      "fcf": 125244000,
      "ocf": 127350000,
      "capex": -2106000,
      "gross_margin": 0.7183697849389596,
      "op_margin": 0.23650241130828553,
      "fcf_margin": 0.3685197009330395,
      "incr_op_margin_yoy": 0.3514757101622163,
      "rev_growth_yoy": 0.3817010204496483,
      "rev_growth_yoy_accel": -0.01093404333933029,
      "op_leverage_ratio": Infinity,
      "fcf_margin_change": 0.1518447317013686
    },
    {
      "date": "2023-06-30T00:00:00",
      "quarter_label": "2023-06 (Q2)",
      "revenue": 308453000,
      "gross_profit": 211747000,
      "operating_income": 49352000,
      "net_income": 37254000,
      "opex": 162395000,
      "cogs": 96706000,
      "rd": 40549000,
      "sga": null,
      "fcf": 63475000,
      "ocf": 76616000,
      "capex": -13141000,
      "gross_margin": 0.686480598340752,
      "op_margin": 0.15999844384719877,
      "fcf_margin": 0.20578499803859907,
      "incr_op_margin_yoy": 0.3839458657208261,
      "rev_growth_yoy": 0.3472681450291989,
      "rev_growth_yoy_accel": -0.03443287542044943,
      "fcf_margin_change": -0.16273470289444042
    },
    {
      "date": "2023-09-30T00:00:00",
      "quarter_label": "2023-09 (Q3)",
      "revenue": 317586000,
      "gross_profit": 216119000,
      "operating_income": 41189000,
      "net_income": 34517000,
      "opex": 174930000,
      "cogs": 101467000,
      "rd": 44605000,
      "sga": null,
      "fcf": 58688000,
      "ocf": 62142000,
      "capex": -3454000,
      "gross_margin": 0.6805054378971366,
      "op_margin": 0.12969400414375948,
      "fcf_margin": 0.18479404003954833,
      "incr_op_margin_yoy": 0.5302771125555936,
      "rev_growth_yoy": 0.25389292482627923,
      "rev_growth_yoy_accel": -0.09337522020291966,
      "op_leverage_ratio": 0.3835948557630333,
      "fcf_margin_change": -0.020990957999050736
    },
    {
      "date": "2023-12-31T00:00:00",
      "quarter_label": "2023-12 (Q4)",
      "revenue": 326361000,
      "gross_profit": 218962000,
      "operating_income": 49706000,
      "net_income": 38116000,
      "opex": 169256000,
      "cogs": 107399000,
      "rd": 46139000,
      "sga": null,
      "fcf": 72382000,
      "ocf": 75070000,
      "capex": -2688000,
      "gross_margin": 0.6709196258131334,
      "op_margin": 0.1523037372725295,
      "fcf_margin": 0.22178507848670645,
      "incr_op_margin_yoy": 0.5903698011358312,
      "rev_growth_yoy": 0.19542650764812752,
      "rev_growth_yoy_accel": -0.05846641717815171,
      "op_leverage_ratio": Infinity,
      "fcf_margin_change": 0.03699103844715812
    },
    {
      "date": "2024-03-31T00:00:00",
      "quarter_label": "2024-03 (Q1)",
      "revenue": 401281000,
      "gross_profit": 285298000,
      "operating_income": 106289000,
      "net_income": 85314000,
      "opex": 179009000,
      "cogs": 115983000,
      "rd": 43386000,
      "sga": null,
      "fcf": 161968000,
      "ocf": 167527000,
      "capex": -5559000,
      "gross_margin": 0.7109681245810292,
      "op_margin": 0.2648742402456134,
      "fcf_margin": 0.40362738330496584,
      "incr_op_margin_yoy": 0.4218546496483459,
      "rev_growth_yoy": 0.18073483847618263,
      "rev_growth_yoy_accel": -0.014691669171944893,
      "op_leverage_ratio": 3.983871872189279,
      "fcf_margin_change": 0.1818423048182594
    },
    {
      "date": "2024-06-30T00:00:00",
      "quarter_label": "2024-06 (Q2)",
      "revenue": 357287000,
      "gross_profit": 240407000,
      "operating_income": 62909000,
      "net_income": 48819000,
      "opex": 177498000,
      "cogs": 116880000,
      "rd": 44203000,
      "sga": null,
      "fcf": 73604000,
      "ocf": 79931000,
      "capex": -6327000,
      "gross_margin": 0.6728680304629052,
      "op_margin": 0.17607413647851727,
      "fcf_margin": 0.20600805514894188,
      "incr_op_margin_yoy": 0.277613957488635,
      "rev_growth_yoy": 0.1583190956158637,
      "rev_growth_yoy_accel": -0.022415742860318943,
      "fcf_margin_change": -0.19761932815602395
    },
    {
      "date": "2024-09-30T00:00:00",
      "quarter_label": "2024-09 (Q3)",
      "revenue": 362956000,
      "gross_profit": 247996000,
      "operating_income": 64144000,
      "net_income": 49573000,
      "opex": 183852000,
      "cogs": 114960000,
      "rd": 47260000,
      "sga": null,
      "fcf": 89127000,
      "ocf": 91455000,
      "capex": -2328000,
      "gross_margin": 0.6832673932928509,
      "op_margin": 0.1767266555725763,
      "fcf_margin": 0.2455586903095692,
      "incr_op_margin_yoy": 0.5059510689883183,
      "rev_growth_yoy": 0.14285894214480488,
      "rev_growth_yoy_accel": -0.015460153471058807,
      "op_leverage_ratio": 0.4432364785957657,
      "fcf_margin_change": 0.03955063516062732
    },
    {
      "date": "2024-12-31T00:00:00",
      "quarter_label": "2024-12 (Q4)",
      "revenue": 376980000,
      "gross_profit": 252435000,
      "operating_income": 46623000,
      "net_income": 37465000,
      "opex": 205812000,
      "cogs": 124545000,
      "rd": 56155000,
      "sga": null,
      "fcf": 51216000,
      "ocf": 54201000,
      "capex": -2985000,
      "gross_margin": 0.6696243832564062,
      "op_margin": 0.12367499602100908,
      "fcf_margin": 0.13585866624224097,
      "incr_op_margin_yoy": -0.060905983919081766,
      "rev_growth_yoy": 0.1551012529070569,
      "rev_growth_yoy_accel": 0.012242310762252018,
      "op_leverage_ratio": 0.3234848499903976,
      "fcf_margin_change": -0.10970002406732823
    },
    {
      "date": "2025-03-31T00:00:00",
      "quarter_label": "2025-03 (Q1)",
      "revenue": 454548000,
      "gross_profit": 324695000,
      "operating_income": 127030000,
      "net_income": 91483000,
      "opex": 197665000,
      "cogs": 129853000,
      "rd": 51396000,
      "sga": null,
      "fcf": 183690000,
      "ocf": 186001000,
      "capex": -2311000,
      "gross_margin": 0.7143249997800012,
      "op_margin": 0.279464434999164,
      "fcf_margin": 0.4041157369518731,
      "incr_op_margin_yoy": 0.38937803893592654,
      "rev_growth_yoy": 0.132742392488057,
      "rev_growth_yoy_accel": -0.0223588604189999,
      "op_leverage_ratio": Infinity,
      "fcf_margin_change": 0.2682570707096321
    },
    {
      "date": "2025-06-30T00:00:00",
      "quarter_label": "2025-06 (Q2)",
      "revenue": 400737000,
      "gross_profit": 271872000,
      "operating_income": 66227000,
      "net_income": 48606000,
      "opex": 205645000,
      "cogs": 128865000,
      "rd": 51040000,
      "sga": null,
      "fcf": 81120000,
      "ocf": 86569000,
      "capex": -5449000,
      "gross_margin": 0.6784299927383796,
      "op_margin": 0.1652630029171252,
      "fcf_margin": 0.2024270282005405,
      "incr_op_margin_yoy": 0.07636363636363637,
      "rev_growth_yoy": 0.12161091783356237,
      "rev_growth_yoy_accel": -0.011131474654494627,
      "fcf_margin_change": -0.20168870875133257
    },
    {
      "date": "2025-09-30T00:00:00",
      "quarter_label": "2025-09 (Q3)",
      "revenue": 408172000,
      "gross_profit": 279792000,
      "operating_income": 74211000,
      "net_income": 47991000,
      "opex": 205581000,
      "cogs": 128380000,
      "rd": 55607000,
      "sga": null,
      "fcf": 82659000,
      "ocf": 86456000,
      "capex": -3797000,
      "gross_margin": 0.6854757308193604,
      "op_margin": 0.18181305920053312,
      "fcf_margin": 0.20251021628137159,
      "incr_op_margin_yoy": 0.22264242745930643,
      "rev_growth_yoy": 0.12457708372364694,
      "rev_growth_yoy_accel": 0.0029661658900845683,
      "op_leverage_ratio": Infinity,
      "fcf_margin_change": 8.318808083107587e-05
    }
  ],
  "signals": [
    {
      "quarter": "2025-03 (Q1)",
      "signal": "FCF MARGIN EXPANSION",
      "detail": "FCF margin: +13.6% -> +40.4% (+26.8%)",
      "severity": "MEDIUM"
    },
    {
      "quarter": "2025-03 (Q1)",
      "signal": "GROSS MARGIN INFLECTION",
      "detail": "GM: +68.3% -> +67.0% -> +71.4% (reversal +4.5%)",
      "severity": "MEDIUM"
    },
    {
      "quarter": "2025-03 (Q1)",
      "signal": "INCREMENTAL MARGIN (YoY)",
      "detail": "YoY Incr OPM: +38.9% vs year-ago OPM: +26.5%",
      "severity": "MEDIUM"
    },
    {
      "quarter": "2024-09 (Q3)",
      "signal": "INCREMENTAL MARGIN (YoY)",
      "detail": "YoY Incr OPM: +50.6% vs year-ago OPM: +13.0%",
      "severity": "HIGH"
    },
    {
      "quarter": "2024-06 (Q2)",
      "signal": "INCREMENTAL MARGIN (YoY)",
      "detail": "YoY Incr OPM: +27.8% vs year-ago OPM: +16.0%",
      "severity": "MEDIUM"
    },
    {
      "quarter": "2024-03 (Q1)",
      "signal": "FCF MARGIN EXPANSION",
      "detail": "FCF margin: +22.2% -> +40.4% (+18.2%)",
      "severity": "MEDIUM"
    },
    {
      "quarter": "2024-03 (Q1)",
      "signal": "OPERATING LEVERAGE",
      "detail": "Rev growth +23.0% vs OpEx growth +5.8% (leverage: 4.0x)",
      "severity": "MEDIUM"
    },
    {
      "quarter": "2024-03 (Q1)",
      "signal": "GROSS MARGIN INFLECTION",
      "detail": "GM: +68.1% -> +67.1% -> +71.1% (reversal +4.0%)",
      "severity": "MEDIUM"
    },
    {
      "quarter": "2024-03 (Q1)",
      "signal": "INCREMENTAL MARGIN (YoY)",
      "detail": "YoY Incr OPM: +42.2% vs year-ago OPM: +23.7%",
      "severity": "MEDIUM"
    },
    {
      "quarter": "2023-12 (Q4)",
      "signal": "YoY REVENUE GROWTH DECELERATION",
      "detail": "YoY growth: +19.5% vs prior quarter YoY: +25.4% (decel: -5.8%)",
      "severity": "WARNING"
    },
    {
      "quarter": "2023-12 (Q4)",
      "signal": "INCREMENTAL MARGIN (YoY)",
      "detail": "YoY Incr OPM: +59.0% vs year-ago OPM: +6.7%",
      "severity": "HIGH"
    },
    {
      "quarter": "2023-09 (Q3)",
      "signal": "YoY REVENUE GROWTH DECELERATION",
      "detail": "YoY growth: +25.4% vs prior quarter YoY: +34.7% (decel: -9.3%)",
      "severity": "WARNING"
    },
    {
      "quarter": "2023-09 (Q3)",
      "signal": "INCREMENTAL MARGIN (YoY)",
      "detail": "YoY Incr OPM: +53.0% vs year-ago OPM: +2.8%",
      "severity": "HIGH"
    },
    {
      "quarter": "2023-06 (Q2)",
      "signal": "INCREMENTAL MARGIN (YoY)",
      "detail": "YoY Incr OPM: +38.4% vs year-ago OPM: +8.2%",
      "severity": "HIGH"
    },
    {
      "quarter": "2023-03 (Q1)",
      "signal": "FCF MARGIN EXPANSION",
      "detail": "FCF margin: +21.7% -> +36.9% (+15.2%)",
      "severity": "MEDIUM"
    },
    {
      "quarter": "2023-03 (Q1)",
      "signal": "INCREMENTAL MARGIN (YoY)",
      "detail": "YoY Incr OPM: +35.1% vs year-ago OPM: +19.3%",
      "severity": "MEDIUM"
    },
    {
      "quarter": "2022-12 (Q4)",
      "signal": "FCF MARGIN EXPANSION",
      "detail": "FCF margin: +5.1% -> +21.7% (+16.6%)",
      "severity": "MEDIUM"
    },
    {
      "quarter": "2022-12 (Q4)",
      "signal": "OPERATING LEVERAGE",
      "detail": "Rev growth +7.8% vs OpEx growth +1.9% (leverage: 4.1x)",
      "severity": "MEDIUM"
    },
    {
      "quarter": "2022-06 (Q2)",
      "signal": "INCREMENTAL MARGIN (YoY)",
      "detail": "YoY Incr OPM: +15.8% vs year-ago OPM: +5.4%",
      "severity": "MEDIUM"
    },
    {
      "quarter": "2022-03 (Q1)",
      "signal": "FCF MARGIN EXPANSION",
      "detail": "FCF margin: +12.1% -> +30.0% (+17.9%)",
      "severity": "MEDIUM"
    },
    {
      "quarter": "2022-03 (Q1)",
      "signal": "OPERATING LEVERAGE",
      "detail": "Rev growth +25.5% vs OpEx growth +5.1% (leverage: 5.0x)",
      "severity": "MEDIUM"
    },
    {
      "quarter": "2022-03 (Q1)",
      "signal": "GROSS MARGIN INFLECTION",
      "detail": "GM: +65.2% -> +63.9% -> +69.3% (reversal +5.4%)",
      "severity": "HIGH"
    },
    {
      "quarter": "2021-12 (Q4)",
      "signal": "FCF TURNED POSITIVE",
      "detail": "FCF margin: -4.0% -> +12.1%",
      "severity": "HIGH"
    },
    {
      "quarter": "2021-03 (Q1)",
      "signal": "FCF MARGIN EXPANSION",
      "detail": "FCF margin: +11.8% -> +34.4% (+22.6%)",
      "severity": "MEDIUM"
    },
    {
      "quarter": "2021-03 (Q1)",
      "signal": "OPERATING LEVERAGE",
      "detail": "Rev growth +27.1% vs OpEx growth +3.6% (leverage: 7.5x)",
      "severity": "MEDIUM"
    }
  ],
  "data_quality": {
    "n_quarters": 20,
    "coverage": {
      "revenue": [
        20,
        20
      ],
      "gross_profit": [
        20,
        20
      ],
      "op_income": [
        20,
        20
      ],
      "fcf": [
        20,
        20
      ]
    },
    "gaps": [],
    "warnings": []
  },
  "market_cap": null,
  "source": "SEC EDGAR",
  "last_updated": "2026-02-02T20:46:34.396935"
}