{
  "ticker": "PDEX",
  "name": "PRO-DEX, INC.",
  "quarters": [
    {
      "date": "2021-03-31T00:00:00",
      "quarter_label": "2021-03 (Q1)",
      "revenue": 11739000,
      "gross_profit": 4385000,
      "operating_income": 1865000,
      "net_income": 1995000,
      "opex": 2520000,
      "cogs": 7354000,
      "rd": 1104000,
      "sga": null,
      "fcf": -3888000,
      "ocf": -3888000,
      "capex": null,
      "gross_margin": 0.37354118749467585,
      "op_margin": 0.15887213561632166,
      "fcf_margin": -0.33120368004088935
    },
    {
      "date": "2021-06-30T00:00:00",
      "quarter_label": "2021-06 (Q2)",
      "revenue": 9435000,
      "gross_profit": 3119000,
      "operating_income": 590000,
      "net_income": 1107000,
      "opex": 2529000,
      "cogs": 6316000,
      "rd": 1200000,
      "sga": null,
      "fcf": 725000,
      "ocf": 725000,
      "capex": null,
      "gross_margin": 0.3305776364599894,
      "op_margin": 0.06253312135665076,
      "fcf_margin": 0.07684154742978272,
      "fcf_margin_change": 0.40804522747067207
    },
    {
      "date": "2021-09-30T00:00:00",
      "quarter_label": "2021-09 (Q3)",
      "revenue": 9988000,
      "gross_profit": 3428000,
      "operating_income": 1318000,
      "net_income": 1064000,
      "opex": 2110000,
      "cogs": 6560000,
      "rd": 980000,
      "sga": null,
      "fcf": 1853000,
      "ocf": 2701000,
      "capex": -848000,
      "gross_margin": 0.34321185422507006,
      "op_margin": 0.13195835002002404,
      "fcf_margin": 0.1855226271525831,
      "op_leverage_ratio": Infinity,
      "fcf_margin_change": 0.10868107972280039
    },
    {
      "date": "2021-12-31T00:00:00",
      "quarter_label": "2021-12 (Q4)",
      "revenue": 10173000,
      "gross_profit": 3404000,
      "operating_income": 1602000,
      "net_income": 925000,
      "opex": 1802000,
      "cogs": 6769000,
      "rd": 615000,
      "sga": null,
      "fcf": 1294000,
      "ocf": 1518000,
      "capex": -224000,
      "gross_margin": 0.33461122579376784,
      "op_margin": 0.15747567089354172,
      "fcf_margin": 0.12719944952324783,
      "op_leverage_ratio": Infinity,
      "fcf_margin_change": -0.05832317762933528
    },
    {
      "date": "2022-03-31T00:00:00",
      "quarter_label": "2022-03 (Q1)",
      "revenue": 9265000,
      "gross_profit": 2858000,
      "operating_income": 1021000,
      "net_income": 462000,
      "opex": 1837000,
      "cogs": 6407000,
      "rd": 658000,
      "sga": null,
      "fcf": 15000,
      "ocf": 213000,
      "capex": -198000,
      "gross_margin": 0.3084727468969239,
      "op_margin": 0.11019967620075553,
      "fcf_margin": 0.0016189962223421479,
      "incr_op_margin_yoy": 0.34114793856103476,
      "rev_growth_yoy": -0.21075048982025726,
      "fcf_margin_change": -0.12558045330090567
    },
    {
      "date": "2022-06-30T00:00:00",
      "quarter_label": "2022-06 (Q2)",
      "revenue": 12615000,
      "gross_profit": 3443000,
      "operating_income": 1183000,
      "net_income": 1837000,
      "opex": 2260000,
      "cogs": 9172000,
      "rd": 726000,
      "sga": null,
      "fcf": -5647000,
      "ocf": -5279000,
      "capex": -368000,
      "gross_margin": 0.2729290527150218,
      "op_margin": 0.09377724930638129,
      "fcf_margin": -0.44764169639318274,
      "incr_op_margin_yoy": 0.18647798742138363,
      "rev_growth_yoy": 0.3370429252782194,
      "rev_growth_yoy_accel": 0.5477934150984767,
      "op_leverage_ratio": 1.57024772300748,
      "fcf_margin_change": -0.44926069261552487
    },
    {
      "date": "2022-09-30T00:00:00",
      "quarter_label": "2022-09 (Q3)",
      "revenue": 11087000,
      "gross_profit": 2956000,
      "operating_income": 950000,
      "net_income": 1076000,
      "opex": 2006000,
      "cogs": 8131000,
      "rd": 929000,
      "sga": null,
      "fcf": 2714000,
      "ocf": 2892000,
      "capex": -178000,
      "gross_margin": 0.2666185622801479,
      "op_margin": 0.08568593848651573,
      "fcf_margin": 0.24479119689726708,
      "incr_op_margin_yoy": -0.3348498635122839,
      "rev_growth_yoy": 0.11003203844613536,
      "rev_growth_yoy_accel": -0.22701088683208404,
      "fcf_margin_change": 0.6924328932904498
    },
    {
      "date": "2022-12-31T00:00:00",
      "quarter_label": "2022-12 (Q4)",
      "revenue": 11282000,
      "gross_profit": 2623000,
      "operating_income": 1137000,
      "net_income": 879000,
      "opex": 1486000,
      "cogs": 8659000,
      "rd": 467000,
      "sga": null,
      "fcf": -904000,
      "ocf": -395000,
      "capex": -509000,
      "gross_margin": 0.2324942386101755,
      "op_margin": 0.10078000354547066,
      "fcf_margin": -0.08012763694380429,
      "incr_op_margin_yoy": -0.4192966636609558,
      "rev_growth_yoy": 0.10901405681706478,
      "rev_growth_yoy_accel": -0.0010179816290705884,
      "op_leverage_ratio": Infinity,
      "fcf_margin_change": -0.32491883384107134
    },
    {
      "date": "2023-03-31T00:00:00",
      "quarter_label": "2023-03 (Q1)",
      "revenue": 13079000,
      "gross_profit": 3811000,
      "operating_income": 2065000,
      "net_income": 1313000,
      "opex": 1746000,
      "cogs": 9268000,
      "rd": 713000,
      "sga": null,
      "fcf": 2203000,
      "ocf": 2338000,
      "capex": -135000,
      "gross_margin": 0.2913831332670693,
      "op_margin": 0.1578866885847542,
      "fcf_margin": 0.16843795397201622,
      "incr_op_margin_yoy": 0.27372836916622967,
      "rev_growth_yoy": 0.4116567728008635,
      "rev_growth_yoy_accel": 0.3026427159837987,
      "op_leverage_ratio": 0.9103480015818254,
      "fcf_margin_change": 0.2485655909158205
    },
    {
      "date": "2023-06-30T00:00:00",
      "quarter_label": "2023-06 (Q2)",
      "revenue": 10639000,
      "gross_profit": 3359000,
      "operating_income": 1610000,
      "net_income": 3806000,
      "opex": 1749000,
      "cogs": 7280000,
      "rd": 695000,
      "sga": null,
      "fcf": 627000,
      "ocf": 627000,
      "capex": null,
      "gross_margin": 0.3157251621392988,
      "op_margin": 0.15133001221919354,
      "fcf_margin": 0.058934110348716984,
      "incr_op_margin_yoy": -0.21609311740890688,
      "rev_growth_yoy": -0.15663892191835116,
      "rev_growth_yoy_accel": -0.5682956947192146,
      "fcf_margin_change": -0.10950384362329924
    },
    {
      "date": "2023-09-30T00:00:00",
      "quarter_label": "2023-09 (Q3)",
      "revenue": 11938000,
      "gross_profit": 3658000,
      "operating_income": 1833000,
      "net_income": -615000,
      "opex": 1825000,
      "cogs": 8280000,
      "rd": 805000,
      "sga": null,
      "fcf": 266000,
      "ocf": 392000,
      "capex": -126000,
      "gross_margin": 0.30641648517339587,
      "op_margin": 0.15354330708661418,
      "fcf_margin": 0.022281789244429553,
      "rev_growth_yoy": 0.07675656173897358,
      "rev_growth_yoy_accel": 0.23339548365732474,
      "op_leverage_ratio": 2.8098592071870625,
      "fcf_margin_change": -0.03665232110428743
    },
    {
      "date": "2023-12-31T00:00:00",
      "quarter_label": "2023-12 (Q4)",
      "revenue": 12588000,
      "gross_profit": 2802000,
      "operating_income": 777000,
      "net_income": 500000,
      "opex": 2025000,
      "cogs": 9786000,
      "rd": 788000,
      "sga": null,
      "fcf": 77000,
      "ocf": 710000,
      "capex": -633000,
      "gross_margin": 0.22259294566253573,
      "op_margin": 0.0617254528122021,
      "fcf_margin": 0.006116936765173181,
      "incr_op_margin_yoy": -0.27565084226646247,
      "rev_growth_yoy": 0.11575961708916858,
      "rev_growth_yoy_accel": 0.03900305535019501,
      "op_leverage_ratio": 0.4968378287820406,
      "fcf_margin_change": -0.01616485247925637
    },
    {
      "date": "2024-03-31T00:00:00",
      "quarter_label": "2024-03 (Q1)",
      "revenue": 14293000,
      "gross_profit": 4002000,
      "operating_income": 2213000,
      "net_income": 655000,
      "opex": 1789000,
      "cogs": 10291000,
      "rd": 760000,
      "sga": null,
      "fcf": 3960000,
      "ocf": 4077000,
      "capex": -117000,
      "gross_margin": 0.2799972014272721,
      "op_margin": 0.1548310361715525,
      "fcf_margin": 0.2770587000629679,
      "incr_op_margin_yoy": 0.12191103789126853,
      "rev_growth_yoy": 0.0928205520299717,
      "rev_growth_yoy_accel": -0.022939065059196878,
      "op_leverage_ratio": Infinity,
      "fcf_margin_change": 0.27094176329779474
    },
    {
      "date": "2024-06-30T00:00:00",
      "quarter_label": "2024-06 (Q2)",
      "revenue": 15025000,
      "gross_profit": 4089000,
      "operating_income": 2351000,
      "net_income": 1587000,
      "opex": 1738000,
      "cogs": 10936000,
      "rd": 836000,
      "sga": null,
      "fcf": 1045000,
      "ocf": 1045000,
      "capex": null,
      "gross_margin": 0.2721464226289517,
      "op_margin": 0.15647254575707154,
      "fcf_margin": 0.06955074875207987,
      "incr_op_margin_yoy": 0.1689466484268126,
      "rev_growth_yoy": 0.4122567910517906,
      "rev_growth_yoy_accel": 0.3194362390218189,
      "op_leverage_ratio": Infinity,
      "fcf_margin_change": -0.20750795131088803
    },
    {
      "date": "2024-09-30T00:00:00",
      "quarter_label": "2024-09 (Q3)",
      "revenue": 14892000,
      "gross_profit": 5150000,
      "operating_income": 3013000,
      "net_income": 2466000,
      "opex": 2137000,
      "cogs": 9742000,
      "rd": 843000,
      "sga": null,
      "fcf": 1456000,
      "ocf": 1887000,
      "capex": -431000,
      "gross_margin": 0.34582326081117376,
      "op_margin": 0.20232339511146924,
      "fcf_margin": 0.09777061509535322,
      "incr_op_margin_yoy": 0.3994583615436696,
      "rev_growth_yoy": 0.2474451331881387,
      "rev_growth_yoy_accel": -0.16481165786365187,
      "fcf_margin_change": 0.02821986634327335
    },
    {
      "date": "2024-12-31T00:00:00",
      "quarter_label": "2024-12 (Q4)",
      "revenue": 16793000,
      "gross_profit": 5072000,
      "operating_income": 2692000,
      "net_income": 2040000,
      "opex": 2380000,
      "cogs": 11721000,
      "rd": 942000,
      "sga": 1438000,
      "fcf": -4692000,
      "ocf": -4150000,
      "capex": -542000,
      "gross_margin": 0.302030607991425,
      "op_margin": 0.160304888941821,
      "fcf_margin": -0.2794021318406479,
      "incr_op_margin_yoy": 0.45541022592152197,
      "rev_growth_yoy": 0.3340482999682237,
      "rev_growth_yoy_accel": 0.086603166780085,
      "op_leverage_ratio": 1.1226059452474828,
      "fcf_margin_change": -0.3771727469360011
    },
    {
      "date": "2025-03-31T00:00:00",
      "quarter_label": "2025-03 (Q1)",
      "revenue": 17414000,
      "gross_profit": 5798000,
      "operating_income": 3640000,
      "net_income": 3275000,
      "opex": 2158000,
      "cogs": 11616000,
      "rd": 947000,
      "sga": null,
      "fcf": 574000,
      "ocf": 754000,
      "capex": -180000,
      "gross_margin": 0.3329504995980246,
      "op_margin": 0.20902721947858044,
      "fcf_margin": 0.03296198461008384,
      "incr_op_margin_yoy": 0.45722524831784683,
      "rev_growth_yoy": 0.21835863709508152,
      "rev_growth_yoy_accel": -0.1156896628731422,
      "op_leverage_ratio": Infinity,
      "fcf_margin_change": 0.3123641164507317
    },
    {
      "date": "2025-06-30T00:00:00",
      "quarter_label": "2025-06 (Q2)",
      "revenue": 17494000,
      "gross_profit": 3491000,
      "operating_income": 1344000,
      "net_income": 1197000,
      "opex": 2147000,
      "cogs": 14003000,
      "rd": 905000,
      "sga": null,
      "fcf": -173000,
      "ocf": -173000,
      "capex": null,
      "gross_margin": 0.19955413284554704,
      "op_margin": 0.07682634045958614,
      "fcf_margin": -0.009889104835943753,
      "incr_op_margin_yoy": -0.40785743215876874,
      "rev_growth_yoy": 0.1643261231281198,
      "rev_growth_yoy_accel": -0.05403251396696171,
      "fcf_margin_change": -0.04285108944602759
    },
    {
      "date": "2025-09-30T00:00:00",
      "quarter_label": "2025-09 (Q3)",
      "revenue": 18530000,
      "gross_profit": 5367000,
      "operating_income": 3109000,
      "net_income": 4680000,
      "opex": 2258000,
      "cogs": 13163000,
      "rd": 768000,
      "sga": null,
      "fcf": 2212000,
      "ocf": 2310000,
      "capex": -98000,
      "gross_margin": 0.28963842417701025,
      "op_margin": 0.16778197517539126,
      "fcf_margin": 0.11937398812736104,
      "incr_op_margin_yoy": 0.026388125343595383,
      "rev_growth_yoy": 0.24429223744292236,
      "rev_growth_yoy_accel": 0.07996611431480255,
      "op_leverage_ratio": 1.1454593956023018,
      "fcf_margin_change": 0.1292630929633048
    },
    {
      "date": "2025-12-31T00:00:00",
      "quarter_label": "2025-12 (Q4)",
      "revenue": 18663000,
      "gross_profit": 5743000,
      "operating_income": 3259000,
      "net_income": 2187000,
      "opex": 2484000,
      "cogs": 12920000,
      "rd": 734000,
      "sga": 1750000,
      "fcf": 3502000,
      "ocf": 3572000,
      "capex": -70000,
      "gross_margin": 0.30772115951347584,
      "op_margin": 0.17462358677597387,
      "fcf_margin": 0.1876440015002947,
      "incr_op_margin_yoy": 0.30320855614973263,
      "rev_growth_yoy": 0.11135592211040314,
      "rev_growth_yoy_accel": -0.1329363153325192,
      "fcf_margin_change": 0.06827001337293366
    }
  ],
  "signals": [
    {
      "quarter": "2025-12 (Q4)",
      "signal": "FCF MARGIN EXPANSION",
      "detail": "FCF margin: +11.9% -> +18.8% (+6.8%)",
      "severity": "MEDIUM"
    },
    {
      "quarter": "2025-12 (Q4)",
      "signal": "YoY REVENUE GROWTH DECELERATION",
      "detail": "YoY growth: +11.1% vs prior quarter YoY: +24.4% (decel: -13.3%)",
      "severity": "WARNING"
    },
    {
      "quarter": "2025-12 (Q4)",
      "signal": "INCREMENTAL MARGIN (YoY)",
      "detail": "YoY Incr OPM: +30.3% vs year-ago OPM: +16.0%",
      "severity": "MEDIUM"
    },
    {
      "quarter": "2025-09 (Q3)",
      "signal": "FCF TURNED POSITIVE",
      "detail": "FCF margin: -1.0% -> +11.9%",
      "severity": "HIGH"
    },
    {
      "quarter": "2025-09 (Q3)",
      "signal": "GROSS MARGIN INFLECTION",
      "detail": "GM: +33.3% -> +20.0% -> +29.0% (reversal +9.0%)",
      "severity": "HIGH"
    },
    {
      "quarter": "2025-09 (Q3)",
      "signal": "YoY REVENUE GROWTH ACCELERATION",
      "detail": "YoY growth: +24.4% vs prior quarter YoY: +16.4% (accel: +8.0%)",
      "severity": "MEDIUM"
    },
    {
      "quarter": "2025-06 (Q2)",
      "signal": "YoY REVENUE GROWTH DECELERATION",
      "detail": "YoY growth: +16.4% vs prior quarter YoY: +21.8% (decel: -5.4%)",
      "severity": "WARNING"
    },
    {
      "quarter": "2025-03 (Q1)",
      "signal": "FCF TURNED POSITIVE",
      "detail": "FCF margin: -27.9% -> +3.3%",
      "severity": "HIGH"
    },
    {
      "quarter": "2025-03 (Q1)",
      "signal": "GROSS MARGIN INFLECTION",
      "detail": "GM: +34.6% -> +30.2% -> +33.3% (reversal +3.1%)",
      "severity": "MEDIUM"
    },
    {
      "quarter": "2025-03 (Q1)",
      "signal": "YoY REVENUE GROWTH DECELERATION",
      "detail": "YoY growth: +21.8% vs prior quarter YoY: +33.4% (decel: -11.6%)",
      "severity": "WARNING"
    },
    {
      "quarter": "2025-03 (Q1)",
      "signal": "INCREMENTAL MARGIN (YoY)",
      "detail": "YoY Incr OPM: +45.7% vs year-ago OPM: +15.5%",
      "severity": "HIGH"
    },
    {
      "quarter": "2024-12 (Q4)",
      "signal": "YoY REVENUE GROWTH ACCELERATION",
      "detail": "YoY growth: +33.4% vs prior quarter YoY: +24.7% (accel: +8.7%)",
      "severity": "MEDIUM"
    },
    {
      "quarter": "2024-12 (Q4)",
      "signal": "INCREMENTAL MARGIN (YoY)",
      "detail": "YoY Incr OPM: +45.5% vs year-ago OPM: +6.2%",
      "severity": "HIGH"
    },
    {
      "quarter": "2024-09 (Q3)",
      "signal": "GROSS MARGIN INFLECTION",
      "detail": "GM: +28.0% -> +27.2% -> +34.6% (reversal +7.4%)",
      "severity": "HIGH"
    },
    {
      "quarter": "2024-09 (Q3)",
      "signal": "YoY REVENUE GROWTH DECELERATION",
      "detail": "YoY growth: +24.7% vs prior quarter YoY: +41.2% (decel: -16.5%)",
      "severity": "WARNING"
    },
    {
      "quarter": "2024-09 (Q3)",
      "signal": "INCREMENTAL MARGIN (YoY)",
      "detail": "YoY Incr OPM: +39.9% vs year-ago OPM: +15.4%",
      "severity": "HIGH"
    },
    {
      "quarter": "2024-06 (Q2)",
      "signal": "YoY REVENUE GROWTH ACCELERATION",
      "detail": "YoY growth: +41.2% vs prior quarter YoY: +9.3% (accel: +31.9%)",
      "severity": "HIGH"
    },
    {
      "quarter": "2024-03 (Q1)",
      "signal": "FCF MARGIN EXPANSION",
      "detail": "FCF margin: +0.6% -> +27.7% (+27.1%)",
      "severity": "MEDIUM"
    },
    {
      "quarter": "2024-03 (Q1)",
      "signal": "GROSS MARGIN INFLECTION",
      "detail": "GM: +30.6% -> +22.3% -> +28.0% (reversal +5.7%)",
      "severity": "HIGH"
    },
    {
      "quarter": "2023-09 (Q3)",
      "signal": "OPERATING LEVERAGE",
      "detail": "Rev growth +12.2% vs OpEx growth +4.3% (leverage: 2.8x)",
      "severity": "MEDIUM"
    },
    {
      "quarter": "2023-09 (Q3)",
      "signal": "YoY REVENUE GROWTH ACCELERATION",
      "detail": "YoY growth: +7.7% vs prior quarter YoY: -15.7% (accel: +23.3%)",
      "severity": "HIGH"
    },
    {
      "quarter": "2023-06 (Q2)",
      "signal": "YoY REVENUE GROWTH DECELERATION",
      "detail": "YoY growth: -15.7% vs prior quarter YoY: +41.2% (decel: -56.8%)",
      "severity": "WARNING"
    },
    {
      "quarter": "2023-03 (Q1)",
      "signal": "FCF TURNED POSITIVE",
      "detail": "FCF margin: -8.0% -> +16.8%",
      "severity": "HIGH"
    },
    {
      "quarter": "2023-03 (Q1)",
      "signal": "GROSS MARGIN INFLECTION",
      "detail": "GM: +26.7% -> +23.2% -> +29.1% (reversal +5.9%)",
      "severity": "HIGH"
    },
    {
      "quarter": "2023-03 (Q1)",
      "signal": "YoY REVENUE GROWTH ACCELERATION",
      "detail": "YoY growth: +41.2% vs prior quarter YoY: +10.9% (accel: +30.3%)",
      "severity": "HIGH"
    },
    {
      "quarter": "2023-03 (Q1)",
      "signal": "INCREMENTAL MARGIN (YoY)",
      "detail": "YoY Incr OPM: +27.4% vs year-ago OPM: +11.0%",
      "severity": "MEDIUM"
    },
    {
      "quarter": "2022-09 (Q3)",
      "signal": "FCF TURNED POSITIVE",
      "detail": "FCF margin: -44.8% -> +24.5%",
      "severity": "HIGH"
    },
    {
      "quarter": "2022-09 (Q3)",
      "signal": "YoY REVENUE GROWTH DECELERATION",
      "detail": "YoY growth: +11.0% vs prior quarter YoY: +33.7% (decel: -22.7%)",
      "severity": "WARNING"
    },
    {
      "quarter": "2022-06 (Q2)",
      "signal": "OPERATING LEVERAGE",
      "detail": "Rev growth +36.2% vs OpEx growth +23.0% (leverage: 1.6x)",
      "severity": "MEDIUM"
    },
    {
      "quarter": "2022-06 (Q2)",
      "signal": "YoY REVENUE GROWTH ACCELERATION",
      "detail": "YoY growth: +33.7% vs prior quarter YoY: -21.1% (accel: +54.8%)",
      "severity": "HIGH"
    },
    {
      "quarter": "2022-06 (Q2)",
      "signal": "INCREMENTAL MARGIN (YoY)",
      "detail": "YoY Incr OPM: +18.6% vs year-ago OPM: +6.3%",
      "severity": "MEDIUM"
    },
    {
      "quarter": "2022-03 (Q1)",
      "signal": "INCREMENTAL MARGIN (YoY)",
      "detail": "YoY Incr OPM: +34.1% vs year-ago OPM: +15.9%",
      "severity": "MEDIUM"
    },
    {
      "quarter": "2021-09 (Q3)",
      "signal": "FCF MARGIN EXPANSION",
      "detail": "FCF margin: +7.7% -> +18.6% (+10.9%)",
      "severity": "MEDIUM"
    },
    {
      "quarter": "2021-06 (Q2)",
      "signal": "FCF TURNED POSITIVE",
      "detail": "FCF margin: -33.1% -> +7.7%",
      "severity": "HIGH"
    }
  ],
  "data_quality": {
    "n_quarters": 20,
    "coverage": {
      "revenue": [
        20,
        20
      ],
      "gross_profit": [
        20,
        20
      ],
      "op_income": [
        20,
        20
      ],
      "fcf": [
        20,
        20
      ]
    },
    "gaps": [],
    "warnings": []
  },
  "market_cap": null,
  "source": "SEC EDGAR",
  "last_updated": "2026-02-02T23:12:54.269606"
}