{
  "ticker": "PEN",
  "name": "Penumbra, Inc.",
  "quarters": [
    {
      "date": "2020-12-31T00:00:00",
      "quarter_label": "2020-12 (Q4)",
      "revenue": 166898000,
      "gross_profit": 94313000,
      "operating_income": -1745000,
      "net_income": 3648000,
      "opex": 96058000,
      "cogs": 72585000,
      "rd": null,
      "sga": 76603000,
      "fcf": -5836000,
      "ocf": -2083000,
      "capex": -3753000,
      "gross_margin": 0.5650936500137809,
      "op_margin": -0.010455487782957256,
      "fcf_margin": -0.034967465158360196
    },
    {
      "date": "2021-03-31T00:00:00",
      "quarter_label": "2021-03 (Q1)",
      "revenue": 169204000,
      "gross_profit": 111337000,
      "operating_income": 13463000,
      "net_income": 11836000,
      "opex": 97874000,
      "cogs": 57867000,
      "rd": 18076000,
      "sga": 79798000,
      "fcf": -18359000,
      "ocf": -14368000,
      "capex": -3991000,
      "gross_margin": 0.6580045388997896,
      "op_margin": 0.07956667691071133,
      "fcf_margin": -0.10850216306943099,
      "op_leverage_ratio": 0.7308459866515848,
      "fcf_margin_change": -0.07353469791107078
    },
    {
      "date": "2021-06-30T00:00:00",
      "quarter_label": "2021-06 (Q2)",
      "revenue": 184258000,
      "gross_profit": 118686000,
      "operating_income": 10312000,
      "net_income": 9231000,
      "opex": 108374000,
      "cogs": 65572000,
      "rd": 17738000,
      "sga": 90636000,
      "fcf": -6605000,
      "ocf": -3310000,
      "capex": -3295000,
      "gross_margin": 0.644129427216186,
      "op_margin": 0.05596500558998795,
      "fcf_margin": -0.03584647613672134,
      "op_leverage_ratio": 0.8293146261317699,
      "fcf_margin_change": 0.07265568693270966
    },
    {
      "date": "2021-09-30T00:00:00",
      "quarter_label": "2021-09 (Q3)",
      "revenue": 190117000,
      "gross_profit": 119912000,
      "operating_income": 8781000,
      "net_income": 8850000,
      "opex": 111131000,
      "cogs": 70205000,
      "rd": 16734000,
      "sga": 94397000,
      "fcf": 30648000,
      "ocf": 36450000,
      "capex": -5802000,
      "gross_margin": 0.6307273941835817,
      "op_margin": 0.04618734779109706,
      "fcf_margin": 0.16120599420356937,
      "op_leverage_ratio": 1.249929396557089,
      "fcf_margin_change": 0.19705247034029072
    },
    {
      "date": "2021-12-31T00:00:00",
      "quarter_label": "2021-12 (Q4)",
      "revenue": 204011000,
      "gross_profit": 125447000,
      "operating_income": -40057000,
      "net_income": -24633000,
      "opex": 165504000,
      "cogs": 78564000,
      "rd": null,
      "sga": 113500000,
      "fcf": -17362000,
      "ocf": -9270000,
      "capex": -8092000,
      "gross_margin": 0.6149031179691291,
      "op_margin": -0.19634725578522727,
      "fcf_margin": -0.08510325423629118,
      "incr_op_margin_yoy": -1.03230673887856,
      "rev_growth_yoy": 0.2223693513403396,
      "op_leverage_ratio": 0.1493682416746764,
      "fcf_margin_change": -0.24630924843986057
    },
    {
      "date": "2022-03-31T00:00:00",
      "quarter_label": "2022-03 (Q1)",
      "revenue": 203895000,
      "gross_profit": 127418000,
      "operating_income": -4046000,
      "net_income": 79000,
      "opex": 131464000,
      "cogs": 76477000,
      "rd": 20564000,
      "sga": 110900000,
      "fcf": -9471000,
      "ocf": -4514000,
      "capex": -4957000,
      "gross_margin": 0.6249196890556414,
      "op_margin": -0.01984354692366169,
      "fcf_margin": -0.04645037887147797,
      "incr_op_margin_yoy": -0.504713037963737,
      "rev_growth_yoy": 0.20502470390770905,
      "rev_growth_yoy_accel": -0.01734464743263056,
      "fcf_margin_change": 0.03865287536481322
    },
    {
      "date": "2022-06-30T00:00:00",
      "quarter_label": "2022-06 (Q2)",
      "revenue": 208344000,
      "gross_profit": 134035000,
      "operating_income": -139000,
      "net_income": -3687000,
      "opex": 134174000,
      "cogs": 74309000,
      "rd": 19559000,
      "sga": 114615000,
      "fcf": -44006000,
      "ocf": -39575000,
      "capex": -4431000,
      "gross_margin": 0.6433350612448643,
      "op_margin": -0.0006671658411089353,
      "fcf_margin": -0.21121798563913527,
      "incr_op_margin_yoy": -0.4339035124138504,
      "rev_growth_yoy": 0.13071888330493112,
      "rev_growth_yoy_accel": -0.07430582060277793,
      "op_leverage_ratio": 1.0585061390671289,
      "fcf_margin_change": -0.1647676067676573
    },
    {
      "date": "2022-09-30T00:00:00",
      "quarter_label": "2022-09 (Q3)",
      "revenue": 213678000,
      "gross_profit": 135327000,
      "operating_income": 5434000,
      "net_income": -2271000,
      "opex": 129893000,
      "cogs": 78351000,
      "rd": 21320000,
      "sga": 108573000,
      "fcf": -19257000,
      "ocf": -12909000,
      "capex": -6348000,
      "gross_margin": 0.6333221014797967,
      "op_margin": 0.02543078838251949,
      "fcf_margin": -0.09012158481453401,
      "incr_op_margin_yoy": -0.14205678876108824,
      "rev_growth_yoy": 0.12392894901560618,
      "rev_growth_yoy_accel": -0.0067899342893249365,
      "op_leverage_ratio": Infinity,
      "fcf_margin_change": 0.12109640082460126
    },
    {
      "date": "2022-12-31T00:00:00",
      "quarter_label": "2022-12 (Q4)",
      "revenue": 221216000,
      "gross_profit": 138427000,
      "operating_income": 4833000,
      "net_income": 3877000,
      "opex": 133594000,
      "cogs": 82789000,
      "rd": null,
      "sga": 115630000,
      "fcf": -2225000,
      "ocf": 1337000,
      "capex": -3562000,
      "gross_margin": 0.6257549182699262,
      "op_margin": 0.021847425141038622,
      "fcf_margin": -0.010058042817879358,
      "incr_op_margin_yoy": 2.6091252542865444,
      "rev_growth_yoy": 0.08433368788937852,
      "rev_growth_yoy_accel": -0.03959526112622766,
      "op_leverage_ratio": 1.2381207020068292,
      "fcf_margin_change": 0.08006354199665466
    },
    {
      "date": "2023-03-31T00:00:00",
      "quarter_label": "2023-03 (Q1)",
      "revenue": 241398000,
      "gross_profit": 151072000,
      "operating_income": 8008000,
      "net_income": 8562000,
      "opex": 143064000,
      "cogs": 90326000,
      "rd": 19986000,
      "sga": 123078000,
      "fcf": 9235000,
      "ocf": 13129000,
      "capex": -3894000,
      "gross_margin": 0.6258212578397501,
      "op_margin": 0.0331734314285951,
      "fcf_margin": 0.03825632358180266,
      "incr_op_margin_yoy": 0.3214142868570514,
      "rev_growth_yoy": 0.18393290664312514,
      "rev_growth_yoy_accel": 0.09959921875374662,
      "op_leverage_ratio": 1.2870180598022396,
      "fcf_margin_change": 0.04831436639968202
    },
    {
      "date": "2023-06-30T00:00:00",
      "quarter_label": "2023-06 (Q2)",
      "revenue": 261499000,
      "gross_profit": 166861000,
      "operating_income": 17889000,
      "net_income": 18960000,
      "opex": 148972000,
      "cogs": 94638000,
      "rd": 21537000,
      "sga": 127435000,
      "fcf": 12757000,
      "ocf": 17099000,
      "capex": -4342000,
      "gross_margin": 0.6380942183335309,
      "op_margin": 0.06840943942424255,
      "fcf_margin": 0.04878412536950428,
      "incr_op_margin_yoy": 0.3391590631172985,
      "rev_growth_yoy": 0.25513093729601044,
      "rev_growth_yoy_accel": 0.0711980306528853,
      "op_leverage_ratio": 2.0163869259801332,
      "fcf_margin_change": 0.010527801787701616
    },
    {
      "date": "2023-09-30T00:00:00",
      "quarter_label": "2023-09 (Q3)",
      "revenue": 270946000,
      "gross_profit": 177718000,
      "operating_income": 12625000,
      "net_income": 9214000,
      "opex": 165093000,
      "cogs": 93228000,
      "rd": null,
      "sga": 125920000,
      "fcf": 27512000,
      "ocf": 30844000,
      "capex": -3332000,
      "gross_margin": 0.6559166771238549,
      "op_margin": 0.046596000679102106,
      "fcf_margin": 0.10154052837096691,
      "incr_op_margin_yoy": 0.12556750715932108,
      "rev_growth_yoy": 0.2680107451398834,
      "rev_growth_yoy_accel": 0.012879807843872937,
      "op_leverage_ratio": 0.3338386022179795,
      "fcf_margin_change": 0.052756403001462636
    },
    {
      "date": "2023-12-31T00:00:00",
      "quarter_label": "2023-12 (Q4)",
      "revenue": 284679000,
      "gross_profit": 186992000,
      "operating_income": 35029000,
      "net_income": 54218000,
      "opex": 151963000,
      "cogs": 97687000,
      "rd": null,
      "sga": 130021000,
      "fcf": 32616000,
      "ocf": 36261000,
      "capex": -3645000,
      "gross_margin": 0.6568521035973851,
      "op_margin": 0.1230473621166296,
      "fcf_margin": 0.11457114855679555,
      "incr_op_margin_yoy": 0.4758047996470384,
      "rev_growth_yoy": 0.28688250397801246,
      "rev_growth_yoy_accel": 0.018871758838129082,
      "op_leverage_ratio": Infinity,
      "fcf_margin_change": 0.013030620185828637
    },
    {
      "date": "2024-03-31T00:00:00",
      "quarter_label": "2024-03 (Q1)",
      "revenue": 278655000,
      "gross_profit": 181139000,
      "operating_income": 12101000,
      "net_income": 11002000,
      "opex": 169038000,
      "cogs": 97516000,
      "rd": null,
      "sga": 144412000,
      "fcf": 32471000,
      "ocf": 38295000,
      "capex": -5824000,
      "gross_margin": 0.6500475498376128,
      "op_margin": 0.04342645924171466,
      "fcf_margin": 0.11652760582081785,
      "incr_op_margin_yoy": 0.10985855007112758,
      "rev_growth_yoy": 0.15433847836353243,
      "rev_growth_yoy_accel": -0.13254402561448003,
      "fcf_margin_change": 0.001956457264022299
    },
    {
      "date": "2024-06-30T00:00:00",
      "quarter_label": "2024-06 (Q2)",
      "revenue": 299403000,
      "gross_profit": 162829000,
      "operating_income": -80961000,
      "net_income": -60200000,
      "opex": 243790000,
      "cogs": 136574000,
      "rd": null,
      "sga": 141903000,
      "fcf": 18075000,
      "ocf": 22611000,
      "capex": -4536000,
      "gross_margin": 0.543845586049572,
      "op_margin": -0.2704081121431649,
      "fcf_margin": 0.06037013657177784,
      "incr_op_margin_yoy": -2.607904178978472,
      "rev_growth_yoy": 0.14494892905900214,
      "rev_growth_yoy_accel": -0.009389549304530287,
      "op_leverage_ratio": 0.1683724099379775,
      "fcf_margin_change": -0.05615746924904001
    },
    {
      "date": "2024-09-30T00:00:00",
      "quarter_label": "2024-09 (Q3)",
      "revenue": 301039000,
      "gross_profit": 200306000,
      "operating_income": 35364000,
      "net_income": 29527000,
      "opex": 164942000,
      "cogs": 100733000,
      "rd": null,
      "sga": 139737000,
      "fcf": 51016000,
      "ocf": 56467000,
      "capex": -5451000,
      "gross_margin": 0.6653822262231804,
      "op_margin": 0.11747315131926428,
      "fcf_margin": 0.16946641465059345,
      "incr_op_margin_yoy": 0.7556242315488652,
      "rev_growth_yoy": 0.11106641175732433,
      "rev_growth_yoy_accel": -0.03388251730167781,
      "fcf_margin_change": 0.10909627807881561
    },
    {
      "date": "2024-12-31T00:00:00",
      "quarter_label": "2024-12 (Q4)",
      "revenue": 315518000,
      "gross_profit": 210721000,
      "operating_income": 42775000,
      "net_income": 33683000,
      "opex": 167946000,
      "cogs": 104797000,
      "rd": null,
      "sga": 147936000,
      "fcf": 45737000,
      "ocf": 51108000,
      "capex": -5371000,
      "gross_margin": 0.6678573013267072,
      "op_margin": 0.13557071228899778,
      "fcf_margin": 0.14495844928023124,
      "incr_op_margin_yoy": 0.2511754596452544,
      "rev_growth_yoy": 0.10832903024107855,
      "rev_growth_yoy_accel": -0.0027373815162457793,
      "op_leverage_ratio": 2.6408706709500005,
      "fcf_margin_change": -0.024507965370362206
    },
    {
      "date": "2025-03-31T00:00:00",
      "quarter_label": "2025-03 (Q1)",
      "revenue": 324140000,
      "gross_profit": 215883000,
      "operating_income": 40350000,
      "net_income": 39223000,
      "opex": 175533000,
      "cogs": 108257000,
      "rd": null,
      "sga": 153456000,
      "fcf": 35503000,
      "ocf": 48970000,
      "capex": -13467000,
      "gross_margin": 0.6660177700993398,
      "op_margin": 0.12448324797926821,
      "fcf_margin": 0.10952983278830135,
      "incr_op_margin_yoy": 0.6210618885346818,
      "rev_growth_yoy": 0.16323051802407995,
      "rev_growth_yoy_accel": 0.0549014877830014,
      "op_leverage_ratio": 0.6048998247901846,
      "fcf_margin_change": -0.035428616491929896
    },
    {
      "date": "2025-06-30T00:00:00",
      "quarter_label": "2025-06 (Q2)",
      "revenue": 339455000,
      "gross_profit": 224010000,
      "operating_income": 40828000,
      "net_income": 45270000,
      "opex": 183182000,
      "cogs": 115445000,
      "rd": null,
      "sga": 159964000,
      "fcf": 29367000,
      "ocf": 44946000,
      "capex": -15579000,
      "gross_margin": 0.6599107392732468,
      "op_margin": 0.12027514692669132,
      "fcf_margin": 0.08651220338483746,
      "incr_op_margin_yoy": 3.0407719964046738,
      "rev_growth_yoy": 0.13377287468729437,
      "rev_growth_yoy_accel": -0.029457643336785577,
      "op_leverage_ratio": 1.0842726116183679,
      "fcf_margin_change": -0.023017629403463885
    },
    {
      "date": "2025-09-30T00:00:00",
      "quarter_label": "2025-09 (Q3)",
      "revenue": 354685000,
      "gross_profit": 240416000,
      "operating_income": 48838000,
      "net_income": 45851000,
      "opex": 191578000,
      "cogs": 114269000,
      "rd": null,
      "sga": 168901000,
      "fcf": 42014000,
      "ocf": 58263000,
      "capex": -16249000,
      "gross_margin": 0.6778296234687117,
      "op_margin": 0.1376940101780453,
      "fcf_margin": 0.11845440320284197,
      "incr_op_margin_yoy": 0.2511650449241323,
      "rev_growth_yoy": 0.17820282421878894,
      "rev_growth_yoy_accel": 0.04442994953149457,
      "op_leverage_ratio": 0.978876854625779,
      "fcf_margin_change": 0.0319421998180045
    }
  ],
  "signals": [
    {
      "quarter": "2025-09 (Q3)",
      "signal": "INCREMENTAL MARGIN (YoY)",
      "detail": "YoY Incr OPM: +25.1% vs year-ago OPM: +11.7%",
      "severity": "MEDIUM"
    },
    {
      "quarter": "2025-06 (Q2)",
      "signal": "OP MARGIN TURNED POSITIVE (YoY)",
      "detail": "Op margin: -27.0% (year-ago) -> +12.0%",
      "severity": "HIGH"
    },
    {
      "quarter": "2025-03 (Q1)",
      "signal": "YoY REVENUE GROWTH ACCELERATION",
      "detail": "YoY growth: +16.3% vs prior quarter YoY: +10.8% (accel: +5.5%)",
      "severity": "MEDIUM"
    },
    {
      "quarter": "2025-03 (Q1)",
      "signal": "INCREMENTAL MARGIN (YoY)",
      "detail": "YoY Incr OPM: +62.1% vs year-ago OPM: +4.3%",
      "severity": "HIGH"
    },
    {
      "quarter": "2024-12 (Q4)",
      "signal": "OPERATING LEVERAGE",
      "detail": "Rev growth +4.8% vs OpEx growth +1.8% (leverage: 2.6x)",
      "severity": "MEDIUM"
    },
    {
      "quarter": "2024-12 (Q4)",
      "signal": "INCREMENTAL MARGIN (YoY)",
      "detail": "YoY Incr OPM: +25.1% vs year-ago OPM: +12.3%",
      "severity": "MEDIUM"
    },
    {
      "quarter": "2024-09 (Q3)",
      "signal": "FCF MARGIN EXPANSION",
      "detail": "FCF margin: +6.0% -> +16.9% (+10.9%)",
      "severity": "MEDIUM"
    },
    {
      "quarter": "2024-09 (Q3)",
      "signal": "GROSS MARGIN INFLECTION",
      "detail": "GM: +65.0% -> +54.4% -> +66.5% (reversal +12.2%)",
      "severity": "HIGH"
    },
    {
      "quarter": "2024-09 (Q3)",
      "signal": "INCREMENTAL MARGIN (YoY)",
      "detail": "YoY Incr OPM: +75.6% vs year-ago OPM: +4.7%",
      "severity": "HIGH"
    },
    {
      "quarter": "2024-09 (Q3)",
      "signal": "OP MARGIN TURNED POSITIVE (QoQ)",
      "detail": "Op margin: -27.0% -> +11.7%",
      "severity": "HIGH"
    },
    {
      "quarter": "2024-03 (Q1)",
      "signal": "YoY REVENUE GROWTH DECELERATION",
      "detail": "YoY growth: +15.4% vs prior quarter YoY: +28.7% (decel: -13.3%)",
      "severity": "WARNING"
    },
    {
      "quarter": "2023-12 (Q4)",
      "signal": "INCREMENTAL MARGIN (YoY)",
      "detail": "YoY Incr OPM: +47.6% vs year-ago OPM: +2.2%",
      "severity": "HIGH"
    },
    {
      "quarter": "2023-09 (Q3)",
      "signal": "FCF MARGIN EXPANSION",
      "detail": "FCF margin: +4.9% -> +10.2% (+5.3%)",
      "severity": "MEDIUM"
    },
    {
      "quarter": "2023-09 (Q3)",
      "signal": "INCREMENTAL MARGIN (YoY)",
      "detail": "YoY Incr OPM: +12.6% vs year-ago OPM: +2.5%",
      "severity": "MEDIUM"
    },
    {
      "quarter": "2023-06 (Q2)",
      "signal": "OPERATING LEVERAGE",
      "detail": "Rev growth +8.3% vs OpEx growth +4.1% (leverage: 2.0x)",
      "severity": "MEDIUM"
    },
    {
      "quarter": "2023-06 (Q2)",
      "signal": "YoY REVENUE GROWTH ACCELERATION",
      "detail": "YoY growth: +25.5% vs prior quarter YoY: +18.4% (accel: +7.1%)",
      "severity": "MEDIUM"
    },
    {
      "quarter": "2023-06 (Q2)",
      "signal": "OP MARGIN TURNED POSITIVE (YoY)",
      "detail": "Op margin: -0.1% (year-ago) -> +6.8%",
      "severity": "HIGH"
    },
    {
      "quarter": "2023-03 (Q1)",
      "signal": "FCF TURNED POSITIVE",
      "detail": "FCF margin: -1.0% -> +3.8%",
      "severity": "HIGH"
    },
    {
      "quarter": "2023-03 (Q1)",
      "signal": "YoY REVENUE GROWTH ACCELERATION",
      "detail": "YoY growth: +18.4% vs prior quarter YoY: +8.4% (accel: +10.0%)",
      "severity": "MEDIUM"
    },
    {
      "quarter": "2023-03 (Q1)",
      "signal": "OP MARGIN TURNED POSITIVE (YoY)",
      "detail": "Op margin: -2.0% (year-ago) -> +3.3%",
      "severity": "HIGH"
    },
    {
      "quarter": "2022-12 (Q4)",
      "signal": "FCF MARGIN EXPANSION",
      "detail": "FCF margin: -9.0% -> -1.0% (+8.0%)",
      "severity": "MEDIUM"
    },
    {
      "quarter": "2022-12 (Q4)",
      "signal": "OP MARGIN TURNED POSITIVE (YoY)",
      "detail": "Op margin: -19.6% (year-ago) -> +2.2%",
      "severity": "HIGH"
    },
    {
      "quarter": "2022-09 (Q3)",
      "signal": "FCF MARGIN EXPANSION",
      "detail": "FCF margin: -21.1% -> -9.0% (+12.1%)",
      "severity": "MEDIUM"
    },
    {
      "quarter": "2022-09 (Q3)",
      "signal": "OP MARGIN TURNED POSITIVE (QoQ)",
      "detail": "Op margin: -0.1% -> +2.5%",
      "severity": "HIGH"
    },
    {
      "quarter": "2022-06 (Q2)",
      "signal": "YoY REVENUE GROWTH DECELERATION",
      "detail": "YoY growth: +13.1% vs prior quarter YoY: +20.5% (decel: -7.4%)",
      "severity": "WARNING"
    },
    {
      "quarter": "2021-09 (Q3)",
      "signal": "FCF TURNED POSITIVE",
      "detail": "FCF margin: -3.6% -> +16.1%",
      "severity": "HIGH"
    },
    {
      "quarter": "2021-06 (Q2)",
      "signal": "FCF MARGIN EXPANSION",
      "detail": "FCF margin: -10.9% -> -3.6% (+7.3%)",
      "severity": "MEDIUM"
    },
    {
      "quarter": "2021-03 (Q1)",
      "signal": "OP MARGIN TURNED POSITIVE (QoQ)",
      "detail": "Op margin: -1.0% -> +8.0%",
      "severity": "HIGH"
    }
  ],
  "data_quality": {
    "n_quarters": 20,
    "coverage": {
      "revenue": [
        20,
        20
      ],
      "gross_profit": [
        20,
        20
      ],
      "op_income": [
        20,
        20
      ],
      "fcf": [
        20,
        20
      ]
    },
    "gaps": [],
    "warnings": []
  },
  "market_cap": null,
  "source": "SEC EDGAR",
  "last_updated": "2026-02-02T20:28:11.711780"
}