{
  "ticker": "PENG",
  "name": "PENGUIN SOLUTIONS, INC.",
  "quarters": [
    {
      "date": "2021-02-26T00:00:00",
      "quarter_label": "2021-02 (Q1)",
      "revenue": 304009000,
      "gross_profit": 53456000,
      "operating_income": 12940000,
      "net_income": 5844000,
      "opex": 40516000,
      "cogs": 250553000,
      "rd": 8852000,
      "sga": 31664000,
      "fcf": 270000,
      "ocf": 20421000,
      "capex": -20151000,
      "gross_margin": 0.17583689956547338,
      "op_margin": 0.04256452933959192,
      "fcf_margin": 0.0008881316013670648
    },
    {
      "date": "2021-05-28T00:00:00",
      "quarter_label": "2021-05 (Q2)",
      "revenue": 437728000,
      "gross_profit": 84487000,
      "operating_income": 2894000,
      "net_income": -7211000,
      "opex": 81593000,
      "cogs": 353241000,
      "rd": 16718000,
      "sga": 48475000,
      "fcf": 44116000,
      "ocf": 49338000,
      "capex": -5222000,
      "gross_margin": 0.19301255574237883,
      "op_margin": 0.0066114116528986034,
      "fcf_margin": 0.10078404854156006,
      "op_leverage_ratio": 0.4338449271912419,
      "fcf_margin_change": 0.099895916940193
    },
    {
      "date": "2021-08-27T00:00:00",
      "quarter_label": "2021-08 (Q3)",
      "revenue": 467709000,
      "gross_profit": 117794000,
      "operating_income": 31740000,
      "net_income": 20650000,
      "opex": 86054000,
      "cogs": 349915000,
      "rd": 16740000,
      "sga": 51260000,
      "fcf": 71370000,
      "ocf": 48022000,
      "capex": 23348000,
      "gross_margin": 0.25185318221372693,
      "op_margin": 0.0678627095052693,
      "fcf_margin": 0.15259488271553465,
      "op_leverage_ratio": 1.2527443848793336,
      "fcf_margin_change": 0.051810834173974585
    },
    {
      "date": "2021-11-26T00:00:00",
      "quarter_label": "2021-11 (Q4)",
      "revenue": 469944000,
      "gross_profit": 122201000,
      "operating_income": 34794000,
      "net_income": 20027000,
      "opex": 87407000,
      "cogs": 347743000,
      "rd": 17657000,
      "sga": 52550000,
      "fcf": 2380000,
      "ocf": 15146000,
      "capex": -12766000,
      "gross_margin": 0.2600331103280391,
      "op_margin": 0.07403860885552321,
      "fcf_margin": 0.005064433209063208,
      "fcf_margin_change": -0.14753044950647143
    },
    {
      "date": "2022-02-25T00:00:00",
      "quarter_label": "2022-02 (Q1)",
      "revenue": 449171000,
      "gross_profit": 112713000,
      "operating_income": 16805000,
      "net_income": 2458000,
      "opex": 95908000,
      "cogs": 336458000,
      "rd": 18794000,
      "sga": 53114000,
      "fcf": 24789000,
      "ocf": 32165000,
      "capex": -7376000,
      "gross_margin": 0.2509356124950186,
      "op_margin": 0.03741336818271883,
      "fcf_margin": 0.05518833584536847,
      "incr_op_margin_yoy": 0.02662542538680922,
      "rev_growth_yoy": 0.4774924426579476,
      "fcf_margin_change": 0.050123902636305256
    },
    {
      "date": "2022-05-27T00:00:00",
      "quarter_label": "2022-05 (Q2)",
      "revenue": 462540000,
      "gross_profit": 114463000,
      "operating_income": 35309000,
      "net_income": 24113000,
      "opex": 79154000,
      "cogs": 348077000,
      "rd": 20298000,
      "sga": 58732000,
      "fcf": 27558000,
      "ocf": 36714000,
      "capex": -9156000,
      "gross_margin": 0.24746616508842478,
      "op_margin": 0.07633718164915466,
      "fcf_margin": 0.05957971202490595,
      "incr_op_margin_yoy": 1.3064243108173463,
      "rev_growth_yoy": 0.05668360260252942,
      "rev_growth_yoy_accel": -0.4208088400554182,
      "op_leverage_ratio": Infinity,
      "fcf_margin_change": 0.0043913761795374845
    },
    {
      "date": "2022-08-26T00:00:00",
      "quarter_label": "2022-08 (Q3)",
      "revenue": 362459000,
      "gross_profit": 94420000,
      "operating_income": 23060000,
      "net_income": 19959000,
      "opex": 76242000,
      "cogs": 333854000,
      "rd": 20607000,
      "sga": 55635000,
      "fcf": 29845000,
      "ocf": 20906000,
      "capex": 8939000,
      "gross_margin": 0.2604984287878077,
      "op_margin": 0.06362098885667068,
      "fcf_margin": 0.08234034745998858,
      "incr_op_margin_yoy": 0.08247030878859858,
      "rev_growth_yoy": -0.2250330868125266,
      "rev_growth_yoy_accel": -0.281716689415056,
      "fcf_margin_change": 0.02276063543508263
    },
    {
      "date": "2022-11-25T00:00:00",
      "quarter_label": "2022-11 (Q4)",
      "revenue": 465478000,
      "gross_profit": 118410000,
      "operating_income": 17591000,
      "net_income": 4992000,
      "opex": 100819000,
      "cogs": 347068000,
      "rd": 24056000,
      "sga": 71022000,
      "fcf": -81976000,
      "ocf": -73985000,
      "capex": -7991000,
      "gross_margin": 0.2543836658230894,
      "op_margin": 0.0377912597373023,
      "fcf_margin": -0.17611143813456276,
      "incr_op_margin_yoy": 3.8519928347514556,
      "rev_growth_yoy": -0.009503259962889195,
      "rev_growth_yoy_accel": 0.2155298268496374,
      "op_leverage_ratio": 0.8817061149506109,
      "fcf_margin_change": -0.25845178559455134
    },
    {
      "date": "2023-02-24T00:00:00",
      "quarter_label": "2023-02 (Q1)",
      "revenue": 429174000,
      "gross_profit": 110381000,
      "operating_income": -7167000,
      "net_income": -27219000,
      "opex": 117548000,
      "cogs": 318793000,
      "rd": 26665000,
      "sga": 62771000,
      "fcf": 88836000,
      "ocf": 100535000,
      "capex": -11699000,
      "gross_margin": 0.257194051829794,
      "op_margin": -0.016699520474213258,
      "fcf_margin": 0.20699296788715066,
      "incr_op_margin_yoy": 1.1987798169725459,
      "rev_growth_yoy": -0.04451979313001062,
      "rev_growth_yoy_accel": -0.03501653316712143,
      "fcf_margin_change": 0.3831044060217134
    },
    {
      "date": "2023-05-26T00:00:00",
      "quarter_label": "2023-05 (Q2)",
      "revenue": 383330000,
      "gross_profit": 98643000,
      "operating_income": -8802000,
      "net_income": -24455000,
      "opex": 107445000,
      "cogs": 284687000,
      "rd": 22235000,
      "sga": 70596000,
      "fcf": 29054000,
      "ocf": 41038000,
      "capex": -11984000,
      "gross_margin": 0.2573318028852425,
      "op_margin": -0.022961938799467823,
      "fcf_margin": 0.07579370255393525,
      "incr_op_margin_yoy": 0.556886756722636,
      "rev_growth_yoy": -0.1712500540493795,
      "rev_growth_yoy_accel": -0.1267302609193689,
      "fcf_margin_change": -0.1311992653332154
    },
    {
      "date": "2023-08-25T00:00:00",
      "quarter_label": "2023-08 (Q3)",
      "revenue": 316658000,
      "gross_profit": 91585000,
      "operating_income": -1639000,
      "net_income": -140844000,
      "opex": 80614000,
      "cogs": 75531000,
      "rd": 17609000,
      "sga": 56333000,
      "fcf": 29052000,
      "ocf": 36799000,
      "capex": -7747000,
      "gross_margin": 0.289223705069823,
      "op_margin": -0.005175931130746736,
      "fcf_margin": 0.0917456688288311,
      "incr_op_margin_yoy": 0.5392677015785682,
      "rev_growth_yoy": -0.12636187817104833,
      "rev_growth_yoy_accel": 0.04488817587833119,
      "fcf_margin_change": 0.015951966274895854
    },
    {
      "date": "2023-12-01T00:00:00",
      "quarter_label": "2023-12 (Q4)",
      "revenue": 274247000,
      "gross_profit": 82850000,
      "operating_income": 1305000,
      "net_income": -19921000,
      "opex": 81545000,
      "cogs": 191397000,
      "rd": 21389000,
      "sga": 57217000,
      "fcf": 26830000,
      "ocf": 31478000,
      "capex": -4648000,
      "gross_margin": 0.3020999318132924,
      "op_margin": 0.004758484140209373,
      "fcf_margin": 0.09783151684430459,
      "incr_op_margin_yoy": 0.08516401629442925,
      "rev_growth_yoy": -0.41082714972565837,
      "rev_growth_yoy_accel": -0.28446527155461004,
      "fcf_margin_change": 0.006085848015473488
    },
    {
      "date": "2024-03-01T00:00:00",
      "quarter_label": "2024-03 (Q1)",
      "revenue": 284821000,
      "gross_profit": 81934000,
      "operating_income": -3312000,
      "net_income": -13620000,
      "opex": 85246000,
      "cogs": 202887000,
      "rd": 20526000,
      "sga": 61385000,
      "fcf": -27121000,
      "ocf": -21917000,
      "capex": -5204000,
      "gross_margin": 0.2876683952377107,
      "op_margin": -0.011628356055206603,
      "fcf_margin": -0.0952212091102833,
      "incr_op_margin_yoy": -0.026705368090722048,
      "rev_growth_yoy": -0.3363507575016194,
      "rev_growth_yoy_accel": 0.07447639222403896,
      "op_leverage_ratio": 0.8495240388260415,
      "fcf_margin_change": -0.1930527259545879
    },
    {
      "date": "2024-05-31T00:00:00",
      "quarter_label": "2024-05 (Q2)",
      "revenue": 300580000,
      "gross_profit": 88906000,
      "operating_income": 11511000,
      "net_income": 5616000,
      "opex": 77395000,
      "cogs": 211674000,
      "rd": 19681000,
      "sga": 57249000,
      "fcf": 76003000,
      "ocf": 79780000,
      "capex": -3777000,
      "gross_margin": 0.2957814891210327,
      "op_margin": 0.03829596114179253,
      "fcf_margin": 0.25285448133608357,
      "incr_op_margin_yoy": -0.24547432024169183,
      "rev_growth_yoy": -0.21587144236036834,
      "rev_growth_yoy_accel": 0.12047931514125107,
      "op_leverage_ratio": Infinity,
      "fcf_margin_change": 0.3480756904463669
    },
    {
      "date": "2024-08-30T00:00:00",
      "quarter_label": "2024-08 (Q3)",
      "revenue": 311148000,
      "gross_profit": 87086000,
      "operating_income": 8791000,
      "net_income": -24547000,
      "opex": 78295000,
      "cogs": 224062000,
      "rd": 19941000,
      "sga": 58029000,
      "fcf": -17951000,
      "ocf": -12156000,
      "capex": -5795000,
      "gross_margin": 0.27988609921966395,
      "op_margin": 0.028253435664056976,
      "fcf_margin": -0.05769280213917492,
      "incr_op_margin_yoy": -1.8929219600725953,
      "rev_growth_yoy": -0.017400476223559804,
      "rev_growth_yoy_accel": 0.19847096613680854,
      "op_leverage_ratio": 3.023452288538455,
      "fcf_margin_change": -0.3105472834752585
    },
    {
      "date": "2024-11-29T00:00:00",
      "quarter_label": "2024-11 (Q4)",
      "revenue": 341102000,
      "gross_profit": 97812000,
      "operating_income": 17356000,
      "net_income": 5217000,
      "opex": 80456000,
      "cogs": 243290000,
      "rd": 19811000,
      "sga": 60536000,
      "fcf": 11983000,
      "ocf": 13819000,
      "capex": -1836000,
      "gross_margin": 0.2867529360719081,
      "op_margin": 0.05088214082591131,
      "fcf_margin": 0.035130254293437156,
      "incr_op_margin_yoy": 0.24008675491735845,
      "rev_growth_yoy": 0.24377659555072617,
      "rev_growth_yoy_accel": 0.26117707177428595,
      "op_leverage_ratio": 3.487924481325614,
      "fcf_margin_change": 0.09282305643261207
    },
    {
      "date": "2025-02-28T00:00:00",
      "quarter_label": "2025-02 (Q1)",
      "revenue": 365519000,
      "gross_profit": 104648000,
      "operating_income": 18488000,
      "net_income": 8082000,
      "opex": 86160000,
      "cogs": 260871000,
      "rd": 19907000,
      "sga": 59315000,
      "fcf": 70542000,
      "ocf": 72877000,
      "capex": -2335000,
      "gross_margin": 0.2862997545955203,
      "op_margin": 0.05058013400124207,
      "fcf_margin": 0.1929913356077249,
      "incr_op_margin_yoy": 0.27014300230488986,
      "rev_growth_yoy": 0.28332882757942707,
      "rev_growth_yoy_accel": 0.039552232028700895,
      "op_leverage_ratio": 1.0096874487239664,
      "fcf_margin_change": 0.15786108131428775
    },
    {
      "date": "2025-05-30T00:00:00",
      "quarter_label": "2025-05 (Q2)",
      "revenue": 324251000,
      "gross_profit": 95083000,
      "operating_income": 9843000,
      "net_income": 2661000,
      "opex": 85240000,
      "cogs": 229168000,
      "rd": 20222000,
      "sga": 59724000,
      "fcf": 90905000,
      "ocf": 92821000,
      "capex": -1916000,
      "gross_margin": 0.2932388797567317,
      "op_margin": 0.03035611301121662,
      "fcf_margin": 0.2803537999882807,
      "incr_op_margin_yoy": -0.07046597101939081,
      "rev_growth_yoy": 0.07875108124293033,
      "rev_growth_yoy_accel": -0.20457774633649672,
      "fcf_margin_change": 0.08736246438055578
    },
    {
      "date": "2025-08-29T00:00:00",
      "quarter_label": "2025-08 (Q3)",
      "revenue": 337922000,
      "gross_profit": 96731000,
      "operating_income": 12448000,
      "net_income": 9431000,
      "opex": 84283000,
      "cogs": 241191000,
      "rd": 19861000,
      "sga": 58602000,
      "fcf": -73358000,
      "ocf": -70433000,
      "capex": -2925000,
      "gross_margin": 0.2862524487899574,
      "op_margin": 0.03683690319067714,
      "fcf_margin": -0.21708559963541882,
      "incr_op_margin_yoy": 0.1365877343691641,
      "rev_growth_yoy": 0.08604908275161659,
      "rev_growth_yoy_accel": 0.007298001508686258,
      "op_leverage_ratio": Infinity,
      "fcf_margin_change": -0.49743939962369954
    },
    {
      "date": "2025-11-28T00:00:00",
      "quarter_label": "2025-11 (Q4)",
      "revenue": 343071000,
      "gross_profit": 96109000,
      "operating_income": 19582000,
      "net_income": 5270000,
      "opex": 76527000,
      "cogs": 246962000,
      "rd": 18693000,
      "sga": 53092000,
      "fcf": 28205000,
      "ocf": 31058000,
      "capex": -2853000,
      "gross_margin": 0.2801431773597885,
      "op_margin": 0.05707856391242629,
      "fcf_margin": 0.08221330278572074,
      "incr_op_margin_yoy": 1.1305231081767395,
      "rev_growth_yoy": 0.0057724668867376915,
      "rev_growth_yoy_accel": -0.0802766158648789,
      "op_leverage_ratio": Infinity,
      "fcf_margin_change": 0.29929890242113955
    }
  ],
  "signals": [
    {
      "quarter": "2025-11 (Q4)",
      "signal": "FCF TURNED POSITIVE",
      "detail": "FCF margin: -21.7% -> +8.2%",
      "severity": "HIGH"
    },
    {
      "quarter": "2025-11 (Q4)",
      "signal": "YoY REVENUE GROWTH DECELERATION",
      "detail": "YoY growth: +0.6% vs prior quarter YoY: +8.6% (decel: -8.0%)",
      "severity": "WARNING"
    },
    {
      "quarter": "2025-11 (Q4)",
      "signal": "INCREMENTAL MARGIN (YoY)",
      "detail": "YoY Incr OPM: +113.1% vs year-ago OPM: +5.1%",
      "severity": "HIGH"
    },
    {
      "quarter": "2025-08 (Q3)",
      "signal": "INCREMENTAL MARGIN (YoY)",
      "detail": "YoY Incr OPM: +13.7% vs year-ago OPM: +2.8%",
      "severity": "MEDIUM"
    },
    {
      "quarter": "2025-05 (Q2)",
      "signal": "FCF MARGIN EXPANSION",
      "detail": "FCF margin: +19.3% -> +28.0% (+8.7%)",
      "severity": "MEDIUM"
    },
    {
      "quarter": "2025-05 (Q2)",
      "signal": "YoY REVENUE GROWTH DECELERATION",
      "detail": "YoY growth: +7.9% vs prior quarter YoY: +28.3% (decel: -20.5%)",
      "severity": "WARNING"
    },
    {
      "quarter": "2025-02 (Q1)",
      "signal": "FCF MARGIN EXPANSION",
      "detail": "FCF margin: +3.5% -> +19.3% (+15.8%)",
      "severity": "MEDIUM"
    },
    {
      "quarter": "2025-02 (Q1)",
      "signal": "OP MARGIN TURNED POSITIVE (YoY)",
      "detail": "Op margin: -1.2% (year-ago) -> +5.1%",
      "severity": "HIGH"
    },
    {
      "quarter": "2024-11 (Q4)",
      "signal": "FCF TURNED POSITIVE",
      "detail": "FCF margin: -5.8% -> +3.5%",
      "severity": "HIGH"
    },
    {
      "quarter": "2024-11 (Q4)",
      "signal": "OPERATING LEVERAGE",
      "detail": "Rev growth +9.6% vs OpEx growth +2.8% (leverage: 3.5x)",
      "severity": "MEDIUM"
    },
    {
      "quarter": "2024-11 (Q4)",
      "signal": "YoY REVENUE GROWTH ACCELERATION",
      "detail": "YoY growth: +24.4% vs prior quarter YoY: -1.7% (accel: +26.1%)",
      "severity": "HIGH"
    },
    {
      "quarter": "2024-11 (Q4)",
      "signal": "INCREMENTAL MARGIN (YoY)",
      "detail": "YoY Incr OPM: +24.0% vs year-ago OPM: +0.5%",
      "severity": "HIGH"
    },
    {
      "quarter": "2024-08 (Q3)",
      "signal": "OPERATING LEVERAGE",
      "detail": "Rev growth +3.5% vs OpEx growth +1.2% (leverage: 3.0x)",
      "severity": "MEDIUM"
    },
    {
      "quarter": "2024-08 (Q3)",
      "signal": "YoY REVENUE GROWTH ACCELERATION",
      "detail": "YoY growth: -1.7% vs prior quarter YoY: -21.6% (accel: +19.8%)",
      "severity": "HIGH"
    },
    {
      "quarter": "2024-08 (Q3)",
      "signal": "OP MARGIN TURNED POSITIVE (YoY)",
      "detail": "Op margin: -0.5% (year-ago) -> +2.8%",
      "severity": "HIGH"
    },
    {
      "quarter": "2024-05 (Q2)",
      "signal": "FCF TURNED POSITIVE",
      "detail": "FCF margin: -9.5% -> +25.3%",
      "severity": "HIGH"
    },
    {
      "quarter": "2024-05 (Q2)",
      "signal": "YoY REVENUE GROWTH ACCELERATION",
      "detail": "YoY growth: -21.6% vs prior quarter YoY: -33.6% (accel: +12.0%)",
      "severity": "MEDIUM"
    },
    {
      "quarter": "2024-05 (Q2)",
      "signal": "OP MARGIN TURNED POSITIVE (YoY)",
      "detail": "Op margin: -2.3% (year-ago) -> +3.8%",
      "severity": "HIGH"
    },
    {
      "quarter": "2024-05 (Q2)",
      "signal": "OP MARGIN TURNED POSITIVE (QoQ)",
      "detail": "Op margin: -1.2% -> +3.8%",
      "severity": "HIGH"
    },
    {
      "quarter": "2024-03 (Q1)",
      "signal": "YoY REVENUE GROWTH ACCELERATION",
      "detail": "YoY growth: -33.6% vs prior quarter YoY: -41.1% (accel: +7.4%)",
      "severity": "MEDIUM"
    },
    {
      "quarter": "2023-12 (Q4)",
      "signal": "YoY REVENUE GROWTH DECELERATION",
      "detail": "YoY growth: -41.1% vs prior quarter YoY: -12.6% (decel: -28.4%)",
      "severity": "WARNING"
    },
    {
      "quarter": "2023-12 (Q4)",
      "signal": "OP MARGIN TURNED POSITIVE (QoQ)",
      "detail": "Op margin: -0.5% -> +0.5%",
      "severity": "HIGH"
    },
    {
      "quarter": "2023-05 (Q2)",
      "signal": "YoY REVENUE GROWTH DECELERATION",
      "detail": "YoY growth: -17.1% vs prior quarter YoY: -4.5% (decel: -12.7%)",
      "severity": "WARNING"
    },
    {
      "quarter": "2023-02 (Q1)",
      "signal": "FCF TURNED POSITIVE",
      "detail": "FCF margin: -17.6% -> +20.7%",
      "severity": "HIGH"
    },
    {
      "quarter": "2022-11 (Q4)",
      "signal": "YoY REVENUE GROWTH ACCELERATION",
      "detail": "YoY growth: -1.0% vs prior quarter YoY: -22.5% (accel: +21.6%)",
      "severity": "HIGH"
    },
    {
      "quarter": "2022-11 (Q4)",
      "signal": "INCREMENTAL MARGIN (YoY)",
      "detail": "YoY Incr OPM: +385.2% vs year-ago OPM: +7.4%",
      "severity": "HIGH"
    },
    {
      "quarter": "2022-08 (Q3)",
      "signal": "YoY REVENUE GROWTH DECELERATION",
      "detail": "YoY growth: -22.5% vs prior quarter YoY: +5.7% (decel: -28.2%)",
      "severity": "WARNING"
    },
    {
      "quarter": "2022-05 (Q2)",
      "signal": "YoY REVENUE GROWTH DECELERATION",
      "detail": "YoY growth: +5.7% vs prior quarter YoY: +47.7% (decel: -42.1%)",
      "severity": "WARNING"
    },
    {
      "quarter": "2022-05 (Q2)",
      "signal": "INCREMENTAL MARGIN (YoY)",
      "detail": "YoY Incr OPM: +130.6% vs year-ago OPM: +0.7%",
      "severity": "HIGH"
    },
    {
      "quarter": "2022-02 (Q1)",
      "signal": "FCF MARGIN EXPANSION",
      "detail": "FCF margin: +0.5% -> +5.5% (+5.0%)",
      "severity": "MEDIUM"
    },
    {
      "quarter": "2021-08 (Q3)",
      "signal": "FCF MARGIN EXPANSION",
      "detail": "FCF margin: +10.1% -> +15.3% (+5.2%)",
      "severity": "MEDIUM"
    },
    {
      "quarter": "2021-05 (Q2)",
      "signal": "FCF MARGIN EXPANSION",
      "detail": "FCF margin: +0.1% -> +10.1% (+10.0%)",
      "severity": "MEDIUM"
    }
  ],
  "data_quality": {
    "n_quarters": 20,
    "coverage": {
      "revenue": [
        20,
        20
      ],
      "gross_profit": [
        20,
        20
      ],
      "op_income": [
        20,
        20
      ],
      "fcf": [
        20,
        20
      ]
    },
    "gaps": [],
    "warnings": []
  },
  "market_cap": null,
  "source": "SEC EDGAR",
  "last_updated": "2026-02-02T22:00:06.246942"
}