{
  "ticker": "PESI",
  "name": "PERMA FIX ENVIRONMENTAL SERVICES, INC.",
  "quarters": [
    {
      "date": "2020-12-31T00:00:00",
      "quarter_label": "2020-12 (Q4)",
      "revenue": 19503000,
      "gross_profit": 3193000,
      "operating_income": 188000,
      "net_income": -10000,
      "opex": 3005000,
      "cogs": 25154000,
      "rd": 164000,
      "sga": 2839000,
      "fcf": 3967000,
      "ocf": 4194000,
      "capex": -227000,
      "gross_margin": 0.1637184022970825,
      "op_margin": 0.009639542634466492,
      "fcf_margin": 0.20340460441983285
    },
    {
      "date": "2021-03-31T00:00:00",
      "quarter_label": "2021-03 (Q1)",
      "revenue": 23133000,
      "gross_profit": 2356000,
      "operating_income": -999000,
      "net_income": -1123000,
      "opex": 3355000,
      "cogs": 20777000,
      "rd": 150000,
      "sga": 3205000,
      "fcf": -6965000,
      "ocf": -6604000,
      "capex": -361000,
      "gross_margin": 0.10184584792288073,
      "op_margin": -0.043185060303462586,
      "fcf_margin": -0.30108503004366055,
      "op_leverage_ratio": 1.598017887357989,
      "fcf_margin_change": -0.5044896344634934
    },
    {
      "date": "2021-06-30T00:00:00",
      "quarter_label": "2021-06 (Q2)",
      "revenue": 16145000,
      "gross_profit": 966000,
      "operating_income": -2175000,
      "net_income": 3023000,
      "opex": 3141000,
      "cogs": 15179000,
      "rd": 144000,
      "sga": 2997000,
      "fcf": 6803000,
      "ocf": 7092000,
      "capex": -289000,
      "gross_margin": 0.05983276556209353,
      "op_margin": -0.1347166305357696,
      "fcf_margin": 0.4213688448436048,
      "fcf_margin_change": 0.7224538748872653
    },
    {
      "date": "2021-09-30T00:00:00",
      "quarter_label": "2021-09 (Q3)",
      "revenue": 15797000,
      "gross_profit": 2224000,
      "operating_income": -1368000,
      "net_income": 1402000,
      "opex": 3592000,
      "cogs": 13573000,
      "rd": 243000,
      "sga": 3348000,
      "fcf": -5297000,
      "ocf": -4815000,
      "capex": -482000,
      "gross_margin": 0.14078622523263912,
      "op_margin": -0.08659872127619168,
      "fcf_margin": -0.33531683230993226,
      "fcf_margin_change": -0.7566856771535371
    },
    {
      "date": "2021-12-31T00:00:00",
      "quarter_label": "2021-12 (Q4)",
      "revenue": 5737000,
      "gross_profit": 1278000,
      "operating_income": -2226000,
      "net_income": -2467000,
      "opex": 3504000,
      "cogs": 15838000,
      "rd": 208000,
      "sga": 3295000,
      "fcf": -2955000,
      "ocf": -2510000,
      "capex": -445000,
      "gross_margin": 0.2227645110685027,
      "op_margin": -0.3880076695136831,
      "fcf_margin": -0.515077566672477,
      "incr_op_margin_yoy": 0.17535958157780038,
      "rev_growth_yoy": -0.7058401271599242,
      "fcf_margin_change": -0.1797607343625447
    },
    {
      "date": "2022-03-31T00:00:00",
      "quarter_label": "2022-03 (Q1)",
      "revenue": 15915000,
      "gross_profit": 1636000,
      "operating_income": -1883000,
      "net_income": -1343000,
      "opex": 3519000,
      "cogs": 14279000,
      "rd": 96000,
      "sga": 3422000,
      "fcf": -339000,
      "ocf": 6000,
      "capex": -345000,
      "gross_margin": 0.10279610430411562,
      "op_margin": -0.11831605403707195,
      "fcf_margin": -0.021300659754948163,
      "incr_op_margin_yoy": 0.12247159878082571,
      "rev_growth_yoy": -0.3120217870574504,
      "rev_growth_yoy_accel": 0.3938183401024738,
      "op_leverage_ratio": 414.42928359769917,
      "fcf_margin_change": 0.4937769069175288
    },
    {
      "date": "2022-06-30T00:00:00",
      "quarter_label": "2022-06 (Q2)",
      "revenue": 19455000,
      "gross_profit": 2884000,
      "operating_income": -880000,
      "net_income": -1445000,
      "opex": 3764000,
      "cogs": 16571000,
      "rd": 80000,
      "sga": 3684000,
      "fcf": -3475000,
      "ocf": -3063000,
      "capex": -412000,
      "gross_margin": 0.1482395271138525,
      "op_margin": -0.045232588023644306,
      "fcf_margin": -0.17861732202518632,
      "incr_op_margin_yoy": 0.39123867069486407,
      "rev_growth_yoy": 0.2050170331371942,
      "rev_growth_yoy_accel": 0.5170388201946445,
      "op_leverage_ratio": 3.1948450633787915,
      "fcf_margin_change": -0.15731666227023816
    },
    {
      "date": "2022-09-30T00:00:00",
      "quarter_label": "2022-09 (Q3)",
      "revenue": 18472000,
      "gross_profit": 3070000,
      "operating_income": -928000,
      "net_income": 664000,
      "opex": 3998000,
      "cogs": 15402000,
      "rd": 69000,
      "sga": 3929000,
      "fcf": 1975000,
      "ocf": 2164000,
      "capex": -189000,
      "gross_margin": 0.16619748809008228,
      "op_margin": -0.05023819835426591,
      "fcf_margin": 0.10691857947163275,
      "incr_op_margin_yoy": 0.16448598130841122,
      "rev_growth_yoy": 0.16933594986389822,
      "rev_growth_yoy_accel": -0.03568108327329597,
      "fcf_margin_change": 0.28553590149681907
    },
    {
      "date": "2022-12-31T00:00:00",
      "quarter_label": "2022-12 (Q4)",
      "revenue": 6188000,
      "gross_profit": 2019000,
      "operating_income": -1706000,
      "net_income": -1692000,
      "opex": 3725000,
      "cogs": 14738000,
      "rd": 91000,
      "sga": 3617000,
      "fcf": 264000,
      "ocf": 340000,
      "capex": -76000,
      "gross_margin": 0.32627666451195864,
      "op_margin": -0.2756948933419522,
      "fcf_margin": 0.04266321913380737,
      "rev_growth_yoy": 0.07861251525187381,
      "rev_growth_yoy_accel": -0.09072343461202441,
      "fcf_margin_change": -0.06425536033782538
    },
    {
      "date": "2023-03-31T00:00:00",
      "quarter_label": "2023-03 (Q1)",
      "revenue": 20107000,
      "gross_profit": 3009000,
      "operating_income": -576000,
      "net_income": -411000,
      "opex": 3585000,
      "cogs": 17098000,
      "rd": 99000,
      "sga": 3486000,
      "fcf": 816000,
      "ocf": 1564000,
      "capex": -748000,
      "gross_margin": 0.14964937583925997,
      "op_margin": -0.02864673994131397,
      "fcf_margin": 0.04058288158352812,
      "incr_op_margin_yoy": 0.31178435114503816,
      "rev_growth_yoy": 0.26339930882814955,
      "rev_growth_yoy_accel": 0.18478679357627575,
      "op_leverage_ratio": Infinity,
      "fcf_margin_change": -0.0020803375502792473
    },
    {
      "date": "2023-06-30T00:00:00",
      "quarter_label": "2023-06 (Q2)",
      "revenue": 25032000,
      "gross_profit": 4516000,
      "operating_income": 844000,
      "net_income": 474000,
      "opex": 3672000,
      "cogs": 20516000,
      "rd": 121000,
      "sga": 3551000,
      "fcf": 2564000,
      "ocf": 2862000,
      "capex": -298000,
      "gross_margin": 0.18040907638223075,
      "op_margin": 0.03371684244167466,
      "fcf_margin": 0.10242889101949505,
      "incr_op_margin_yoy": 0.3091267706652322,
      "rev_growth_yoy": 0.2866615265998458,
      "rev_growth_yoy_accel": 0.023262217771696236,
      "op_leverage_ratio": 10.09319965769341,
      "fcf_margin_change": 0.06184600943596693
    },
    {
      "date": "2023-09-30T00:00:00",
      "quarter_label": "2023-09 (Q3)",
      "revenue": 21877000,
      "gross_profit": 4549000,
      "operating_income": 496000,
      "net_income": 341000,
      "opex": 4053000,
      "cogs": 17328000,
      "rd": 120000,
      "sga": 3933000,
      "fcf": -4742000,
      "ocf": -4403000,
      "capex": -339000,
      "gross_margin": 0.20793527448918955,
      "op_margin": 0.022672212826255884,
      "fcf_margin": -0.21675732504456735,
      "incr_op_margin_yoy": 0.418208516886931,
      "rev_growth_yoy": 0.18433304460805544,
      "rev_growth_yoy_accel": -0.10232848199179034,
      "fcf_margin_change": -0.3191862160640624
    },
    {
      "date": "2023-12-31T00:00:00",
      "quarter_label": "2023-12 (Q4)",
      "revenue": 22719000,
      "gross_profit": 4295000,
      "operating_income": -9000,
      "net_income": 81000,
      "opex": 4304000,
      "cogs": 18424000,
      "rd": 221000,
      "sga": 4006000,
      "fcf": 6121000,
      "ocf": 6449000,
      "capex": -328000,
      "gross_margin": 0.18904881376821162,
      "op_margin": -0.0003961441964875215,
      "fcf_margin": 0.26942206963334653,
      "incr_op_margin_yoy": 0.10265561672010162,
      "rev_growth_yoy": 2.671460892049127,
      "rev_growth_yoy_accel": 2.4871278474410716,
      "op_leverage_ratio": 0.6214800713951799,
      "fcf_margin_change": 0.4861793946779139
    },
    {
      "date": "2024-03-31T00:00:00",
      "quarter_label": "2024-03 (Q1)",
      "revenue": 13617000,
      "gross_profit": -620000,
      "operating_income": -4460000,
      "net_income": -3560000,
      "opex": 3840000,
      "cogs": 14237000,
      "rd": 296000,
      "sga": 3544000,
      "fcf": -4761000,
      "ocf": -4517000,
      "capex": -244000,
      "gross_margin": -0.045531321142689284,
      "op_margin": -0.3275317617683778,
      "fcf_margin": -0.34963648380700596,
      "incr_op_margin_yoy": 0.5984591679506934,
      "rev_growth_yoy": -0.3227731635748744,
      "rev_growth_yoy_accel": -2.9942340556240015,
      "fcf_margin_change": -0.6190585534403525
    },
    {
      "date": "2024-06-30T00:00:00",
      "quarter_label": "2024-06 (Q2)",
      "revenue": 13986000,
      "gross_profit": -1306000,
      "operating_income": -5035000,
      "net_income": -3951000,
      "opex": 3729000,
      "cogs": 15292000,
      "rd": 273000,
      "sga": 3455000,
      "fcf": -1895000,
      "ocf": -1298000,
      "capex": -597000,
      "gross_margin": -0.09337909337909338,
      "op_margin": -0.36000286000286,
      "fcf_margin": -0.1354926354926355,
      "incr_op_margin_yoy": 0.5322288611261995,
      "rev_growth_yoy": -0.4412751677852349,
      "rev_growth_yoy_accel": -0.1185020042103605,
      "op_leverage_ratio": Infinity,
      "fcf_margin_change": 0.21414384831437047
    },
    {
      "date": "2024-09-30T00:00:00",
      "quarter_label": "2024-09 (Q3)",
      "revenue": 16812000,
      "gross_profit": 1334000,
      "operating_income": -2601000,
      "net_income": -8979000,
      "opex": 3935000,
      "cogs": 15478000,
      "rd": 303000,
      "sga": 3632000,
      "fcf": -7007000,
      "ocf": -5624000,
      "capex": -1383000,
      "gross_margin": 0.07934808470140375,
      "op_margin": -0.15471092077087795,
      "fcf_margin": -0.41678562931239593,
      "incr_op_margin_yoy": 0.6114511352418559,
      "rev_growth_yoy": -0.23152168944553642,
      "rev_growth_yoy_accel": 0.20975347833969848,
      "op_leverage_ratio": 3.6576639052367206,
      "fcf_margin_change": -0.2812929938197605
    },
    {
      "date": "2024-12-31T00:00:00",
      "quarter_label": "2024-12 (Q4)",
      "revenue": 14702000,
      "gross_profit": 594000,
      "operating_income": -3586000,
      "net_income": -3489000,
      "opex": 4180000,
      "cogs": 14108000,
      "rd": 300000,
      "sga": 3860000,
      "fcf": -4485000,
      "ocf": -3304000,
      "capex": -1181000,
      "gross_margin": 0.04040266630390423,
      "op_margin": -0.24391239287171812,
      "fcf_margin": -0.3050605359814991,
      "incr_op_margin_yoy": 0.4461768741424473,
      "rev_growth_yoy": -0.3528764470267177,
      "rev_growth_yoy_accel": -0.1213547575811813,
      "fcf_margin_change": 0.11172509333089681
    },
    {
      "date": "2025-03-31T00:00:00",
      "quarter_label": "2025-03 (Q1)",
      "revenue": 13919000,
      "gross_profit": 657000,
      "operating_income": -3736000,
      "net_income": -3573000,
      "opex": 4393000,
      "cogs": 13262000,
      "rd": 383000,
      "sga": 4015000,
      "fcf": -2627000,
      "ocf": -2104000,
      "capex": -523000,
      "gross_margin": 0.04720166678640707,
      "op_margin": -0.26841008693153245,
      "fcf_margin": -0.18873482290394425,
      "rev_growth_yoy": 0.022178159653374458,
      "rev_growth_yoy_accel": 0.37505460668009216,
      "fcf_margin_change": 0.11632571307755488
    },
    {
      "date": "2025-06-30T00:00:00",
      "quarter_label": "2025-06 (Q2)",
      "revenue": 14586000,
      "gross_profit": 1547000,
      "operating_income": -2894000,
      "net_income": -2716000,
      "opex": 4441000,
      "cogs": 13039000,
      "rd": 312000,
      "sga": 4130000,
      "fcf": -2800000,
      "ocf": -1891000,
      "capex": -909000,
      "gross_margin": 0.10606060606060606,
      "op_margin": -0.19840943370355135,
      "fcf_margin": -0.1919648978472508,
      "rev_growth_yoy": 0.0429000429000429,
      "rev_growth_yoy_accel": 0.020721883246668443,
      "op_leverage_ratio": 4.385688327705535,
      "fcf_margin_change": -0.0032300749433065434
    },
    {
      "date": "2025-09-30T00:00:00",
      "quarter_label": "2025-09 (Q3)",
      "revenue": 17454000,
      "gross_profit": 2557000,
      "operating_income": -1872000,
      "net_income": -1835000,
      "opex": 4429000,
      "cogs": 14897000,
      "rd": 342000,
      "sga": 4083000,
      "fcf": -5810000,
      "ocf": -4634000,
      "capex": -1176000,
      "gross_margin": 0.14649936977197203,
      "op_margin": -0.10725335166723961,
      "fcf_margin": -0.3328749856766357,
      "rev_growth_yoy": 0.038187009279086366,
      "rev_growth_yoy_accel": -0.004713033620956535,
      "op_leverage_ratio": Infinity,
      "fcf_margin_change": -0.1409100878293849
    }
  ],
  "signals": [
    {
      "quarter": "2025-06 (Q2)",
      "signal": "OPERATING LEVERAGE",
      "detail": "Rev growth +4.8% vs OpEx growth +1.1% (leverage: 4.4x)",
      "severity": "MEDIUM"
    },
    {
      "quarter": "2025-03 (Q1)",
      "signal": "FCF MARGIN EXPANSION",
      "detail": "FCF margin: -30.5% -> -18.9% (+11.6%)",
      "severity": "MEDIUM"
    },
    {
      "quarter": "2025-03 (Q1)",
      "signal": "YoY REVENUE GROWTH ACCELERATION",
      "detail": "YoY growth: +2.2% vs prior quarter YoY: -35.3% (accel: +37.5%)",
      "severity": "HIGH"
    },
    {
      "quarter": "2024-12 (Q4)",
      "signal": "FCF MARGIN EXPANSION",
      "detail": "FCF margin: -41.7% -> -30.5% (+11.2%)",
      "severity": "MEDIUM"
    },
    {
      "quarter": "2024-12 (Q4)",
      "signal": "YoY REVENUE GROWTH DECELERATION",
      "detail": "YoY growth: -35.3% vs prior quarter YoY: -23.2% (decel: -12.1%)",
      "severity": "WARNING"
    },
    {
      "quarter": "2024-09 (Q3)",
      "signal": "OPERATING LEVERAGE",
      "detail": "Rev growth +20.2% vs OpEx growth +5.5% (leverage: 3.7x)",
      "severity": "MEDIUM"
    },
    {
      "quarter": "2024-09 (Q3)",
      "signal": "GROSS MARGIN INFLECTION",
      "detail": "GM: -4.6% -> -9.3% -> +7.9% (reversal +17.3%)",
      "severity": "HIGH"
    },
    {
      "quarter": "2024-09 (Q3)",
      "signal": "YoY REVENUE GROWTH ACCELERATION",
      "detail": "YoY growth: -23.2% vs prior quarter YoY: -44.1% (accel: +21.0%)",
      "severity": "HIGH"
    },
    {
      "quarter": "2024-06 (Q2)",
      "signal": "FCF MARGIN EXPANSION",
      "detail": "FCF margin: -35.0% -> -13.5% (+21.4%)",
      "severity": "MEDIUM"
    },
    {
      "quarter": "2024-06 (Q2)",
      "signal": "YoY REVENUE GROWTH DECELERATION",
      "detail": "YoY growth: -44.1% vs prior quarter YoY: -32.3% (decel: -11.9%)",
      "severity": "WARNING"
    },
    {
      "quarter": "2024-03 (Q1)",
      "signal": "YoY REVENUE GROWTH DECELERATION",
      "detail": "YoY growth: -32.3% vs prior quarter YoY: +267.1% (decel: -299.4%)",
      "severity": "WARNING"
    },
    {
      "quarter": "2023-12 (Q4)",
      "signal": "FCF TURNED POSITIVE",
      "detail": "FCF margin: -21.7% -> +26.9%",
      "severity": "HIGH"
    },
    {
      "quarter": "2023-12 (Q4)",
      "signal": "YoY REVENUE GROWTH ACCELERATION",
      "detail": "YoY growth: +267.1% vs prior quarter YoY: +18.4% (accel: +248.7%)",
      "severity": "HIGH"
    },
    {
      "quarter": "2023-09 (Q3)",
      "signal": "YoY REVENUE GROWTH DECELERATION",
      "detail": "YoY growth: +18.4% vs prior quarter YoY: +28.7% (decel: -10.2%)",
      "severity": "WARNING"
    },
    {
      "quarter": "2023-09 (Q3)",
      "signal": "OP MARGIN TURNED POSITIVE (YoY)",
      "detail": "Op margin: -5.0% (year-ago) -> +2.3%",
      "severity": "HIGH"
    },
    {
      "quarter": "2023-06 (Q2)",
      "signal": "FCF MARGIN EXPANSION",
      "detail": "FCF margin: +4.1% -> +10.2% (+6.2%)",
      "severity": "MEDIUM"
    },
    {
      "quarter": "2023-06 (Q2)",
      "signal": "OPERATING LEVERAGE",
      "detail": "Rev growth +24.5% vs OpEx growth +2.4% (leverage: 10.1x)",
      "severity": "MEDIUM"
    },
    {
      "quarter": "2023-06 (Q2)",
      "signal": "GROSS MARGIN INFLECTION",
      "detail": "GM: +32.6% -> +15.0% -> +18.0% (reversal +3.1%)",
      "severity": "MEDIUM"
    },
    {
      "quarter": "2023-06 (Q2)",
      "signal": "OP MARGIN TURNED POSITIVE (YoY)",
      "detail": "Op margin: -4.5% (year-ago) -> +3.4%",
      "severity": "HIGH"
    },
    {
      "quarter": "2023-06 (Q2)",
      "signal": "OP MARGIN TURNED POSITIVE (QoQ)",
      "detail": "Op margin: -2.9% -> +3.4%",
      "severity": "HIGH"
    },
    {
      "quarter": "2023-03 (Q1)",
      "signal": "YoY REVENUE GROWTH ACCELERATION",
      "detail": "YoY growth: +26.3% vs prior quarter YoY: +7.9% (accel: +18.5%)",
      "severity": "HIGH"
    },
    {
      "quarter": "2022-12 (Q4)",
      "signal": "YoY REVENUE GROWTH DECELERATION",
      "detail": "YoY growth: +7.9% vs prior quarter YoY: +16.9% (decel: -9.1%)",
      "severity": "WARNING"
    },
    {
      "quarter": "2022-09 (Q3)",
      "signal": "FCF TURNED POSITIVE",
      "detail": "FCF margin: -17.9% -> +10.7%",
      "severity": "HIGH"
    },
    {
      "quarter": "2022-06 (Q2)",
      "signal": "OPERATING LEVERAGE",
      "detail": "Rev growth +22.2% vs OpEx growth +7.0% (leverage: 3.2x)",
      "severity": "MEDIUM"
    },
    {
      "quarter": "2022-06 (Q2)",
      "signal": "GROSS MARGIN INFLECTION",
      "detail": "GM: +22.3% -> +10.3% -> +14.8% (reversal +4.5%)",
      "severity": "MEDIUM"
    },
    {
      "quarter": "2022-06 (Q2)",
      "signal": "YoY REVENUE GROWTH ACCELERATION",
      "detail": "YoY growth: +20.5% vs prior quarter YoY: -31.2% (accel: +51.7%)",
      "severity": "HIGH"
    },
    {
      "quarter": "2022-03 (Q1)",
      "signal": "FCF MARGIN EXPANSION",
      "detail": "FCF margin: -51.5% -> -2.1% (+49.4%)",
      "severity": "MEDIUM"
    },
    {
      "quarter": "2022-03 (Q1)",
      "signal": "OPERATING LEVERAGE",
      "detail": "Rev growth +177.4% vs OpEx growth +0.4% (leverage: 414.4x)",
      "severity": "MEDIUM"
    },
    {
      "quarter": "2022-03 (Q1)",
      "signal": "YoY REVENUE GROWTH ACCELERATION",
      "detail": "YoY growth: -31.2% vs prior quarter YoY: -70.6% (accel: +39.4%)",
      "severity": "HIGH"
    },
    {
      "quarter": "2021-09 (Q3)",
      "signal": "GROSS MARGIN INFLECTION",
      "detail": "GM: +10.2% -> +6.0% -> +14.1% (reversal +8.1%)",
      "severity": "HIGH"
    },
    {
      "quarter": "2021-06 (Q2)",
      "signal": "FCF TURNED POSITIVE",
      "detail": "FCF margin: -30.1% -> +42.1%",
      "severity": "HIGH"
    },
    {
      "quarter": "2021-03 (Q1)",
      "signal": "OPERATING LEVERAGE",
      "detail": "Rev growth +18.6% vs OpEx growth +11.6% (leverage: 1.6x)",
      "severity": "MEDIUM"
    }
  ],
  "data_quality": {
    "n_quarters": 20,
    "coverage": {
      "revenue": [
        20,
        20
      ],
      "gross_profit": [
        20,
        20
      ],
      "op_income": [
        20,
        20
      ],
      "fcf": [
        20,
        20
      ]
    },
    "gaps": [],
    "warnings": []
  },
  "market_cap": null,
  "source": "SEC EDGAR",
  "last_updated": "2026-02-02T22:48:44.830386"
}