{
  "ticker": "PETS",
  "name": "PetMed Express, Inc.",
  "quarters": [
    {
      "date": "2020-12-31T00:00:00",
      "quarter_label": "2020-12 (Q4)",
      "revenue": 65896000,
      "gross_profit": 19623000,
      "operating_income": 9293000,
      "net_income": 7611000,
      "opex": 10330000,
      "cogs": 46273000,
      "rd": null,
      "sga": null,
      "fcf": 5783000,
      "ocf": 6438000,
      "capex": -655000,
      "gross_margin": 0.2977874226053175,
      "op_margin": 0.1410252519121039,
      "fcf_margin": 0.08775949981789487
    },
    {
      "date": "2021-03-31T00:00:00",
      "quarter_label": "2021-03 (Q1)",
      "revenue": 71679000,
      "gross_profit": 20522000,
      "operating_income": 8387000,
      "net_income": 6812000,
      "opex": 12135000,
      "cogs": 51157000,
      "rd": null,
      "sga": null,
      "fcf": 17865000,
      "ocf": 18449000,
      "capex": -584000,
      "gross_margin": 0.2863042174137474,
      "op_margin": 0.1170077707557304,
      "fcf_margin": 0.249236177960072,
      "op_leverage_ratio": 0.5022468881544897,
      "fcf_margin_change": 0.16147667814217714
    },
    {
      "date": "2021-06-30T00:00:00",
      "quarter_label": "2021-06 (Q2)",
      "revenue": 79312000,
      "gross_profit": 21780000,
      "operating_income": 5419000,
      "net_income": 4428000,
      "opex": 16361000,
      "cogs": 57532000,
      "rd": null,
      "sga": null,
      "fcf": -899000,
      "ocf": -422000,
      "capex": -477000,
      "gross_margin": 0.2746116602783942,
      "op_margin": 0.06832509582408715,
      "fcf_margin": -0.01133498083518257,
      "op_leverage_ratio": 0.30578319388089065,
      "fcf_margin_change": -0.26057115879525455
    },
    {
      "date": "2021-09-30T00:00:00",
      "quarter_label": "2021-09 (Q3)",
      "revenue": 67386000,
      "gross_profit": 19174000,
      "operating_income": 8087000,
      "net_income": 6349000,
      "opex": 11087000,
      "cogs": 48212000,
      "rd": null,
      "sga": null,
      "fcf": 1002000,
      "ocf": 1497000,
      "capex": -495000,
      "gross_margin": 0.2845398153919212,
      "op_margin": 0.1200100911168492,
      "fcf_margin": 0.014869557474846407,
      "fcf_margin_change": 0.026204538310028978
    },
    {
      "date": "2021-12-31T00:00:00",
      "quarter_label": "2021-12 (Q4)",
      "revenue": 60717000,
      "gross_profit": 17725000,
      "operating_income": 5147000,
      "net_income": 4257000,
      "opex": 12578000,
      "cogs": 42992000,
      "rd": null,
      "sga": null,
      "fcf": 8412000,
      "ocf": 8706000,
      "capex": -294000,
      "gross_margin": 0.29192812556615116,
      "op_margin": 0.08477032791475204,
      "fcf_margin": 0.13854439448589356,
      "incr_op_margin_yoy": 0.8005406449121452,
      "rev_growth_yoy": -0.07859354133786572,
      "fcf_margin_change": 0.12367483701104716
    },
    {
      "date": "2022-03-31T00:00:00",
      "quarter_label": "2022-03 (Q1)",
      "revenue": 66002000,
      "gross_profit": 19397000,
      "operating_income": 7057000,
      "net_income": 6066000,
      "opex": 12340000,
      "cogs": 46605000,
      "rd": null,
      "sga": null,
      "fcf": 8231000,
      "ocf": 8717000,
      "capex": -486000,
      "gross_margin": 0.29388503378685493,
      "op_margin": 0.10692100239386686,
      "fcf_margin": 0.12470834217144935,
      "incr_op_margin_yoy": 0.2342786683107275,
      "rev_growth_yoy": -0.07920032366522971,
      "rev_growth_yoy_accel": -0.0006067823273639833,
      "op_leverage_ratio": Infinity,
      "fcf_margin_change": -0.013836052314444208
    },
    {
      "date": "2022-06-30T00:00:00",
      "quarter_label": "2022-06 (Q2)",
      "revenue": 67389000,
      "gross_profit": 19943000,
      "operating_income": 3490000,
      "net_income": 2775000,
      "opex": 16453000,
      "cogs": 50244000,
      "rd": null,
      "sga": null,
      "fcf": 5398000,
      "ocf": 6380000,
      "capex": -982000,
      "gross_margin": 0.29593850628440843,
      "op_margin": 0.051788867619344404,
      "fcf_margin": 0.0801020938135304,
      "incr_op_margin_yoy": 0.16178814056864882,
      "rev_growth_yoy": -0.15033034093201533,
      "rev_growth_yoy_accel": -0.07113001726678563,
      "op_leverage_ratio": 0.06304865342622769,
      "fcf_margin_change": -0.04460624835791896
    },
    {
      "date": "2022-09-30T00:00:00",
      "quarter_label": "2022-09 (Q3)",
      "revenue": 63155000,
      "gross_profit": 18451000,
      "operating_income": 2961000,
      "net_income": 2579000,
      "opex": 15490000,
      "cogs": 46943000,
      "rd": null,
      "sga": null,
      "fcf": -2626000,
      "ocf": -1272000,
      "capex": -1354000,
      "gross_margin": 0.2921542237352545,
      "op_margin": 0.04688464887974032,
      "fcf_margin": -0.04158023909429182,
      "incr_op_margin_yoy": 1.2115339163318364,
      "rev_growth_yoy": -0.06278752263081352,
      "rev_growth_yoy_accel": 0.08754281830120181,
      "fcf_margin_change": -0.12168233290782221
    },
    {
      "date": "2022-12-31T00:00:00",
      "quarter_label": "2022-12 (Q4)",
      "revenue": 57238000,
      "gross_profit": 15238000,
      "operating_income": -769000,
      "net_income": -19000,
      "opex": 16007000,
      "cogs": 43632000,
      "rd": null,
      "sga": null,
      "fcf": 11978000,
      "ocf": 12971000,
      "capex": -993000,
      "gross_margin": 0.2662217408015654,
      "op_margin": -0.013435130507704672,
      "fcf_margin": 0.20926657115902023,
      "incr_op_margin_yoy": 1.7004886461626905,
      "rev_growth_yoy": -0.05729861488545218,
      "rev_growth_yoy_accel": 0.005488907745361343,
      "fcf_margin_change": 0.25084681025331207
    },
    {
      "date": "2023-03-31T00:00:00",
      "quarter_label": "2023-03 (Q1)",
      "revenue": 59787000,
      "gross_profit": 17382000,
      "operating_income": -7112000,
      "net_income": -5102000,
      "opex": 24494000,
      "cogs": 45025000,
      "rd": null,
      "sga": null,
      "fcf": 7793000,
      "ocf": 9724000,
      "capex": -1931000,
      "gross_margin": 0.29073209895127705,
      "op_margin": -0.11895562580494087,
      "fcf_margin": 0.13034606185291117,
      "incr_op_margin_yoy": 2.279806918744972,
      "rev_growth_yoy": -0.09416381321778128,
      "rev_growth_yoy_accel": -0.0368651983323291,
      "op_leverage_ratio": 0.08399261988539289,
      "fcf_margin_change": -0.07892050930610905
    },
    {
      "date": "2023-06-30T00:00:00",
      "quarter_label": "2023-06 (Q2)",
      "revenue": 78244000,
      "gross_profit": 22526000,
      "operating_income": -2128000,
      "net_income": -887000,
      "opex": 24654000,
      "cogs": 55718000,
      "rd": null,
      "sga": null,
      "fcf": -591000,
      "ocf": 562000,
      "capex": -1153000,
      "gross_margin": 0.28789427943356677,
      "op_margin": -0.027196973569858392,
      "fcf_margin": -0.007553294821328153,
      "incr_op_margin_yoy": -0.5175495163519116,
      "rev_growth_yoy": 0.1610797014349523,
      "rev_growth_yoy_accel": 0.25524351465273354,
      "op_leverage_ratio": 47.260039598909465,
      "fcf_margin_change": -0.13789935667423933
    },
    {
      "date": "2023-09-30T00:00:00",
      "quarter_label": "2023-09 (Q3)",
      "revenue": 70999000,
      "gross_profit": 20062000,
      "operating_income": -441000,
      "net_income": -70000,
      "opex": 20503000,
      "cogs": 50937000,
      "rd": null,
      "sga": null,
      "fcf": -1761000,
      "ocf": -777000,
      "capex": -984000,
      "gross_margin": 0.28256736010366346,
      "op_margin": -0.006211355089508303,
      "fcf_margin": -0.024803166241778054,
      "incr_op_margin_yoy": -0.43370729219785825,
      "rev_growth_yoy": 0.1242023592748001,
      "rev_growth_yoy_accel": -0.03687734216015219,
      "fcf_margin_change": -0.0172498714204499
    },
    {
      "date": "2023-12-31T00:00:00",
      "quarter_label": "2023-12 (Q4)",
      "revenue": 65317000,
      "gross_profit": 17883000,
      "operating_income": -3074000,
      "net_income": -2027000,
      "opex": 20957000,
      "cogs": 47434000,
      "rd": null,
      "sga": null,
      "fcf": -3716000,
      "ocf": -2593000,
      "capex": -1123000,
      "gross_margin": 0.2737878347137805,
      "op_margin": -0.04706278610468944,
      "fcf_margin": -0.05689177396389914,
      "incr_op_margin_yoy": -0.2853075875727194,
      "rev_growth_yoy": 0.1411474894300989,
      "rev_growth_yoy_accel": 0.01694513015529879,
      "fcf_margin_change": -0.03208860772212109
    },
    {
      "date": "2024-03-31T00:00:00",
      "quarter_label": "2024-03 (Q1)",
      "revenue": 59535000,
      "gross_profit": 18177000,
      "operating_income": -3835000,
      "net_income": -5016000,
      "opex": 22012000,
      "cogs": 48327000,
      "rd": null,
      "sga": null,
      "fcf": 5874000,
      "ocf": 7125000,
      "capex": -1251000,
      "gross_margin": 0.3053162005542958,
      "op_margin": -0.0644158898127152,
      "fcf_margin": 0.09866465104560343,
      "rev_growth_yoy": -0.004214963119072708,
      "rev_growth_yoy_accel": -0.1453624525491716,
      "fcf_margin_change": 0.15555642500950256
    },
    {
      "date": "2024-06-30T00:00:00",
      "quarter_label": "2024-06 (Q2)",
      "revenue": 67952000,
      "gross_profit": 17971000,
      "operating_income": 4386000,
      "net_income": 3754000,
      "opex": 13585000,
      "cogs": 49981000,
      "rd": null,
      "sga": null,
      "fcf": -9200000,
      "ocf": -8517000,
      "capex": -683000,
      "gross_margin": 0.26446609371320934,
      "op_margin": 0.06454556157287497,
      "fcf_margin": -0.13538968683776784,
      "incr_op_margin_yoy": -0.6329187718616401,
      "rev_growth_yoy": -0.13153724247226625,
      "rev_growth_yoy_accel": -0.12732227935319354,
      "op_leverage_ratio": Infinity,
      "fcf_margin_change": -0.23405433788337127
    },
    {
      "date": "2024-09-30T00:00:00",
      "quarter_label": "2024-09 (Q3)",
      "revenue": 59570000,
      "gross_profit": 17311000,
      "operating_income": 554000,
      "net_income": 2326000,
      "opex": 16757000,
      "cogs": 42259000,
      "rd": null,
      "sga": null,
      "fcf": 6124000,
      "ocf": 7389000,
      "capex": -1265000,
      "gross_margin": 0.29059929494712106,
      "op_margin": 0.009299983213026691,
      "fcf_margin": 0.10280342454255498,
      "incr_op_margin_yoy": -0.08705923527867705,
      "rev_growth_yoy": -0.16097409822673558,
      "rev_growth_yoy_accel": -0.029436855754469332,
      "fcf_margin_change": 0.23819311138032281
    },
    {
      "date": "2024-12-31T00:00:00",
      "quarter_label": "2024-12 (Q4)",
      "revenue": 52984000,
      "gross_profit": 14909000,
      "operating_income": -450000,
      "net_income": -707000,
      "opex": 15359000,
      "cogs": 38075000,
      "rd": null,
      "sga": null,
      "fcf": -1943000,
      "ocf": -1166000,
      "capex": -777000,
      "gross_margin": 0.28138683376113544,
      "op_margin": -0.00849313000150989,
      "fcf_margin": -0.03667144798429715,
      "incr_op_margin_yoy": -0.21276250709478634,
      "rev_growth_yoy": -0.18881761256640692,
      "rev_growth_yoy_accel": -0.027843514339671332,
      "fcf_margin_change": -0.13947487252685212
    },
    {
      "date": "2025-03-31T00:00:00",
      "quarter_label": "2025-03 (Q1)",
      "revenue": 46466000,
      "gross_profit": 18946000,
      "operating_income": -6020000,
      "net_income": -11644000,
      "opex": 24966000,
      "cogs": 27520000,
      "rd": null,
      "sga": null,
      "fcf": 4624000,
      "ocf": 7012000,
      "capex": -2388000,
      "gross_margin": 0.407738991951104,
      "op_margin": -0.129557095510696,
      "fcf_margin": 0.09951362286402961,
      "incr_op_margin_yoy": 0.16718953248144464,
      "rev_growth_yoy": -0.21951793062904174,
      "rev_growth_yoy_accel": -0.030700318062634818,
      "fcf_margin_change": 0.13618507084832676
    },
    {
      "date": "2025-06-30T00:00:00",
      "quarter_label": "2025-06 (Q2)",
      "revenue": 51180000,
      "gross_profit": 14403000,
      "operating_income": -34132000,
      "net_income": -34152000,
      "opex": 48535000,
      "cogs": 36777000,
      "rd": null,
      "sga": null,
      "fcf": -13563000,
      "ocf": -12271000,
      "capex": -1292000,
      "gross_margin": 0.2814185228604924,
      "op_margin": -0.6669011332551779,
      "fcf_margin": -0.2650058616647128,
      "incr_op_margin_yoy": 2.2965657047460053,
      "rev_growth_yoy": -0.24682128561337416,
      "rev_growth_yoy_accel": -0.027303354984332423,
      "op_leverage_ratio": 0.10746377683800439,
      "fcf_margin_change": -0.3645194845287424
    },
    {
      "date": "2025-09-30T00:00:00",
      "quarter_label": "2025-09 (Q3)",
      "revenue": 44364000,
      "gross_profit": 12415000,
      "operating_income": -8380000,
      "net_income": -8520000,
      "opex": 20795000,
      "cogs": 31949000,
      "rd": null,
      "sga": null,
      "fcf": -4798000,
      "ocf": -2174000,
      "capex": -2624000,
      "gross_margin": 0.2798440176719863,
      "op_margin": -0.18889189432873502,
      "fcf_margin": -0.10815075286268146,
      "incr_op_margin_yoy": 0.587531237669341,
      "rev_growth_yoy": -0.25526271613228135,
      "rev_growth_yoy_accel": -0.008441430518907195,
      "fcf_margin_change": 0.15685510880203135
    }
  ],
  "signals": [
    {
      "quarter": "2025-09 (Q3)",
      "signal": "FCF MARGIN EXPANSION",
      "detail": "FCF margin: -26.5% -> -10.8% (+15.7%)",
      "severity": "MEDIUM"
    },
    {
      "quarter": "2025-03 (Q1)",
      "signal": "FCF TURNED POSITIVE",
      "detail": "FCF margin: -3.7% -> +10.0%",
      "severity": "HIGH"
    },
    {
      "quarter": "2025-03 (Q1)",
      "signal": "GROSS MARGIN INFLECTION",
      "detail": "GM: +29.1% -> +28.1% -> +40.8% (reversal +12.6%)",
      "severity": "HIGH"
    },
    {
      "quarter": "2024-09 (Q3)",
      "signal": "FCF TURNED POSITIVE",
      "detail": "FCF margin: -13.5% -> +10.3%",
      "severity": "HIGH"
    },
    {
      "quarter": "2024-09 (Q3)",
      "signal": "GROSS MARGIN INFLECTION",
      "detail": "GM: +30.5% -> +26.4% -> +29.1% (reversal +2.6%)",
      "severity": "MEDIUM"
    },
    {
      "quarter": "2024-09 (Q3)",
      "signal": "OP MARGIN TURNED POSITIVE (YoY)",
      "detail": "Op margin: -0.6% (year-ago) -> +0.9%",
      "severity": "HIGH"
    },
    {
      "quarter": "2024-06 (Q2)",
      "signal": "YoY REVENUE GROWTH DECELERATION",
      "detail": "YoY growth: -13.2% vs prior quarter YoY: -0.4% (decel: -12.7%)",
      "severity": "WARNING"
    },
    {
      "quarter": "2024-06 (Q2)",
      "signal": "OP MARGIN TURNED POSITIVE (YoY)",
      "detail": "Op margin: -2.7% (year-ago) -> +6.5%",
      "severity": "HIGH"
    },
    {
      "quarter": "2024-06 (Q2)",
      "signal": "OP MARGIN TURNED POSITIVE (QoQ)",
      "detail": "Op margin: -6.4% -> +6.5%",
      "severity": "HIGH"
    },
    {
      "quarter": "2024-03 (Q1)",
      "signal": "FCF TURNED POSITIVE",
      "detail": "FCF margin: -5.7% -> +9.9%",
      "severity": "HIGH"
    },
    {
      "quarter": "2024-03 (Q1)",
      "signal": "GROSS MARGIN INFLECTION",
      "detail": "GM: +28.3% -> +27.4% -> +30.5% (reversal +3.2%)",
      "severity": "MEDIUM"
    },
    {
      "quarter": "2024-03 (Q1)",
      "signal": "YoY REVENUE GROWTH DECELERATION",
      "detail": "YoY growth: -0.4% vs prior quarter YoY: +14.1% (decel: -14.5%)",
      "severity": "WARNING"
    },
    {
      "quarter": "2023-06 (Q2)",
      "signal": "OPERATING LEVERAGE",
      "detail": "Rev growth +30.9% vs OpEx growth +0.7% (leverage: 47.3x)",
      "severity": "MEDIUM"
    },
    {
      "quarter": "2023-06 (Q2)",
      "signal": "YoY REVENUE GROWTH ACCELERATION",
      "detail": "YoY growth: +16.1% vs prior quarter YoY: -9.4% (accel: +25.5%)",
      "severity": "HIGH"
    },
    {
      "quarter": "2023-03 (Q1)",
      "signal": "GROSS MARGIN INFLECTION",
      "detail": "GM: +29.2% -> +26.6% -> +29.1% (reversal +2.5%)",
      "severity": "MEDIUM"
    },
    {
      "quarter": "2022-12 (Q4)",
      "signal": "FCF TURNED POSITIVE",
      "detail": "FCF margin: -4.2% -> +20.9%",
      "severity": "HIGH"
    },
    {
      "quarter": "2022-09 (Q3)",
      "signal": "YoY REVENUE GROWTH ACCELERATION",
      "detail": "YoY growth: -6.3% vs prior quarter YoY: -15.0% (accel: +8.8%)",
      "severity": "MEDIUM"
    },
    {
      "quarter": "2022-09 (Q3)",
      "signal": "INCREMENTAL MARGIN (YoY)",
      "detail": "YoY Incr OPM: +121.2% vs year-ago OPM: +12.0%",
      "severity": "HIGH"
    },
    {
      "quarter": "2022-06 (Q2)",
      "signal": "YoY REVENUE GROWTH DECELERATION",
      "detail": "YoY growth: -15.0% vs prior quarter YoY: -7.9% (decel: -7.1%)",
      "severity": "WARNING"
    },
    {
      "quarter": "2022-03 (Q1)",
      "signal": "INCREMENTAL MARGIN (YoY)",
      "detail": "YoY Incr OPM: +23.4% vs year-ago OPM: +11.7%",
      "severity": "MEDIUM"
    },
    {
      "quarter": "2021-12 (Q4)",
      "signal": "FCF MARGIN EXPANSION",
      "detail": "FCF margin: +1.5% -> +13.9% (+12.4%)",
      "severity": "MEDIUM"
    },
    {
      "quarter": "2021-12 (Q4)",
      "signal": "INCREMENTAL MARGIN (YoY)",
      "detail": "YoY Incr OPM: +80.1% vs year-ago OPM: +14.1%",
      "severity": "HIGH"
    },
    {
      "quarter": "2021-09 (Q3)",
      "signal": "FCF TURNED POSITIVE",
      "detail": "FCF margin: -1.1% -> +1.5%",
      "severity": "HIGH"
    },
    {
      "quarter": "2021-03 (Q1)",
      "signal": "FCF MARGIN EXPANSION",
      "detail": "FCF margin: +8.8% -> +24.9% (+16.1%)",
      "severity": "MEDIUM"
    }
  ],
  "data_quality": {
    "n_quarters": 20,
    "coverage": {
      "revenue": [
        20,
        20
      ],
      "gross_profit": [
        20,
        20
      ],
      "op_income": [
        20,
        20
      ],
      "fcf": [
        20,
        20
      ]
    },
    "gaps": [],
    "warnings": []
  },
  "market_cap": null,
  "source": "SEC EDGAR",
  "last_updated": "2026-02-02T23:31:46.463191"
}