{
  "ticker": "PGNY",
  "name": "Progyny, Inc.",
  "quarters": [
    {
      "date": "2020-12-31T00:00:00",
      "quarter_label": "2020-12 (Q4)",
      "revenue": 100301000,
      "gross_profit": 20666000,
      "operating_income": 1161000,
      "net_income": 39072000,
      "opex": 19505000,
      "cogs": 79635000,
      "rd": null,
      "sga": null,
      "fcf": 6440000,
      "ocf": 6537000,
      "capex": -97000,
      "gross_margin": 0.20603982014137445,
      "op_margin": 0.011575158772095992,
      "fcf_margin": 0.06420673771946442
    },
    {
      "date": "2021-03-31T00:00:00",
      "quarter_label": "2021-03 (Q1)",
      "revenue": 122133000,
      "gross_profit": 28907000,
      "operating_income": 11807000,
      "net_income": 15166000,
      "opex": 17100000,
      "cogs": 93226000,
      "rd": null,
      "sga": null,
      "fcf": 163000,
      "ocf": 532000,
      "capex": -369000,
      "gross_margin": 0.23668459793831315,
      "op_margin": 0.09667329878083729,
      "fcf_margin": 0.0013346106293958225,
      "op_leverage_ratio": Infinity,
      "fcf_margin_change": -0.06287212709006859
    },
    {
      "date": "2021-06-30T00:00:00",
      "quarter_label": "2021-06 (Q2)",
      "revenue": 128651000,
      "gross_profit": 29621000,
      "operating_income": 11656000,
      "net_income": 18727000,
      "opex": 17965000,
      "cogs": 99030000,
      "rd": null,
      "sga": null,
      "fcf": -7903000,
      "ocf": -7473000,
      "capex": -430000,
      "gross_margin": 0.23024306068355474,
      "op_margin": 0.09060170538899814,
      "fcf_margin": -0.061429759582125286,
      "op_leverage_ratio": 1.055021558275639,
      "fcf_margin_change": -0.0627643702115211
    },
    {
      "date": "2021-09-30T00:00:00",
      "quarter_label": "2021-09 (Q3)",
      "revenue": 122284000,
      "gross_profit": 28492000,
      "operating_income": 9065000,
      "net_income": 16796000,
      "opex": 19427000,
      "cogs": 93792000,
      "rd": null,
      "sga": null,
      "fcf": 23445000,
      "ocf": 24163000,
      "capex": -718000,
      "gross_margin": 0.23299859343822577,
      "op_margin": 0.07413071211278663,
      "fcf_margin": 0.19172581858624185,
      "fcf_margin_change": 0.25315557816836715
    },
    {
      "date": "2021-12-31T00:00:00",
      "quarter_label": "2021-12 (Q4)",
      "revenue": 127553000,
      "gross_profit": 25115000,
      "operating_income": -188000,
      "net_income": 15080000,
      "opex": 25303000,
      "cogs": 102438000,
      "rd": null,
      "sga": null,
      "fcf": 8203000,
      "ocf": 8815000,
      "capex": -612000,
      "gross_margin": 0.19689854413459504,
      "op_margin": -0.0014738971251166183,
      "fcf_margin": 0.06431052190070011,
      "incr_op_margin_yoy": -0.04950095405841773,
      "rev_growth_yoy": 0.27170217644888883,
      "op_leverage_ratio": 0.14245658044651785,
      "fcf_margin_change": -0.12741529668554175
    },
    {
      "date": "2022-03-31T00:00:00",
      "quarter_label": "2022-03 (Q1)",
      "revenue": 172217000,
      "gross_profit": 32949000,
      "operating_income": -58000,
      "net_income": 4971000,
      "opex": 33007000,
      "cogs": 139268000,
      "rd": null,
      "sga": null,
      "fcf": -12052000,
      "ocf": -11262000,
      "capex": -790000,
      "gross_margin": 0.19132257558777588,
      "op_margin": -0.0003367844057206896,
      "fcf_margin": -0.06998147685768537,
      "incr_op_margin_yoy": -0.23690200463221786,
      "rev_growth_yoy": 0.4100775384212293,
      "rev_growth_yoy_accel": 0.13837536197234046,
      "op_leverage_ratio": 1.150065773159886,
      "fcf_margin_change": -0.1342919987583855
    },
    {
      "date": "2022-06-30T00:00:00",
      "quarter_label": "2022-06 (Q2)",
      "revenue": 195004000,
      "gross_profit": 43887000,
      "operating_income": 8838000,
      "net_income": 8768000,
      "opex": 35049000,
      "cogs": 151117000,
      "rd": null,
      "sga": null,
      "fcf": 18756000,
      "ocf": 19246000,
      "capex": -490000,
      "gross_margin": 0.22505692190929416,
      "op_margin": 0.04532214723800537,
      "fcf_margin": 0.09618264240733523,
      "incr_op_margin_yoy": -0.042469820505478276,
      "rev_growth_yoy": 0.5157596909468252,
      "rev_growth_yoy_accel": 0.10568215252559587,
      "op_leverage_ratio": 2.138757020652207,
      "fcf_margin_change": 0.16616411926502062
    },
    {
      "date": "2022-09-30T00:00:00",
      "quarter_label": "2022-09 (Q3)",
      "revenue": 205371000,
      "gross_profit": 45995000,
      "operating_income": 11255000,
      "net_income": 13211000,
      "opex": 34740000,
      "cogs": 159376000,
      "rd": null,
      "sga": null,
      "fcf": 19654000,
      "ocf": 20894000,
      "capex": -1240000,
      "gross_margin": 0.22396053970619026,
      "op_margin": 0.05480325849316603,
      "fcf_margin": 0.09569997711458775,
      "incr_op_margin_yoy": 0.02635791399376557,
      "rev_growth_yoy": 0.6794592914853946,
      "rev_growth_yoy_accel": 0.16369960053856947,
      "op_leverage_ratio": Infinity,
      "fcf_margin_change": -0.00048266529274748615
    },
    {
      "date": "2022-12-31T00:00:00",
      "quarter_label": "2022-12 (Q4)",
      "revenue": 214321000,
      "gross_profit": 44494000,
      "operating_income": 3306000,
      "net_income": 3408000,
      "opex": 41188000,
      "cogs": 169827000,
      "rd": null,
      "sga": null,
      "fcf": 50796000,
      "ocf": 51517000,
      "capex": -721000,
      "gross_margin": 0.20760448112877414,
      "op_margin": 0.015425459940929727,
      "fcf_margin": 0.23700897252252462,
      "incr_op_margin_yoy": 0.040268301678037986,
      "rev_growth_yoy": 0.6802505625112698,
      "rev_growth_yoy_accel": 0.0007912710258751732,
      "op_leverage_ratio": 0.23479492351993902,
      "fcf_margin_change": 0.14130899540793687
    },
    {
      "date": "2023-03-31T00:00:00",
      "quarter_label": "2023-03 (Q1)",
      "revenue": 258394000,
      "gross_profit": 58640000,
      "operating_income": 15011000,
      "net_income": 17678000,
      "opex": 43629000,
      "cogs": 199754000,
      "rd": null,
      "sga": null,
      "fcf": 19710000,
      "ocf": 20961000,
      "capex": -1251000,
      "gross_margin": 0.22694025403066634,
      "op_margin": 0.058093454182372654,
      "fcf_margin": 0.07627886096426388,
      "incr_op_margin_yoy": 0.17486104180929946,
      "rev_growth_yoy": 0.5003977539964115,
      "rev_growth_yoy_accel": -0.1798528085148583,
      "op_leverage_ratio": 3.4698508811191586,
      "fcf_margin_change": -0.16073011155826072
    },
    {
      "date": "2023-06-30T00:00:00",
      "quarter_label": "2023-06 (Q2)",
      "revenue": 279373000,
      "gross_profit": 60641000,
      "operating_income": 15184000,
      "net_income": 14991000,
      "opex": 45457000,
      "cogs": 218732000,
      "rd": null,
      "sga": null,
      "fcf": 75253000,
      "ocf": 76012000,
      "capex": -759000,
      "gross_margin": 0.21706106173467013,
      "op_margin": 0.05435027722793541,
      "fcf_margin": 0.2693638970122381,
      "incr_op_margin_yoy": 0.07521720063056336,
      "rev_growth_yoy": 0.43265266353510695,
      "rev_growth_yoy_accel": -0.06774509046130456,
      "op_leverage_ratio": 1.9377664190466921,
      "fcf_margin_change": 0.19308503604797422
    },
    {
      "date": "2023-09-30T00:00:00",
      "quarter_label": "2023-09 (Q3)",
      "revenue": 280891000,
      "gross_profit": 62624000,
      "operating_income": 18189000,
      "net_income": 15898000,
      "opex": 44435000,
      "cogs": 218267000,
      "rd": null,
      "sga": null,
      "fcf": 53229000,
      "ocf": 54182000,
      "capex": -953000,
      "gross_margin": 0.22294769145326834,
      "op_margin": 0.06475465572054641,
      "fcf_margin": 0.1895005535955228,
      "incr_op_margin_yoy": 0.0918167372881356,
      "rev_growth_yoy": 0.3677247517906618,
      "rev_growth_yoy_accel": -0.06492791174444518,
      "fcf_margin_change": -0.0798633434167153
    },
    {
      "date": "2023-12-31T00:00:00",
      "quarter_label": "2023-12 (Q4)",
      "revenue": 269940000,
      "gross_profit": 56894000,
      "operating_income": 13800000,
      "net_income": 13470000,
      "opex": 43094000,
      "cogs": 213046000,
      "rd": null,
      "sga": null,
      "fcf": 36978000,
      "ocf": 37659000,
      "capex": -681000,
      "gross_margin": 0.21076535526413276,
      "op_margin": 0.05112247166036897,
      "fcf_margin": 0.13698599688819738,
      "incr_op_margin_yoy": 0.1886765314011399,
      "rev_growth_yoy": 0.25951260025849077,
      "rev_growth_yoy_accel": -0.10821215153217101,
      "fcf_margin_change": -0.05251455670732544
    },
    {
      "date": "2024-03-31T00:00:00",
      "quarter_label": "2024-03 (Q1)",
      "revenue": 278078000,
      "gross_profit": 62406000,
      "operating_income": 18523000,
      "net_income": 16898000,
      "opex": 43883000,
      "cogs": 215672000,
      "rd": null,
      "sga": null,
      "fcf": 24882000,
      "ocf": 25732000,
      "capex": -850000,
      "gross_margin": 0.2244190478930372,
      "op_margin": 0.06661080703975143,
      "fcf_margin": 0.08947849164622876,
      "incr_op_margin_yoy": 0.17841902052428368,
      "rev_growth_yoy": 0.07617823943280416,
      "rev_growth_yoy_accel": -0.1833343608256866,
      "op_leverage_ratio": 1.6466080947622685,
      "fcf_margin_change": -0.04750750524196862
    },
    {
      "date": "2024-06-30T00:00:00",
      "quarter_label": "2024-06 (Q2)",
      "revenue": 304087000,
      "gross_profit": 68281000,
      "operating_income": 20687000,
      "net_income": 16485000,
      "opex": 47594000,
      "cogs": 235806000,
      "rd": null,
      "sga": null,
      "fcf": 55828000,
      "ocf": 56694000,
      "capex": -866000,
      "gross_margin": 0.224544291600759,
      "op_margin": 0.06802987302975794,
      "fcf_margin": 0.18359219565453308,
      "incr_op_margin_yoy": 0.22266731407299506,
      "rev_growth_yoy": 0.088462378254162,
      "rev_growth_yoy_accel": 0.012284138821357843,
      "op_leverage_ratio": 1.1060184684325276,
      "fcf_margin_change": 0.09411370400830432
    },
    {
      "date": "2024-09-30T00:00:00",
      "quarter_label": "2024-09 (Q3)",
      "revenue": 286625000,
      "gross_profit": 59244000,
      "operating_income": 12458000,
      "net_income": 10421000,
      "opex": 46786000,
      "cogs": 227381000,
      "rd": null,
      "sga": null,
      "fcf": 42721000,
      "ocf": 44515000,
      "capex": -1794000,
      "gross_margin": 0.20669515918011339,
      "op_margin": 0.04346445704317488,
      "fcf_margin": 0.1490484081988661,
      "incr_op_margin_yoy": -0.9994768050226718,
      "rev_growth_yoy": 0.02041361239769163,
      "rev_growth_yoy_accel": -0.06804876585647038,
      "fcf_margin_change": -0.03454378745566697
    },
    {
      "date": "2024-12-31T00:00:00",
      "quarter_label": "2024-12 (Q4)",
      "revenue": 298431000,
      "gross_profit": 63432000,
      "operating_income": 15787000,
      "net_income": 10532000,
      "opex": 47645000,
      "cogs": 234999000,
      "rd": null,
      "sga": null,
      "fcf": 50269000,
      "ocf": 52164000,
      "capex": -1895000,
      "gross_margin": 0.21255164510389335,
      "op_margin": 0.05290000033508583,
      "fcf_margin": 0.16844429700667826,
      "incr_op_margin_yoy": 0.0697413218209259,
      "rev_growth_yoy": 0.10554567681707046,
      "rev_growth_yoy_accel": 0.08513206441937883,
      "op_leverage_ratio": 2.2434245278564564,
      "fcf_margin_change": 0.01939588880781215
    },
    {
      "date": "2025-03-31T00:00:00",
      "quarter_label": "2025-03 (Q1)",
      "revenue": 324038000,
      "gross_profit": 75795000,
      "operating_income": 24170000,
      "net_income": 15059000,
      "opex": 51625000,
      "cogs": 248243000,
      "rd": null,
      "sga": null,
      "fcf": 46965000,
      "ocf": 49808000,
      "capex": -2843000,
      "gross_margin": 0.2339077515600022,
      "op_margin": 0.07459001722020257,
      "fcf_margin": 0.1449367049543572,
      "incr_op_margin_yoy": 0.12286771105308965,
      "rev_growth_yoy": 0.16527736822042735,
      "rev_growth_yoy_accel": 0.05973169140335689,
      "op_leverage_ratio": 1.0271858461293604,
      "fcf_margin_change": -0.023507592052321058
    },
    {
      "date": "2025-06-30T00:00:00",
      "quarter_label": "2025-06 (Q2)",
      "revenue": 332874000,
      "gross_profit": 78973000,
      "operating_income": 24358000,
      "net_income": 17112000,
      "opex": 54615000,
      "cogs": 253901000,
      "rd": null,
      "sga": null,
      "fcf": 50241000,
      "ocf": 55510000,
      "capex": -5269000,
      "gross_margin": 0.23724592488449084,
      "op_margin": 0.07317483492252323,
      "fcf_margin": 0.15093098289442852,
      "incr_op_margin_yoy": 0.12752284017091048,
      "rev_growth_yoy": 0.09466698675050232,
      "rev_growth_yoy_accel": -0.07061038146992503,
      "op_leverage_ratio": 0.47081321091186273,
      "fcf_margin_change": 0.005994277940071319
    },
    {
      "date": "2025-09-30T00:00:00",
      "quarter_label": "2025-09 (Q3)",
      "revenue": 313346000,
      "gross_profit": 72835000,
      "operating_income": 21527000,
      "net_income": 13864000,
      "opex": 51308000,
      "cogs": 240511000,
      "rd": 2600000,
      "sga": null,
      "fcf": 45987000,
      "ocf": 50671000,
      "capex": -4684000,
      "gross_margin": 0.2324427310385325,
      "op_margin": 0.06870041423857333,
      "fcf_margin": 0.1467610883815335,
      "incr_op_margin_yoy": 0.33939598068934546,
      "rev_growth_yoy": 0.09322634103794156,
      "rev_growth_yoy_accel": -0.0014406457125607647,
      "fcf_margin_change": -0.0041698945128950116
    }
  ],
  "signals": [
    {
      "quarter": "2025-09 (Q3)",
      "signal": "INCREMENTAL MARGIN (YoY)",
      "detail": "YoY Incr OPM: +33.9% vs year-ago OPM: +4.3%",
      "severity": "HIGH"
    },
    {
      "quarter": "2025-06 (Q2)",
      "signal": "YoY REVENUE GROWTH DECELERATION",
      "detail": "YoY growth: +9.5% vs prior quarter YoY: +16.5% (decel: -7.1%)",
      "severity": "WARNING"
    },
    {
      "quarter": "2025-03 (Q1)",
      "signal": "YoY REVENUE GROWTH ACCELERATION",
      "detail": "YoY growth: +16.5% vs prior quarter YoY: +10.6% (accel: +6.0%)",
      "severity": "MEDIUM"
    },
    {
      "quarter": "2024-12 (Q4)",
      "signal": "OPERATING LEVERAGE",
      "detail": "Rev growth +4.1% vs OpEx growth +1.8% (leverage: 2.2x)",
      "severity": "MEDIUM"
    },
    {
      "quarter": "2024-12 (Q4)",
      "signal": "YoY REVENUE GROWTH ACCELERATION",
      "detail": "YoY growth: +10.6% vs prior quarter YoY: +2.0% (accel: +8.5%)",
      "severity": "MEDIUM"
    },
    {
      "quarter": "2024-09 (Q3)",
      "signal": "YoY REVENUE GROWTH DECELERATION",
      "detail": "YoY growth: +2.0% vs prior quarter YoY: +8.8% (decel: -6.8%)",
      "severity": "WARNING"
    },
    {
      "quarter": "2024-06 (Q2)",
      "signal": "FCF MARGIN EXPANSION",
      "detail": "FCF margin: +8.9% -> +18.4% (+9.4%)",
      "severity": "MEDIUM"
    },
    {
      "quarter": "2024-06 (Q2)",
      "signal": "INCREMENTAL MARGIN (YoY)",
      "detail": "YoY Incr OPM: +22.3% vs year-ago OPM: +5.4%",
      "severity": "MEDIUM"
    },
    {
      "quarter": "2024-03 (Q1)",
      "signal": "OPERATING LEVERAGE",
      "detail": "Rev growth +3.0% vs OpEx growth +1.8% (leverage: 1.6x)",
      "severity": "MEDIUM"
    },
    {
      "quarter": "2024-03 (Q1)",
      "signal": "YoY REVENUE GROWTH DECELERATION",
      "detail": "YoY growth: +7.6% vs prior quarter YoY: +26.0% (decel: -18.3%)",
      "severity": "WARNING"
    },
    {
      "quarter": "2024-03 (Q1)",
      "signal": "INCREMENTAL MARGIN (YoY)",
      "detail": "YoY Incr OPM: +17.8% vs year-ago OPM: +5.8%",
      "severity": "MEDIUM"
    },
    {
      "quarter": "2023-12 (Q4)",
      "signal": "YoY REVENUE GROWTH DECELERATION",
      "detail": "YoY growth: +26.0% vs prior quarter YoY: +36.8% (decel: -10.8%)",
      "severity": "WARNING"
    },
    {
      "quarter": "2023-12 (Q4)",
      "signal": "INCREMENTAL MARGIN (YoY)",
      "detail": "YoY Incr OPM: +18.9% vs year-ago OPM: +1.5%",
      "severity": "MEDIUM"
    },
    {
      "quarter": "2023-09 (Q3)",
      "signal": "YoY REVENUE GROWTH DECELERATION",
      "detail": "YoY growth: +36.8% vs prior quarter YoY: +43.3% (decel: -6.5%)",
      "severity": "WARNING"
    },
    {
      "quarter": "2023-06 (Q2)",
      "signal": "FCF MARGIN EXPANSION",
      "detail": "FCF margin: +7.6% -> +26.9% (+19.3%)",
      "severity": "MEDIUM"
    },
    {
      "quarter": "2023-06 (Q2)",
      "signal": "OPERATING LEVERAGE",
      "detail": "Rev growth +8.1% vs OpEx growth +4.2% (leverage: 1.9x)",
      "severity": "MEDIUM"
    },
    {
      "quarter": "2023-06 (Q2)",
      "signal": "YoY REVENUE GROWTH DECELERATION",
      "detail": "YoY growth: +43.3% vs prior quarter YoY: +50.0% (decel: -6.8%)",
      "severity": "WARNING"
    },
    {
      "quarter": "2023-03 (Q1)",
      "signal": "OPERATING LEVERAGE",
      "detail": "Rev growth +20.6% vs OpEx growth +5.9% (leverage: 3.5x)",
      "severity": "MEDIUM"
    },
    {
      "quarter": "2023-03 (Q1)",
      "signal": "YoY REVENUE GROWTH DECELERATION",
      "detail": "YoY growth: +50.0% vs prior quarter YoY: +68.0% (decel: -18.0%)",
      "severity": "WARNING"
    },
    {
      "quarter": "2023-03 (Q1)",
      "signal": "OP MARGIN TURNED POSITIVE (YoY)",
      "detail": "Op margin: -0.0% (year-ago) -> +5.8%",
      "severity": "HIGH"
    },
    {
      "quarter": "2022-12 (Q4)",
      "signal": "FCF MARGIN EXPANSION",
      "detail": "FCF margin: +9.6% -> +23.7% (+14.1%)",
      "severity": "MEDIUM"
    },
    {
      "quarter": "2022-12 (Q4)",
      "signal": "OP MARGIN TURNED POSITIVE (YoY)",
      "detail": "Op margin: -0.1% (year-ago) -> +1.5%",
      "severity": "HIGH"
    },
    {
      "quarter": "2022-09 (Q3)",
      "signal": "YoY REVENUE GROWTH ACCELERATION",
      "detail": "YoY growth: +67.9% vs prior quarter YoY: +51.6% (accel: +16.4%)",
      "severity": "HIGH"
    },
    {
      "quarter": "2022-06 (Q2)",
      "signal": "FCF TURNED POSITIVE",
      "detail": "FCF margin: -7.0% -> +9.6%",
      "severity": "HIGH"
    },
    {
      "quarter": "2022-06 (Q2)",
      "signal": "OPERATING LEVERAGE",
      "detail": "Rev growth +13.2% vs OpEx growth +6.2% (leverage: 2.1x)",
      "severity": "MEDIUM"
    },
    {
      "quarter": "2022-06 (Q2)",
      "signal": "GROSS MARGIN INFLECTION",
      "detail": "GM: +19.7% -> +19.1% -> +22.5% (reversal +3.4%)",
      "severity": "MEDIUM"
    },
    {
      "quarter": "2022-06 (Q2)",
      "signal": "YoY REVENUE GROWTH ACCELERATION",
      "detail": "YoY growth: +51.6% vs prior quarter YoY: +41.0% (accel: +10.6%)",
      "severity": "MEDIUM"
    },
    {
      "quarter": "2022-06 (Q2)",
      "signal": "OP MARGIN TURNED POSITIVE (QoQ)",
      "detail": "Op margin: -0.0% -> +4.5%",
      "severity": "HIGH"
    },
    {
      "quarter": "2022-03 (Q1)",
      "signal": "YoY REVENUE GROWTH ACCELERATION",
      "detail": "YoY growth: +41.0% vs prior quarter YoY: +27.2% (accel: +13.8%)",
      "severity": "MEDIUM"
    },
    {
      "quarter": "2021-09 (Q3)",
      "signal": "FCF TURNED POSITIVE",
      "detail": "FCF margin: -6.1% -> +19.2%",
      "severity": "HIGH"
    }
  ],
  "data_quality": {
    "n_quarters": 20,
    "coverage": {
      "revenue": [
        20,
        20
      ],
      "gross_profit": [
        20,
        20
      ],
      "op_income": [
        20,
        20
      ],
      "fcf": [
        20,
        20
      ]
    },
    "gaps": [],
    "warnings": []
  },
  "market_cap": null,
  "source": "SEC EDGAR",
  "last_updated": "2026-02-02T21:35:31.771123"
}