{
  "ticker": "PH",
  "name": "PARKER-HANNIFIN CORPORATION",
  "quarters": [
    {
      "date": "2021-03-31T00:00:00",
      "quarter_label": "2021-03 (Q1)",
      "revenue": 3746326000,
      "gross_profit": 1031553000,
      "operating_income": 665230000,
      "net_income": 473153000,
      "opex": 366323000,
      "cogs": 2714773000,
      "rd": null,
      "sga": 386831000,
      "fcf": 484260000,
      "ocf": 527417000,
      "capex": -43157000,
      "gross_margin": 0.27535057013191055,
      "op_margin": 0.17756863657887756,
      "fcf_margin": 0.1292626429200235
    },
    {
      "date": "2021-06-30T00:00:00",
      "quarter_label": "2021-06 (Q2)",
      "revenue": 3958869000,
      "gross_profit": 1127835000,
      "operating_income": 735105000,
      "net_income": null,
      "opex": 392730000,
      "cogs": 2831034000,
      "rd": null,
      "sga": 414048000,
      "fcf": 619703000,
      "ocf": 693596000,
      "capex": -73893000,
      "gross_margin": 0.28488818397375615,
      "op_margin": 0.18568560869278575,
      "fcf_margin": 0.15653536401431822,
      "op_leverage_ratio": 0.7870210740774151,
      "fcf_margin_change": 0.02727272109429471
    },
    {
      "date": "2021-09-30T00:00:00",
      "quarter_label": "2021-09 (Q3)",
      "revenue": 3762809000,
      "gross_profit": 1048912000,
      "operating_income": 694057000,
      "net_income": null,
      "opex": 354855000,
      "cogs": 2713897000,
      "rd": null,
      "sga": 407765000,
      "fcf": 376156000,
      "ocf": 424359000,
      "capex": -48203000,
      "gross_margin": 0.27875770468285793,
      "op_margin": 0.18445182840797925,
      "fcf_margin": 0.09996680671275103,
      "fcf_margin_change": -0.05656855730156719
    },
    {
      "date": "2021-12-31T00:00:00",
      "quarter_label": "2021-12 (Q4)",
      "revenue": 3824580000,
      "gross_profit": 1059855000,
      "operating_income": 701181000,
      "net_income": null,
      "opex": 358674000,
      "cogs": 2764725000,
      "rd": null,
      "sga": 380710000,
      "fcf": 523707000,
      "ocf": 581110000,
      "capex": -57403000,
      "gross_margin": 0.27711670301052665,
      "op_margin": 0.18333542506628178,
      "fcf_margin": 0.13693189840453068,
      "op_leverage_ratio": 1.5253648293730115,
      "fcf_margin_change": 0.03696509169177965
    },
    {
      "date": "2022-03-31T00:00:00",
      "quarter_label": "2022-03 (Q1)",
      "revenue": 4086387000,
      "gross_profit": 1158396000,
      "operating_income": 774084000,
      "net_income": null,
      "opex": 384312000,
      "cogs": 2927991000,
      "rd": null,
      "sga": 412431000,
      "fcf": 489711000,
      "ocf": 542969000,
      "capex": -53258000,
      "gross_margin": 0.2834768219456454,
      "op_margin": 0.18942992917704565,
      "fcf_margin": 0.1198396040316299,
      "incr_op_margin_yoy": 0.3201013935735059,
      "rev_growth_yoy": 0.09077186555574715,
      "op_leverage_ratio": 0.9576642107320741,
      "fcf_margin_change": -0.017092294372900788
    },
    {
      "date": "2022-06-30T00:00:00",
      "quarter_label": "2022-06 (Q2)",
      "revenue": 4187832000,
      "gross_profit": 1207178000,
      "operating_income": 805713000,
      "net_income": null,
      "opex": 401465000,
      "cogs": 2980654000,
      "rd": null,
      "sga": 426210000,
      "fcf": 822112000,
      "ocf": 893292000,
      "capex": -71180000,
      "gross_margin": 0.2882584592696173,
      "op_margin": 0.19239382095556842,
      "fcf_margin": 0.19630968959595324,
      "incr_op_margin_yoy": 0.3083817035940305,
      "rev_growth_yoy": 0.05783545755113392,
      "rev_growth_yoy_accel": -0.03293640800461323,
      "op_leverage_ratio": 0.5562051557692883,
      "fcf_margin_change": 0.07647008556432335
    },
    {
      "date": "2022-09-30T00:00:00",
      "quarter_label": "2022-09 (Q3)",
      "revenue": 4232775000,
      "gross_profit": 1437319000,
      "operating_income": 787417000,
      "net_income": null,
      "opex": 649902000,
      "cogs": 2795456000,
      "rd": null,
      "sga": 835804000,
      "fcf": 373803000,
      "ocf": 457358000,
      "capex": -83555000,
      "gross_margin": 0.3395689588981224,
      "op_margin": 0.1860285510096804,
      "fcf_margin": 0.088311568651771,
      "incr_op_margin_yoy": 0.19865266849091212,
      "rev_growth_yoy": 0.12489764960166727,
      "rev_growth_yoy_accel": 0.06706219205053335,
      "op_leverage_ratio": 0.017342201200901235,
      "fcf_margin_change": -0.10799812094418224
    },
    {
      "date": "2022-12-31T00:00:00",
      "quarter_label": "2022-12 (Q4)",
      "revenue": 4674811000,
      "gross_profit": 1437999000,
      "operating_income": 665333000,
      "net_income": null,
      "opex": 772666000,
      "cogs": 3236812000,
      "rd": null,
      "sga": 814966000,
      "fcf": 516627000,
      "ocf": 618776000,
      "capex": -102149000,
      "gross_margin": 0.30760580481221594,
      "op_margin": 0.14232297305709257,
      "fcf_margin": 0.11051291699279393,
      "incr_op_margin_yoy": -0.042162659324348324,
      "rev_growth_yoy": 0.22230702456217416,
      "rev_growth_yoy_accel": 0.09740937496050689,
      "op_leverage_ratio": 0.55285252795099,
      "fcf_margin_change": 0.022201348341022928
    },
    {
      "date": "2023-03-31T00:00:00",
      "quarter_label": "2023-03 (Q1)",
      "revenue": 5061665000,
      "gross_profit": 1720901000,
      "operating_income": 906972000,
      "net_income": null,
      "opex": 813929000,
      "cogs": 3340764000,
      "rd": null,
      "sga": 868393000,
      "fcf": 631861000,
      "ocf": 718760000,
      "capex": -86899000,
      "gross_margin": 0.3399871386194069,
      "op_margin": 0.17918451734755264,
      "fcf_margin": 0.1248326390624429,
      "incr_op_margin_yoy": 0.13625653403439839,
      "rev_growth_yoy": 0.2386651093007099,
      "rev_growth_yoy_accel": 0.016358084738535728,
      "op_leverage_ratio": 1.549580122526149,
      "fcf_margin_change": 0.01431972206964896
    },
    {
      "date": "2023-06-30T00:00:00",
      "quarter_label": "2023-06 (Q2)",
      "revenue": 5095943000,
      "gross_profit": 1833083000,
      "operating_income": 1044455000,
      "net_income": null,
      "opex": 788628000,
      "cogs": 3262860000,
      "rd": null,
      "sga": 834940000,
      "fcf": 1076709000,
      "ocf": 1185106000,
      "capex": -108397000,
      "gross_margin": 0.3597141883258898,
      "op_margin": 0.20495814023037542,
      "fcf_margin": 0.21128748889067245,
      "incr_op_margin_yoy": 0.2628995794566964,
      "rev_growth_yoy": 0.21684513609906034,
      "rev_growth_yoy_accel": -0.02181997320164955,
      "fcf_margin_change": 0.08645484982822955
    },
    {
      "date": "2023-09-30T00:00:00",
      "quarter_label": "2023-09 (Q3)",
      "revenue": 4847488000,
      "gross_profit": 1750139000,
      "operating_income": 977358000,
      "net_income": null,
      "opex": 772781000,
      "cogs": 3097349000,
      "rd": null,
      "sga": 873691000,
      "fcf": 552213000,
      "ocf": 649959000,
      "capex": -97746000,
      "gross_margin": 0.36104039865596366,
      "op_margin": 0.20162154088880674,
      "fcf_margin": 0.11391735265770643,
      "incr_op_margin_yoy": 0.3089913504350811,
      "rev_growth_yoy": 0.14522694922361806,
      "rev_growth_yoy_accel": -0.07161818687544227,
      "fcf_margin_change": -0.09737013623296602
    },
    {
      "date": "2023-12-31T00:00:00",
      "quarter_label": "2023-12 (Q4)",
      "revenue": 4820947000,
      "gross_profit": 1718985000,
      "operating_income": 965544000,
      "net_income": null,
      "opex": 753441000,
      "cogs": 3101962000,
      "rd": null,
      "sga": 806802000,
      "fcf": 595657000,
      "ocf": 702028000,
      "capex": -106371000,
      "gross_margin": 0.35656583654622215,
      "op_margin": 0.20028098213898637,
      "fcf_margin": 0.1235560150319014,
      "incr_op_margin_yoy": 2.054326107187825,
      "rev_growth_yoy": 0.03126030121859472,
      "rev_growth_yoy_accel": -0.11396664800502335,
      "fcf_margin_change": 0.009638662374194973
    },
    {
      "date": "2024-03-31T00:00:00",
      "quarter_label": "2024-03 (Q1)",
      "revenue": 5074356000,
      "gross_profit": 1794706000,
      "operating_income": 1032768000,
      "net_income": null,
      "opex": 761938000,
      "cogs": 3279650000,
      "rd": null,
      "sga": 816337000,
      "fcf": 715879000,
      "ocf": 795090000,
      "capex": -79211000,
      "gross_margin": 0.35368153121302487,
      "op_margin": 0.20352691060698147,
      "fcf_margin": 0.14107780376465506,
      "incr_op_margin_yoy": 9.912221259160034,
      "rev_growth_yoy": 0.002507277743588325,
      "rev_growth_yoy_accel": -0.028753023475006398,
      "op_leverage_ratio": 4.660937821640957,
      "fcf_margin_change": 0.01752178873275366
    },
    {
      "date": "2024-06-30T00:00:00",
      "quarter_label": "2024-06 (Q2)",
      "revenue": 5186815000,
      "gross_profit": 1863960000,
      "operating_income": 1093148000,
      "net_income": null,
      "opex": 770812000,
      "cogs": 3322855000,
      "rd": null,
      "sga": 818347000,
      "fcf": 1120251000,
      "ocf": 1236923000,
      "capex": -116672000,
      "gross_margin": 0.3593650438660334,
      "op_margin": 0.21075515513855805,
      "fcf_margin": 0.21598051983731828,
      "incr_op_margin_yoy": 0.53584162338234,
      "rev_growth_yoy": 0.017832224575510362,
      "rev_growth_yoy_accel": 0.015324946831922037,
      "op_leverage_ratio": 1.9028891682144506,
      "fcf_margin_change": 0.07490271607266322
    },
    {
      "date": "2024-09-30T00:00:00",
      "quarter_label": "2024-09 (Q3)",
      "revenue": 4903984000,
      "gross_profit": 1806265000,
      "operating_income": 1057738000,
      "net_income": null,
      "opex": 748527000,
      "cogs": 3097719000,
      "rd": null,
      "sga": 848789000,
      "fcf": 649000000,
      "ocf": 744000000,
      "capex": -95000000,
      "gross_margin": 0.3683260385841389,
      "op_margin": 0.21568952916648995,
      "fcf_margin": 0.13234137794903084,
      "incr_op_margin_yoy": 1.422755593316341,
      "rev_growth_yoy": 0.011654696205539859,
      "rev_growth_yoy_accel": -0.006177528369970504,
      "fcf_margin_change": -0.08363914188828744
    },
    {
      "date": "2024-12-31T00:00:00",
      "quarter_label": "2024-12 (Q4)",
      "revenue": 4742593000,
      "gross_profit": 1720364000,
      "operating_income": 992482000,
      "net_income": null,
      "opex": 727882000,
      "cogs": 3022229000,
      "rd": null,
      "sga": 782421000,
      "fcf": 814000000,
      "ocf": 935000000,
      "capex": -121000000,
      "gross_margin": 0.36274755181395496,
      "op_margin": 0.20926990783312,
      "fcf_margin": 0.17163606491216934,
      "incr_op_margin_yoy": -0.3437986573755009,
      "rev_growth_yoy": -0.01625282335607506,
      "rev_growth_yoy_accel": -0.02790751956161492,
      "fcf_margin_change": 0.03929468696313851
    },
    {
      "date": "2025-03-31T00:00:00",
      "quarter_label": "2025-03 (Q1)",
      "revenue": 4960349000,
      "gross_profit": 1830398000,
      "operating_income": 1108313000,
      "net_income": null,
      "opex": 722085000,
      "cogs": 3129951000,
      "rd": null,
      "sga": 784355000,
      "fcf": 541608000,
      "ocf": 629761000,
      "capex": -88153000,
      "gross_margin": 0.36900589051294574,
      "op_margin": 0.22343448011420164,
      "fcf_margin": 0.10918747854233643,
      "incr_op_margin_yoy": -0.6626347504977764,
      "rev_growth_yoy": -0.022467284518468945,
      "rev_growth_yoy_accel": -0.006214461162393884,
      "op_leverage_ratio": Infinity,
      "fcf_margin_change": -0.062448586369832915
    },
    {
      "date": "2025-06-30T00:00:00",
      "quarter_label": "2025-06 (Q2)",
      "revenue": 5243074000,
      "gross_profit": 1957973000,
      "operating_income": 1188467000,
      "net_income": null,
      "opex": 769506000,
      "cogs": 3285101000,
      "rd": null,
      "sga": 839435000,
      "fcf": 1336392000,
      "ocf": 1467239000,
      "capex": -130847000,
      "gross_margin": 0.37343989422998797,
      "op_margin": 0.22667370325118433,
      "fcf_margin": 0.2548871139335436,
      "incr_op_margin_yoy": 1.6942889137737962,
      "rev_growth_yoy": 0.010846540699832171,
      "rev_growth_yoy_accel": 0.03331382521830112,
      "op_leverage_ratio": 0.8678998124245572,
      "fcf_margin_change": 0.14569963539120714
    },
    {
      "date": "2025-09-30T00:00:00",
      "quarter_label": "2025-09 (Q3)",
      "revenue": 5084000000,
      "gross_profit": 1907000000,
      "operating_income": 1183000000,
      "net_income": null,
      "opex": 724000000,
      "cogs": 3177000000,
      "rd": null,
      "sga": 873000000,
      "fcf": 693000000,
      "ocf": 782000000,
      "capex": -89000000,
      "gross_margin": 0.37509834775767115,
      "op_margin": 0.232690794649882,
      "fcf_margin": 0.1363099921321794,
      "incr_op_margin_yoy": 0.6958381477202027,
      "rev_growth_yoy": 0.0367081132401737,
      "rev_growth_yoy_accel": 0.025861572540341528,
      "fcf_margin_change": -0.11857712180136418
    },
    {
      "date": "2025-12-31T00:00:00",
      "quarter_label": "2025-12 (Q4)",
      "revenue": 5174000000,
      "gross_profit": 1931000000,
      "operating_income": 1182000000,
      "net_income": null,
      "opex": 749000000,
      "cogs": 3243000000,
      "rd": null,
      "sga": 837000000,
      "fcf": 768000000,
      "ocf": 862000000,
      "capex": -94000000,
      "gross_margin": 0.3732122149207576,
      "op_margin": 0.2284499420177812,
      "fcf_margin": 0.14843448009277155,
      "incr_op_margin_yoy": 0.4393020975552089,
      "rev_growth_yoy": 0.09096437328693396,
      "rev_growth_yoy_accel": 0.05425626004676026,
      "op_leverage_ratio": 0.5126671911880409,
      "fcf_margin_change": 0.01212448796059215
    }
  ],
  "signals": [
    {
      "quarter": "2025-12 (Q4)",
      "signal": "YoY REVENUE GROWTH ACCELERATION",
      "detail": "YoY growth: +9.1% vs prior quarter YoY: +3.7% (accel: +5.4%)",
      "severity": "MEDIUM"
    },
    {
      "quarter": "2025-12 (Q4)",
      "signal": "INCREMENTAL MARGIN (YoY)",
      "detail": "YoY Incr OPM: +43.9% vs year-ago OPM: +20.9%",
      "severity": "HIGH"
    },
    {
      "quarter": "2025-09 (Q3)",
      "signal": "INCREMENTAL MARGIN (YoY)",
      "detail": "YoY Incr OPM: +69.6% vs year-ago OPM: +21.6%",
      "severity": "HIGH"
    },
    {
      "quarter": "2025-06 (Q2)",
      "signal": "FCF MARGIN EXPANSION",
      "detail": "FCF margin: +10.9% -> +25.5% (+14.6%)",
      "severity": "MEDIUM"
    },
    {
      "quarter": "2025-06 (Q2)",
      "signal": "INCREMENTAL MARGIN (YoY)",
      "detail": "YoY Incr OPM: +169.4% vs year-ago OPM: +21.1%",
      "severity": "HIGH"
    },
    {
      "quarter": "2024-09 (Q3)",
      "signal": "INCREMENTAL MARGIN (YoY)",
      "detail": "YoY Incr OPM: +142.3% vs year-ago OPM: +20.2%",
      "severity": "HIGH"
    },
    {
      "quarter": "2024-06 (Q2)",
      "signal": "FCF MARGIN EXPANSION",
      "detail": "FCF margin: +14.1% -> +21.6% (+7.5%)",
      "severity": "MEDIUM"
    },
    {
      "quarter": "2024-06 (Q2)",
      "signal": "OPERATING LEVERAGE",
      "detail": "Rev growth +2.2% vs OpEx growth +1.2% (leverage: 1.9x)",
      "severity": "MEDIUM"
    },
    {
      "quarter": "2024-06 (Q2)",
      "signal": "INCREMENTAL MARGIN (YoY)",
      "detail": "YoY Incr OPM: +53.6% vs year-ago OPM: +20.5%",
      "severity": "HIGH"
    },
    {
      "quarter": "2024-03 (Q1)",
      "signal": "OPERATING LEVERAGE",
      "detail": "Rev growth +5.3% vs OpEx growth +1.1% (leverage: 4.7x)",
      "severity": "MEDIUM"
    },
    {
      "quarter": "2024-03 (Q1)",
      "signal": "INCREMENTAL MARGIN (YoY)",
      "detail": "YoY Incr OPM: +991.2% vs year-ago OPM: +17.9%",
      "severity": "HIGH"
    },
    {
      "quarter": "2023-12 (Q4)",
      "signal": "YoY REVENUE GROWTH DECELERATION",
      "detail": "YoY growth: +3.1% vs prior quarter YoY: +14.5% (decel: -11.4%)",
      "severity": "WARNING"
    },
    {
      "quarter": "2023-12 (Q4)",
      "signal": "INCREMENTAL MARGIN (YoY)",
      "detail": "YoY Incr OPM: +205.4% vs year-ago OPM: +14.2%",
      "severity": "HIGH"
    },
    {
      "quarter": "2023-09 (Q3)",
      "signal": "YoY REVENUE GROWTH DECELERATION",
      "detail": "YoY growth: +14.5% vs prior quarter YoY: +21.7% (decel: -7.2%)",
      "severity": "WARNING"
    },
    {
      "quarter": "2023-09 (Q3)",
      "signal": "INCREMENTAL MARGIN (YoY)",
      "detail": "YoY Incr OPM: +30.9% vs year-ago OPM: +18.6%",
      "severity": "MEDIUM"
    },
    {
      "quarter": "2023-06 (Q2)",
      "signal": "FCF MARGIN EXPANSION",
      "detail": "FCF margin: +12.5% -> +21.1% (+8.6%)",
      "severity": "MEDIUM"
    },
    {
      "quarter": "2023-03 (Q1)",
      "signal": "OPERATING LEVERAGE",
      "detail": "Rev growth +8.3% vs OpEx growth +5.3% (leverage: 1.5x)",
      "severity": "MEDIUM"
    },
    {
      "quarter": "2023-03 (Q1)",
      "signal": "GROSS MARGIN INFLECTION",
      "detail": "GM: +34.0% -> +30.8% -> +34.0% (reversal +3.2%)",
      "severity": "MEDIUM"
    },
    {
      "quarter": "2022-12 (Q4)",
      "signal": "YoY REVENUE GROWTH ACCELERATION",
      "detail": "YoY growth: +22.2% vs prior quarter YoY: +12.5% (accel: +9.7%)",
      "severity": "MEDIUM"
    },
    {
      "quarter": "2022-09 (Q3)",
      "signal": "YoY REVENUE GROWTH ACCELERATION",
      "detail": "YoY growth: +12.5% vs prior quarter YoY: +5.8% (accel: +6.7%)",
      "severity": "MEDIUM"
    },
    {
      "quarter": "2022-06 (Q2)",
      "signal": "FCF MARGIN EXPANSION",
      "detail": "FCF margin: +12.0% -> +19.6% (+7.6%)",
      "severity": "MEDIUM"
    },
    {
      "quarter": "2022-06 (Q2)",
      "signal": "INCREMENTAL MARGIN (YoY)",
      "detail": "YoY Incr OPM: +30.8% vs year-ago OPM: +18.6%",
      "severity": "MEDIUM"
    },
    {
      "quarter": "2022-03 (Q1)",
      "signal": "INCREMENTAL MARGIN (YoY)",
      "detail": "YoY Incr OPM: +32.0% vs year-ago OPM: +17.8%",
      "severity": "MEDIUM"
    },
    {
      "quarter": "2021-12 (Q4)",
      "signal": "OPERATING LEVERAGE",
      "detail": "Rev growth +1.6% vs OpEx growth +1.1% (leverage: 1.5x)",
      "severity": "MEDIUM"
    }
  ],
  "data_quality": {
    "n_quarters": 20,
    "coverage": {
      "revenue": [
        20,
        20
      ],
      "gross_profit": [
        20,
        20
      ],
      "op_income": [
        20,
        20
      ],
      "fcf": [
        20,
        20
      ]
    },
    "gaps": [],
    "warnings": []
  },
  "market_cap": null,
  "source": "SEC EDGAR",
  "last_updated": "2026-02-03T16:23:17.346108"
}