{
  "ticker": "PHAT",
  "name": "PHATHOM PHARMACEUTICALS, INC.",
  "quarters": [
    {
      "date": "2023-03-31T00:00:00",
      "quarter_label": "2023-03 (Q1)",
      "revenue": 0,
      "gross_profit": 0,
      "operating_income": -30077000,
      "net_income": -37814000,
      "opex": 30077000,
      "cogs": 0,
      "rd": 11479000,
      "sga": 18598000,
      "fcf": -39883000,
      "ocf": -39669000,
      "capex": -214000,
      "gross_margin": null,
      "op_margin": null,
      "fcf_margin": null
    },
    {
      "date": "2023-06-30T00:00:00",
      "quarter_label": "2023-06 (Q2)",
      "revenue": 0,
      "gross_profit": 0,
      "operating_income": -31701000,
      "net_income": -40965000,
      "opex": 31701000,
      "cogs": 0,
      "rd": 12764000,
      "sga": 18937000,
      "fcf": -22206000,
      "ocf": -22200000,
      "capex": -6000,
      "gross_margin": null,
      "op_margin": null,
      "fcf_margin": null
    },
    {
      "date": "2023-09-30T00:00:00",
      "quarter_label": "2023-09 (Q3)",
      "revenue": 0,
      "gross_profit": 0,
      "operating_income": -35659000,
      "net_income": -43243000,
      "opex": 35659000,
      "cogs": 0,
      "rd": 12263000,
      "sga": 23396000,
      "fcf": -32853000,
      "ocf": -31914000,
      "capex": -939000,
      "gross_margin": null,
      "op_margin": null,
      "fcf_margin": null
    },
    {
      "date": "2023-12-31T00:00:00",
      "quarter_label": "2023-12 (Q4)",
      "revenue": 682000,
      "gross_profit": 515000,
      "operating_income": -69875000,
      "net_income": -79570000,
      "opex": 70390000,
      "cogs": 167000,
      "rd": 13394000,
      "sga": 56996000,
      "fcf": -44272000,
      "ocf": -43797000,
      "capex": -475000,
      "gross_margin": 0.7551319648093842,
      "op_margin": -102.45601173020528,
      "fcf_margin": -64.91495601173021
    },
    {
      "date": "2024-03-31T00:00:00",
      "quarter_label": "2024-03 (Q1)",
      "revenue": 1912000,
      "gross_profit": 1486000,
      "operating_income": -69954000,
      "net_income": -82852000,
      "opex": 71440000,
      "cogs": 426000,
      "rd": 9430000,
      "sga": 62010000,
      "fcf": -69060000,
      "ocf": -69020000,
      "capex": -40000,
      "gross_margin": 0.7771966527196653,
      "op_margin": -36.58682008368201,
      "fcf_margin": -36.11924686192469,
      "incr_op_margin_yoy": -20.856171548117153,
      "op_leverage_ratio": 120.90448261416003,
      "fcf_margin_change": 28.795709149805525
    },
    {
      "date": "2024-06-30T00:00:00",
      "quarter_label": "2024-06 (Q2)",
      "revenue": 7324000,
      "gross_profit": 5948000,
      "operating_income": -77300000,
      "net_income": -91446000,
      "opex": 83248000,
      "cogs": 1376000,
      "rd": 7376000,
      "sga": 75872000,
      "fcf": -70767000,
      "ocf": -70721000,
      "capex": -46000,
      "gross_margin": 0.8121245221190606,
      "op_margin": -10.554341889677772,
      "fcf_margin": -9.662342981977062,
      "incr_op_margin_yoy": -6.22596941561988,
      "op_leverage_ratio": 17.125174337517432,
      "fcf_margin_change": 26.456903879947625
    },
    {
      "date": "2024-09-30T00:00:00",
      "quarter_label": "2024-09 (Q3)",
      "revenue": 16352000,
      "gross_profit": 13996000,
      "operating_income": -70796000,
      "net_income": -85577000,
      "opex": 84792000,
      "cogs": 2356000,
      "rd": 8693000,
      "sga": 76099000,
      "fcf": -63617000,
      "ocf": -63573000,
      "capex": -44000,
      "gross_margin": 0.8559197651663405,
      "op_margin": -4.329500978473582,
      "fcf_margin": -3.8904721135029354,
      "incr_op_margin_yoy": -2.1487891389432487,
      "op_leverage_ratio": 66.46143702441826,
      "fcf_margin_change": 5.771870868474126
    },
    {
      "date": "2024-12-31T00:00:00",
      "quarter_label": "2024-12 (Q4)",
      "revenue": 29664000,
      "gross_profit": 25849000,
      "operating_income": -59417000,
      "net_income": -74451000,
      "opex": 85266000,
      "cogs": 3815000,
      "rd": 8583000,
      "sga": 76683000,
      "fcf": -63461000,
      "ocf": -63456000,
      "capex": -5000,
      "gross_margin": 0.8713929341963322,
      "op_margin": -2.003000269687163,
      "fcf_margin": -2.139327130528587,
      "incr_op_margin_yoy": 0.3608446622041267,
      "rev_growth_yoy": 42.495601173020525,
      "op_leverage_ratio": 145.62936907032622,
      "fcf_margin_change": 1.7511449829743486
    },
    {
      "date": "2025-03-31T00:00:00",
      "quarter_label": "2025-03 (Q1)",
      "revenue": 28519000,
      "gross_profit": 24795000,
      "operating_income": -78863000,
      "net_income": -94316000,
      "opex": 103658000,
      "cogs": 3724000,
      "rd": 9184000,
      "sga": 94474000,
      "fcf": -84948000,
      "ocf": -84930000,
      "capex": -18000,
      "gross_margin": 0.8694203864090606,
      "op_margin": -2.765279287492549,
      "fcf_margin": -2.9786458150706547,
      "incr_op_margin_yoy": -0.33483669710978314,
      "rev_growth_yoy": 13.915794979079498,
      "rev_growth_yoy_accel": -28.579806193941025,
      "fcf_margin_change": -0.8393186845420679
    },
    {
      "date": "2025-06-30T00:00:00",
      "quarter_label": "2025-06 (Q2)",
      "revenue": 39503000,
      "gross_profit": 34465000,
      "operating_income": -59924000,
      "net_income": -75810000,
      "opex": 94389000,
      "cogs": 5038000,
      "rd": 9076000,
      "sga": 85313000,
      "fcf": -62826000,
      "ocf": -62729000,
      "capex": -97000,
      "gross_margin": 0.8724653823760221,
      "op_margin": -1.5169480798926664,
      "fcf_margin": -1.590410854871782,
      "incr_op_margin_yoy": 0.5399794897293266,
      "rev_growth_yoy": 4.393637356635718,
      "rev_growth_yoy_accel": -9.52215762244378,
      "op_leverage_ratio": Infinity,
      "fcf_margin_change": 1.3882349601988728
    },
    {
      "date": "2025-09-30T00:00:00",
      "quarter_label": "2025-09 (Q3)",
      "revenue": 49504000,
      "gross_profit": 43314000,
      "operating_income": -15271000,
      "net_income": -29973000,
      "opex": 58585000,
      "cogs": 6190000,
      "rd": 7027000,
      "sga": 51558000,
      "fcf": -14142000,
      "ocf": -14115000,
      "capex": -27000,
      "gross_margin": 0.8749595992243051,
      "op_margin": -0.3084801228183581,
      "fcf_margin": -0.2856738849385908,
      "incr_op_margin_yoy": 1.6748612451737452,
      "rev_growth_yoy": 2.0273972602739727,
      "rev_growth_yoy_accel": -2.3662400963617456,
      "op_leverage_ratio": Infinity,
      "fcf_margin_change": 1.3047369699331912
    }
  ],
  "signals": [
    {
      "quarter": "2025-09 (Q3)",
      "signal": "FCF MARGIN EXPANSION",
      "detail": "FCF margin: -159.0% -> -28.6% (+130.5%)",
      "severity": "MEDIUM"
    },
    {
      "quarter": "2025-09 (Q3)",
      "signal": "YoY REVENUE GROWTH DECELERATION",
      "detail": "YoY growth: +202.7% vs prior quarter YoY: +439.4% (decel: -236.6%)",
      "severity": "WARNING"
    },
    {
      "quarter": "2025-06 (Q2)",
      "signal": "FCF MARGIN EXPANSION",
      "detail": "FCF margin: -297.9% -> -159.0% (+138.8%)",
      "severity": "MEDIUM"
    },
    {
      "quarter": "2025-06 (Q2)",
      "signal": "YoY REVENUE GROWTH DECELERATION",
      "detail": "YoY growth: +439.4% vs prior quarter YoY: +1391.6% (decel: -952.2%)",
      "severity": "WARNING"
    },
    {
      "quarter": "2025-03 (Q1)",
      "signal": "YoY REVENUE GROWTH DECELERATION",
      "detail": "YoY growth: +1391.6% vs prior quarter YoY: +4249.6% (decel: -2858.0%)",
      "severity": "WARNING"
    },
    {
      "quarter": "2024-12 (Q4)",
      "signal": "FCF MARGIN EXPANSION",
      "detail": "FCF margin: -389.0% -> -213.9% (+175.1%)",
      "severity": "MEDIUM"
    },
    {
      "quarter": "2024-12 (Q4)",
      "signal": "OPERATING LEVERAGE",
      "detail": "Rev growth +81.4% vs OpEx growth +0.6% (leverage: 145.6x)",
      "severity": "MEDIUM"
    },
    {
      "quarter": "2024-09 (Q3)",
      "signal": "FCF MARGIN EXPANSION",
      "detail": "FCF margin: -966.2% -> -389.0% (+577.2%)",
      "severity": "MEDIUM"
    },
    {
      "quarter": "2024-09 (Q3)",
      "signal": "OPERATING LEVERAGE",
      "detail": "Rev growth +123.3% vs OpEx growth +1.9% (leverage: 66.5x)",
      "severity": "MEDIUM"
    },
    {
      "quarter": "2024-06 (Q2)",
      "signal": "FCF MARGIN EXPANSION",
      "detail": "FCF margin: -3611.9% -> -966.2% (+2645.7%)",
      "severity": "MEDIUM"
    },
    {
      "quarter": "2024-06 (Q2)",
      "signal": "OPERATING LEVERAGE",
      "detail": "Rev growth +283.1% vs OpEx growth +16.5% (leverage: 17.1x)",
      "severity": "MEDIUM"
    },
    {
      "quarter": "2024-03 (Q1)",
      "signal": "FCF MARGIN EXPANSION",
      "detail": "FCF margin: -6491.5% -> -3611.9% (+2879.6%)",
      "severity": "MEDIUM"
    },
    {
      "quarter": "2024-03 (Q1)",
      "signal": "OPERATING LEVERAGE",
      "detail": "Rev growth +180.4% vs OpEx growth +1.5% (leverage: 120.9x)",
      "severity": "MEDIUM"
    }
  ],
  "data_quality": {
    "n_quarters": 11,
    "coverage": {
      "revenue": [
        11,
        11
      ],
      "gross_profit": [
        11,
        11
      ],
      "op_income": [
        11,
        11
      ],
      "fcf": [
        11,
        11
      ]
    },
    "gaps": [],
    "warnings": []
  },
  "market_cap": null,
  "source": "SEC EDGAR",
  "last_updated": "2026-02-02T21:57:58.611373"
}