{
  "ticker": "PHR",
  "name": "Phreesia, Inc.",
  "quarters": [
    {
      "date": "2021-01-31T00:00:00",
      "quarter_label": "2021-01 (Q1)",
      "revenue": 41808000,
      "gross_profit": 34824000,
      "operating_income": -8281000,
      "net_income": -8096000,
      "opex": 50089000,
      "cogs": 6984000,
      "rd": 6355000,
      "sga": null,
      "fcf": -724000,
      "ocf": 4077000,
      "capex": -4801000,
      "gross_margin": 0.8329506314580941,
      "op_margin": -0.19807213930348258,
      "fcf_margin": -0.01731725985457329
    },
    {
      "date": "2021-04-30T00:00:00",
      "quarter_label": "2021-04 (Q2)",
      "revenue": 48291000,
      "gross_profit": 39757000,
      "operating_income": -10653000,
      "net_income": -10974000,
      "opex": 58944000,
      "cogs": 8534000,
      "rd": 8054000,
      "sga": null,
      "fcf": -9456000,
      "ocf": -5473000,
      "capex": -3983000,
      "gross_margin": 0.8232797001511669,
      "op_margin": -0.22060011182207864,
      "fcf_margin": -0.19581288438839536,
      "op_leverage_ratio": 0.8771430467650454,
      "fcf_margin_change": -0.17849562453382206
    },
    {
      "date": "2021-07-31T00:00:00",
      "quarter_label": "2021-07 (Q3)",
      "revenue": 51007000,
      "gross_profit": 40975000,
      "operating_income": -23808000,
      "net_income": -24393000,
      "opex": 74815000,
      "cogs": 10032000,
      "rd": 11443000,
      "sga": null,
      "fcf": -7776000,
      "ocf": -6729000,
      "capex": -1047000,
      "gross_margin": 0.8033211127884408,
      "op_margin": -0.466759464387241,
      "fcf_margin": -0.15244966377163918,
      "op_leverage_ratio": 0.208880971817073,
      "fcf_margin_change": 0.04336322061675618
    },
    {
      "date": "2021-10-31T00:00:00",
      "quarter_label": "2021-10 (Q4)",
      "revenue": 55915000,
      "gross_profit": 44271000,
      "operating_income": -35740000,
      "net_income": -36343000,
      "opex": 91655000,
      "cogs": 11644000,
      "rd": 15273000,
      "sga": null,
      "fcf": -36095000,
      "ocf": -24529000,
      "capex": -11566000,
      "gross_margin": 0.791755342931235,
      "op_margin": -0.6391844764374497,
      "fcf_margin": -0.6455333989090584,
      "op_leverage_ratio": 0.4274854781005094,
      "fcf_margin_change": -0.4930837351374192
    },
    {
      "date": "2022-01-31T00:00:00",
      "quarter_label": "2022-01 (Q1)",
      "revenue": 58020000,
      "gross_profit": 45561000,
      "operating_income": -46616000,
      "net_income": -46451000,
      "opex": 104636000,
      "cogs": 12459000,
      "rd": 17495000,
      "sga": null,
      "fcf": -39803000,
      "ocf": -37979000,
      "capex": -1824000,
      "gross_margin": 0.785263702171665,
      "op_margin": -0.8034470872113064,
      "fcf_margin": -0.6860220613581524,
      "incr_op_margin_yoy": -2.364606464347397,
      "rev_growth_yoy": 0.3877726750861079,
      "op_leverage_ratio": 0.265810286025794,
      "fcf_margin_change": -0.04048866244909399
    },
    {
      "date": "2022-04-30T00:00:00",
      "quarter_label": "2022-04 (Q2)",
      "revenue": 63354000,
      "gross_profit": 48968000,
      "operating_income": -50593000,
      "net_income": -51242000,
      "opex": 113947000,
      "cogs": 14386000,
      "rd": 20635000,
      "sga": null,
      "fcf": -35418000,
      "ocf": -33633000,
      "capex": -1785000,
      "gross_margin": 0.7729267291725858,
      "op_margin": -0.7985762540644632,
      "fcf_margin": -0.5590491523818544,
      "incr_op_margin_yoy": -2.651530239660094,
      "rev_growth_yoy": 0.31192147605143816,
      "rev_growth_yoy_accel": -0.07585119903466975,
      "op_leverage_ratio": 1.03314217196704,
      "fcf_margin_change": 0.12697290897629798
    },
    {
      "date": "2022-07-31T00:00:00",
      "quarter_label": "2022-07 (Q3)",
      "revenue": 67867000,
      "gross_profit": 52994000,
      "operating_income": -46335000,
      "net_income": -46716000,
      "opex": 114202000,
      "cogs": 14873000,
      "rd": 22542000,
      "sga": null,
      "fcf": -20692000,
      "ocf": -19843000,
      "capex": -849000,
      "gross_margin": 0.7808507816759249,
      "op_margin": -0.6827324030824996,
      "fcf_margin": -0.3048904474928905,
      "incr_op_margin_yoy": -1.3361209964412812,
      "rev_growth_yoy": 0.33054286666535965,
      "rev_growth_yoy_accel": 0.018621390613921485,
      "op_leverage_ratio": 31.83127307683499,
      "fcf_margin_change": 0.25415870488896386
    },
    {
      "date": "2022-10-31T00:00:00",
      "quarter_label": "2022-10 (Q4)",
      "revenue": 73103000,
      "gross_profit": 58541000,
      "operating_income": -39811000,
      "net_income": -40167000,
      "opex": 112914000,
      "cogs": 14562000,
      "rd": 22669000,
      "sga": null,
      "fcf": -22142000,
      "ocf": -20748000,
      "capex": -1394000,
      "gross_margin": 0.8008016086891099,
      "op_margin": -0.5445877734155917,
      "fcf_margin": -0.3028877063868788,
      "incr_op_margin_yoy": -0.23685129159878984,
      "rev_growth_yoy": 0.3073951533577752,
      "rev_growth_yoy_accel": -0.023147713307584472,
      "op_leverage_ratio": Infinity,
      "fcf_margin_change": 0.0020027411060117295
    },
    {
      "date": "2023-01-31T00:00:00",
      "quarter_label": "2023-01 (Q1)",
      "revenue": 76586000,
      "gross_profit": 61463000,
      "operating_income": -39813000,
      "net_income": -38021000,
      "opex": 116399000,
      "cogs": 15123000,
      "rd": 25398000,
      "sga": null,
      "fcf": -16603000,
      "ocf": -15899000,
      "capex": -704000,
      "gross_margin": 0.8025357114877393,
      "op_margin": -0.5198469694199984,
      "fcf_margin": -0.21678896926331184,
      "incr_op_margin_yoy": 0.36642249272864374,
      "rev_growth_yoy": 0.3199931058255774,
      "rev_growth_yoy_accel": 0.01259795246780221,
      "op_leverage_ratio": 1.5437013528856545,
      "fcf_margin_change": 0.08609873712356694
    },
    {
      "date": "2023-04-30T00:00:00",
      "quarter_label": "2023-04 (Q2)",
      "revenue": 83845000,
      "gross_profit": 68938000,
      "operating_income": -37901000,
      "net_income": -37531000,
      "opex": 121746000,
      "cogs": 14907000,
      "rd": 26469000,
      "sga": null,
      "fcf": -15006000,
      "ocf": -13659000,
      "capex": -1347000,
      "gross_margin": 0.8222076450593356,
      "op_margin": -0.4520364959150814,
      "fcf_margin": -0.17897310513447431,
      "incr_op_margin_yoy": 0.6193938802401054,
      "rev_growth_yoy": 0.3234365628058213,
      "rev_growth_yoy_accel": 0.0034434569802438975,
      "op_leverage_ratio": 2.063319459700723,
      "fcf_margin_change": 0.03781586412883753
    },
    {
      "date": "2023-07-31T00:00:00",
      "quarter_label": "2023-07 (Q3)",
      "revenue": 85830000,
      "gross_profit": 71381000,
      "operating_income": -36955000,
      "net_income": -36767000,
      "opex": 122785000,
      "cogs": 14449000,
      "rd": 27471000,
      "sga": null,
      "fcf": -10086000,
      "ocf": -9331000,
      "capex": -755000,
      "gross_margin": 0.8316555982756612,
      "op_margin": -0.4305604101130141,
      "fcf_margin": -0.11751135966445299,
      "incr_op_margin_yoy": 0.522184490341257,
      "rev_growth_yoy": 0.2646794465646043,
      "rev_growth_yoy_accel": -0.05875711624121699,
      "op_leverage_ratio": 2.7741024488849244,
      "fcf_margin_change": 0.061461745470021326
    },
    {
      "date": "2023-10-31T00:00:00",
      "quarter_label": "2023-10 (Q4)",
      "revenue": 91619000,
      "gross_profit": 76090000,
      "operating_income": -32045000,
      "net_income": -31941000,
      "opex": 123664000,
      "cogs": 15529000,
      "rd": 28544000,
      "sga": null,
      "fcf": -7552000,
      "ocf": -6310000,
      "capex": -1242000,
      "gross_margin": 0.8305045896593501,
      "op_margin": -0.3497636953033759,
      "fcf_margin": -0.08242831727043518,
      "incr_op_margin_yoy": 0.41942104126161156,
      "rev_growth_yoy": 0.25328645883205886,
      "rev_growth_yoy_accel": -0.011392987732545434,
      "op_leverage_ratio": 9.421517877297198,
      "fcf_margin_change": 0.03508304239401781
    },
    {
      "date": "2024-01-31T00:00:00",
      "quarter_label": "2024-01 (Q1)",
      "revenue": 95005000,
      "gross_profit": 78865000,
      "operating_income": -29578000,
      "net_income": -30646000,
      "opex": 124583000,
      "cogs": 16140000,
      "rd": 29862000,
      "sga": null,
      "fcf": -5540000,
      "ocf": -3078000,
      "capex": -2462000,
      "gross_margin": 0.8301142045155518,
      "op_margin": -0.3113309825798642,
      "fcf_margin": -0.05831272038313773,
      "incr_op_margin_yoy": 0.5556762039198654,
      "rev_growth_yoy": 0.24050087483352048,
      "rev_growth_yoy_accel": -0.01278558399853838,
      "op_leverage_ratio": 4.973122820780446,
      "fcf_margin_change": 0.024115596887297447
    },
    {
      "date": "2024-04-30T00:00:00",
      "quarter_label": "2024-04 (Q2)",
      "revenue": 101217000,
      "gross_profit": 85494000,
      "operating_income": -19420000,
      "net_income": -19722000,
      "opex": 120637000,
      "cogs": 15723000,
      "rd": 28881000,
      "sga": null,
      "fcf": -1597000,
      "ocf": -721000,
      "capex": -876000,
      "gross_margin": 0.8446604819348529,
      "op_margin": -0.19186500291453018,
      "fcf_margin": -0.01577798195955225,
      "incr_op_margin_yoy": 1.0638383605802442,
      "rev_growth_yoy": 0.20719184208957003,
      "rev_growth_yoy_accel": -0.033309032743950445,
      "op_leverage_ratio": Infinity,
      "fcf_margin_change": 0.042534738423585475
    },
    {
      "date": "2024-07-31T00:00:00",
      "quarter_label": "2024-07 (Q3)",
      "revenue": 102115000,
      "gross_profit": 85972000,
      "operating_income": -17222000,
      "net_income": -18012000,
      "opex": 119337000,
      "cogs": 16143000,
      "rd": 29542000,
      "sga": null,
      "fcf": 6634000,
      "ocf": 11061000,
      "capex": -4427000,
      "gross_margin": 0.8419135288645155,
      "op_margin": -0.16865298927679576,
      "fcf_margin": 0.06496596973999902,
      "incr_op_margin_yoy": 1.2117285845870434,
      "rev_growth_yoy": 0.18973552370965863,
      "rev_growth_yoy_accel": -0.017456318379911406,
      "fcf_margin_change": 0.08074395169955127
    },
    {
      "date": "2024-10-31T00:00:00",
      "quarter_label": "2024-10 (Q4)",
      "revenue": 106800000,
      "gross_profit": 88946000,
      "operating_income": -13843000,
      "net_income": -14403000,
      "opex": 120643000,
      "cogs": 17854000,
      "rd": 29315000,
      "sga": null,
      "fcf": 5169000,
      "ocf": 5785000,
      "capex": -616000,
      "gross_margin": 0.8328277153558052,
      "op_margin": -0.12961610486891387,
      "fcf_margin": 0.04839887640449438,
      "incr_op_margin_yoy": 1.1989987484355444,
      "rev_growth_yoy": 0.16569707156812452,
      "rev_growth_yoy_accel": -0.024038452141534106,
      "op_leverage_ratio": 4.192296519725719,
      "fcf_margin_change": -0.016567093335504636
    },
    {
      "date": "2025-01-31T00:00:00",
      "quarter_label": "2025-01 (Q1)",
      "revenue": 109681000,
      "gross_profit": 93174000,
      "operating_income": -7612000,
      "net_income": -6390000,
      "opex": 117293000,
      "cogs": 16507000,
      "rd": 29626000,
      "sga": null,
      "fcf": 13466000,
      "ocf": 16256000,
      "capex": -2790000,
      "gross_margin": 0.8494999133851806,
      "op_margin": -0.06940126366462741,
      "fcf_margin": 0.12277422707670425,
      "incr_op_margin_yoy": 1.4967293540474245,
      "rev_growth_yoy": 0.15447608020630493,
      "rev_growth_yoy_accel": -0.011220991361819588,
      "op_leverage_ratio": Infinity,
      "fcf_margin_change": 0.07437535067220988
    },
    {
      "date": "2025-04-30T00:00:00",
      "quarter_label": "2025-04 (Q2)",
      "revenue": 115936000,
      "gross_profit": 99299000,
      "operating_income": -3287000,
      "net_income": -3914000,
      "opex": 119223000,
      "cogs": 16637000,
      "rd": 31829000,
      "sga": null,
      "fcf": 11346000,
      "ocf": 14850000,
      "capex": -3504000,
      "gross_margin": 0.8564984129174718,
      "op_margin": -0.0283518492961634,
      "fcf_margin": 0.09786433894562517,
      "incr_op_margin_yoy": 1.0960663088525036,
      "rev_growth_yoy": 0.14542023573115187,
      "rev_growth_yoy_accel": -0.009055844475153063,
      "op_leverage_ratio": 3.4658574633275876,
      "fcf_margin_change": -0.024909888131079083
    },
    {
      "date": "2025-07-31T00:00:00",
      "quarter_label": "2025-07 (Q3)",
      "revenue": 117255000,
      "gross_profit": 99857000,
      "operating_income": -1507000,
      "net_income": 654000,
      "opex": 118762000,
      "cogs": 17398000,
      "rd": 29274000,
      "sga": null,
      "fcf": 13068000,
      "ocf": 14835000,
      "capex": -1767000,
      "gross_margin": 0.8516225320881838,
      "op_margin": -0.012852330391028101,
      "fcf_margin": 0.11144940514263785,
      "incr_op_margin_yoy": 1.0379788639365919,
      "rev_growth_yoy": 0.14826421191793565,
      "rev_growth_yoy_accel": 0.002843976186783781,
      "op_leverage_ratio": Infinity,
      "fcf_margin_change": 0.013585066197012677
    },
    {
      "date": "2025-10-31T00:00:00",
      "quarter_label": "2025-10 (Q4)",
      "revenue": 120333000,
      "gross_profit": 101995000,
      "operating_income": 3739000,
      "net_income": 4271000,
      "opex": 116594000,
      "cogs": 18338000,
      "rd": 29453000,
      "sga": null,
      "fcf": 12196000,
      "ocf": 15467000,
      "capex": -3271000,
      "gross_margin": 0.8476062260560279,
      "op_margin": 0.031072108232986794,
      "fcf_margin": 0.10135208130770446,
      "incr_op_margin_yoy": 1.2991945614424,
      "rev_growth_yoy": 0.12671348314606742,
      "rev_growth_yoy_accel": -0.021550728771868227,
      "op_leverage_ratio": Infinity,
      "fcf_margin_change": -0.010097323834933392
    }
  ],
  "signals": [
    {
      "quarter": "2025-10 (Q4)",
      "signal": "OP MARGIN TURNED POSITIVE (YoY)",
      "detail": "Op margin: -13.0% (year-ago) -> +3.1%",
      "severity": "HIGH"
    },
    {
      "quarter": "2025-10 (Q4)",
      "signal": "OP MARGIN TURNED POSITIVE (QoQ)",
      "detail": "Op margin: -1.3% -> +3.1%",
      "severity": "HIGH"
    },
    {
      "quarter": "2025-04 (Q2)",
      "signal": "OPERATING LEVERAGE",
      "detail": "Rev growth +5.7% vs OpEx growth +1.6% (leverage: 3.5x)",
      "severity": "MEDIUM"
    },
    {
      "quarter": "2025-01 (Q1)",
      "signal": "FCF MARGIN EXPANSION",
      "detail": "FCF margin: +4.8% -> +12.3% (+7.4%)",
      "severity": "MEDIUM"
    },
    {
      "quarter": "2024-10 (Q4)",
      "signal": "OPERATING LEVERAGE",
      "detail": "Rev growth +4.6% vs OpEx growth +1.1% (leverage: 4.2x)",
      "severity": "MEDIUM"
    },
    {
      "quarter": "2024-07 (Q3)",
      "signal": "FCF TURNED POSITIVE",
      "detail": "FCF margin: -1.6% -> +6.5%",
      "severity": "HIGH"
    },
    {
      "quarter": "2024-01 (Q1)",
      "signal": "OPERATING LEVERAGE",
      "detail": "Rev growth +3.7% vs OpEx growth +0.7% (leverage: 5.0x)",
      "severity": "MEDIUM"
    },
    {
      "quarter": "2023-10 (Q4)",
      "signal": "OPERATING LEVERAGE",
      "detail": "Rev growth +6.7% vs OpEx growth +0.7% (leverage: 9.4x)",
      "severity": "MEDIUM"
    },
    {
      "quarter": "2023-07 (Q3)",
      "signal": "FCF MARGIN EXPANSION",
      "detail": "FCF margin: -17.9% -> -11.8% (+6.1%)",
      "severity": "MEDIUM"
    },
    {
      "quarter": "2023-07 (Q3)",
      "signal": "OPERATING LEVERAGE",
      "detail": "Rev growth +2.4% vs OpEx growth +0.9% (leverage: 2.8x)",
      "severity": "MEDIUM"
    },
    {
      "quarter": "2023-07 (Q3)",
      "signal": "YoY REVENUE GROWTH DECELERATION",
      "detail": "YoY growth: +26.5% vs prior quarter YoY: +32.3% (decel: -5.9%)",
      "severity": "WARNING"
    },
    {
      "quarter": "2023-04 (Q2)",
      "signal": "OPERATING LEVERAGE",
      "detail": "Rev growth +9.5% vs OpEx growth +4.6% (leverage: 2.1x)",
      "severity": "MEDIUM"
    },
    {
      "quarter": "2023-01 (Q1)",
      "signal": "FCF MARGIN EXPANSION",
      "detail": "FCF margin: -30.3% -> -21.7% (+8.6%)",
      "severity": "MEDIUM"
    },
    {
      "quarter": "2023-01 (Q1)",
      "signal": "OPERATING LEVERAGE",
      "detail": "Rev growth +4.8% vs OpEx growth +3.1% (leverage: 1.5x)",
      "severity": "MEDIUM"
    },
    {
      "quarter": "2022-07 (Q3)",
      "signal": "FCF MARGIN EXPANSION",
      "detail": "FCF margin: -55.9% -> -30.5% (+25.4%)",
      "severity": "MEDIUM"
    },
    {
      "quarter": "2022-07 (Q3)",
      "signal": "OPERATING LEVERAGE",
      "detail": "Rev growth +7.1% vs OpEx growth +0.2% (leverage: 31.8x)",
      "severity": "MEDIUM"
    },
    {
      "quarter": "2022-04 (Q2)",
      "signal": "FCF MARGIN EXPANSION",
      "detail": "FCF margin: -68.6% -> -55.9% (+12.7%)",
      "severity": "MEDIUM"
    },
    {
      "quarter": "2022-04 (Q2)",
      "signal": "YoY REVENUE GROWTH DECELERATION",
      "detail": "YoY growth: +31.2% vs prior quarter YoY: +38.8% (decel: -7.6%)",
      "severity": "WARNING"
    }
  ],
  "data_quality": {
    "n_quarters": 20,
    "coverage": {
      "revenue": [
        20,
        20
      ],
      "gross_profit": [
        20,
        20
      ],
      "op_income": [
        20,
        20
      ],
      "fcf": [
        20,
        20
      ]
    },
    "gaps": [],
    "warnings": []
  },
  "market_cap": null,
  "source": "SEC EDGAR",
  "last_updated": "2026-02-02T22:04:04.145749"
}