{
  "ticker": "PI",
  "name": "IMPINJ, INC.",
  "sector": "Technology",
  "industry": "Semiconductors",
  "quarters": [
    {
      "date": "2021-03-31T00:00:00",
      "quarter_label": "2021-03 (Q1)",
      "revenue": 45248000,
      "gross_profit": 21981000,
      "operating_income": -8872000,
      "net_income": -9416000,
      "opex": 30853000,
      "cogs": 23267000,
      "rd": 13791000,
      "sga": null,
      "fcf": 4971000,
      "ocf": 9369000,
      "capex": -4398000,
      "gross_margin": 0.4857894271570014,
      "op_margin": -0.1960749646393211,
      "fcf_margin": 0.10986120933521924
    },
    {
      "date": "2021-06-30T00:00:00",
      "quarter_label": "2021-06 (Q2)",
      "revenue": 47268000,
      "gross_profit": 24777000,
      "operating_income": -8317000,
      "net_income": -8906000,
      "opex": 33094000,
      "cogs": 22491000,
      "rd": 15900000,
      "sga": null,
      "fcf": -7848000,
      "ocf": -4388000,
      "capex": -3460000,
      "gross_margin": 0.5241812642802742,
      "op_margin": -0.17595413387492595,
      "fcf_margin": -0.16603198781416603,
      "op_leverage_ratio": 0.6146211831452796,
      "fcf_margin_change": -0.27589319714938526
    },
    {
      "date": "2021-09-30T00:00:00",
      "quarter_label": "2021-09 (Q3)",
      "revenue": 45193000,
      "gross_profit": 23013000,
      "operating_income": -12372000,
      "net_income": -12924000,
      "opex": 35385000,
      "cogs": 22180000,
      "rd": 16789000,
      "sga": null,
      "fcf": -897000,
      "ocf": 5426000,
      "capex": -6323000,
      "gross_margin": 0.5092160290310447,
      "op_margin": -0.27375921049720087,
      "fcf_margin": -0.019848206580665148,
      "fcf_margin_change": 0.1461837812335009
    },
    {
      "date": "2021-12-31T00:00:00",
      "quarter_label": "2021-12 (Q4)",
      "revenue": 52574000,
      "gross_profit": 29183000,
      "operating_income": -7688000,
      "net_income": -20014000,
      "opex": 36871000,
      "cogs": 23391000,
      "rd": 17578000,
      "sga": null,
      "fcf": -5991000,
      "ocf": -3942000,
      "capex": -2049000,
      "gross_margin": 0.555084262182828,
      "op_margin": -0.14623197778369537,
      "fcf_margin": -0.11395366530984898,
      "op_leverage_ratio": 3.889058036983836,
      "fcf_margin_change": -0.09410545872918383
    },
    {
      "date": "2022-03-31T00:00:00",
      "quarter_label": "2022-03 (Q1)",
      "revenue": 53144000,
      "gross_profit": 28779000,
      "operating_income": -9315000,
      "net_income": -10461000,
      "opex": 38094000,
      "cogs": 24365000,
      "rd": 17989000,
      "sga": null,
      "fcf": -17886000,
      "ocf": -14836000,
      "capex": -3050000,
      "gross_margin": 0.5415286768026494,
      "op_margin": -0.175278488634653,
      "fcf_margin": -0.33655727833810023,
      "incr_op_margin_yoy": -0.05610435663627153,
      "rev_growth_yoy": 0.1745049504950495,
      "op_leverage_ratio": 0.3268603898453952,
      "fcf_margin_change": -0.22260361302825127
    },
    {
      "date": "2022-06-30T00:00:00",
      "quarter_label": "2022-06 (Q2)",
      "revenue": 59796000,
      "gross_profit": 31502000,
      "operating_income": -8476000,
      "net_income": -11523000,
      "opex": 39978000,
      "cogs": 28294000,
      "rd": 18369000,
      "sga": null,
      "fcf": 6523000,
      "ocf": 7197000,
      "capex": -674000,
      "gross_margin": 0.5268245367583116,
      "op_margin": -0.14174861194728744,
      "fcf_margin": 0.10908756438557764,
      "incr_op_margin_yoy": -0.012691570881226053,
      "rev_growth_yoy": 0.26504188880426505,
      "rev_growth_yoy_accel": 0.09053693830921555,
      "op_leverage_ratio": 2.5308923909176944,
      "fcf_margin_change": 0.4456448427236779
    },
    {
      "date": "2022-09-30T00:00:00",
      "quarter_label": "2022-09 (Q3)",
      "revenue": 68270000,
      "gross_profit": 37435000,
      "operating_income": -1744000,
      "net_income": -2199000,
      "opex": 39179000,
      "cogs": 30835000,
      "rd": 18766000,
      "sga": null,
      "fcf": 12201000,
      "ocf": 14452000,
      "capex": -2251000,
      "gross_margin": 0.5483374835213124,
      "op_margin": -0.025545627654899664,
      "fcf_margin": 0.17871685952834335,
      "incr_op_margin_yoy": 0.4605451315162283,
      "rev_growth_yoy": 0.5106321775496205,
      "rev_growth_yoy_accel": 0.2455902887453555,
      "op_leverage_ratio": null,
      "fcf_margin_change": 0.06962929514276571
    },
    {
      "date": "2022-12-31T00:00:00",
      "quarter_label": "2022-12 (Q4)",
      "revenue": 76590000,
      "gross_profit": 40168000,
      "operating_income": 56000,
      "net_income": -118000,
      "opex": 40112000,
      "cogs": 36422000,
      "rd": 18982000,
      "sga": null,
      "fcf": -12276000,
      "ocf": -6172000,
      "capex": -6104000,
      "gross_margin": 0.5244548896722809,
      "op_margin": 0.0007311659485572529,
      "fcf_margin": -0.16028202115158638,
      "incr_op_margin_yoy": 0.3224516988674217,
      "rev_growth_yoy": 0.45680374329516493,
      "rev_growth_yoy_accel": -0.053828434254455604,
      "op_leverage_ratio": 5.117585728816811,
      "fcf_margin_change": -0.3389988806799297
    },
    {
      "date": "2023-03-31T00:00:00",
      "quarter_label": "2023-03 (Q1)",
      "revenue": 85897000,
      "gross_profit": 43530000,
      "operating_income": -4442000,
      "net_income": -4358000,
      "opex": 47972000,
      "cogs": 42367000,
      "rd": 22435000,
      "sga": null,
      "fcf": -34142000,
      "ocf": -26560000,
      "capex": -7582000,
      "gross_margin": 0.5067697358464207,
      "op_margin": -0.051713098245573186,
      "fcf_margin": -0.3974760468933723,
      "incr_op_margin_yoy": 0.14878026440326078,
      "rev_growth_yoy": 0.6163066385669126,
      "rev_growth_yoy_accel": 0.15950289527174766,
      "op_leverage_ratio": 0.6201395288418189,
      "fcf_margin_change": -0.2371940257417859
    },
    {
      "date": "2023-06-30T00:00:00",
      "quarter_label": "2023-06 (Q2)",
      "revenue": 85986000,
      "gross_profit": 43814000,
      "operating_income": -8369000,
      "net_income": -8066000,
      "opex": 52183000,
      "cogs": 42172000,
      "rd": 23403000,
      "sga": null,
      "fcf": -28160000,
      "ocf": -22544000,
      "capex": -5616000,
      "gross_margin": 0.5095480659642267,
      "op_margin": -0.09732979787407252,
      "fcf_margin": -0.32749517363291697,
      "incr_op_margin_yoy": 0.004085528827796869,
      "rev_growth_yoy": 0.4379891631547261,
      "rev_growth_yoy_accel": -0.1783174754121865,
      "fcf_margin_change": 0.06998087326045532
    },
    {
      "date": "2023-09-30T00:00:00",
      "quarter_label": "2023-09 (Q3)",
      "revenue": 65005000,
      "gross_profit": 30768000,
      "operating_income": -15834000,
      "net_income": -15762000,
      "opex": 46602000,
      "cogs": 34237000,
      "rd": 21588000,
      "sga": null,
      "fcf": -4475000,
      "ocf": -1705000,
      "capex": -2770000,
      "gross_margin": 0.4733174371202215,
      "op_margin": -0.24358126297977079,
      "fcf_margin": -0.06884085839550803,
      "incr_op_margin_yoy": 4.315467075038285,
      "rev_growth_yoy": -0.04782481324154094,
      "rev_growth_yoy_accel": -0.485813976396267,
      "fcf_margin_change": 0.25865431523740895
    },
    {
      "date": "2023-12-31T00:00:00",
      "quarter_label": "2023-12 (Q4)",
      "revenue": 70651000,
      "gross_profit": 33870000,
      "operating_income": -14839000,
      "net_income": -15180000,
      "opex": 48709000,
      "cogs": 36781000,
      "rd": 21136000,
      "sga": null,
      "fcf": -1197000,
      "ocf": 1427000,
      "capex": -2624000,
      "gross_margin": 0.47939873462512916,
      "op_margin": -0.21003241284624422,
      "fcf_margin": -0.016942435351233527,
      "incr_op_margin_yoy": 2.507997979457821,
      "rev_growth_yoy": -0.07754276015145581,
      "rev_growth_yoy_accel": -0.029717946909914868,
      "op_leverage_ratio": 1.921029929171598,
      "fcf_margin_change": 0.05189842304427451
    },
    {
      "date": "2024-03-31T00:00:00",
      "quarter_label": "2024-03 (Q1)",
      "revenue": 76825000,
      "gross_profit": 37548000,
      "operating_income": -11733000,
      "net_income": 33344000,
      "opex": 49281000,
      "cogs": 39277000,
      "rd": 22519000,
      "sga": null,
      "fcf": 53938000,
      "ocf": 60140000,
      "capex": -6202000,
      "gross_margin": 0.48874715261958995,
      "op_margin": -0.15272372274650178,
      "fcf_margin": 0.7020891636836967,
      "incr_op_margin_yoy": 0.8036816578483245,
      "rev_growth_yoy": -0.10561486431423682,
      "rev_growth_yoy_accel": -0.02807210416278101,
      "op_leverage_ratio": 7.441517315538914,
      "fcf_margin_change": 0.7190315990349302
    },
    {
      "date": "2024-06-30T00:00:00",
      "quarter_label": "2024-06 (Q2)",
      "revenue": 102495000,
      "gross_profit": 57516000,
      "operating_income": 9046000,
      "net_income": 9963000,
      "opex": 48470000,
      "cogs": 44979000,
      "rd": 24924000,
      "sga": null,
      "fcf": 44113000,
      "ocf": 45479000,
      "capex": -1366000,
      "gross_margin": 0.5611590809307772,
      "op_margin": 0.08825796380311235,
      "fcf_margin": 0.4303917264256793,
      "incr_op_margin_yoy": 1.0548791568235507,
      "rev_growth_yoy": 0.1919963715023376,
      "rev_growth_yoy_accel": 0.2976112358165744,
      "op_leverage_ratio": null,
      "fcf_margin_change": -0.27169743725801737
    },
    {
      "date": "2024-09-30T00:00:00",
      "quarter_label": "2024-09 (Q3)",
      "revenue": 95198000,
      "gross_profit": 47569000,
      "operating_income": -769000,
      "net_income": 221000,
      "opex": 48338000,
      "cogs": 47629000,
      "rd": 25492000,
      "sga": null,
      "fcf": 4657000,
      "ocf": 10068000,
      "capex": -5411000,
      "gross_margin": 0.4996848673291456,
      "op_margin": -0.008077900796235216,
      "fcf_margin": 0.04891909493896931,
      "incr_op_margin_yoy": 0.4989567118206207,
      "rev_growth_yoy": 0.46447196369510035,
      "rev_growth_yoy_accel": 0.27247559219276274,
      "fcf_margin_change": -0.38147263148671
    },
    {
      "date": "2024-12-31T00:00:00",
      "quarter_label": "2024-12 (Q4)",
      "revenue": 91569000,
      "gross_profit": 46222000,
      "operating_income": -3613000,
      "net_income": -2690000,
      "opex": 49835000,
      "cogs": 45347000,
      "rd": 25894000,
      "sga": null,
      "fcf": 8490000,
      "ocf": 12623000,
      "capex": -4133000,
      "gross_margin": 0.5047778178204414,
      "op_margin": -0.03945658465201105,
      "fcf_margin": 0.09271696753268027,
      "incr_op_margin_yoy": 0.5366669853714504,
      "rev_growth_yoy": 0.29607507324737087,
      "rev_growth_yoy_accel": -0.16839689044772949,
      "fcf_margin_change": 0.043797872593710964
    },
    {
      "date": "2025-03-31T00:00:00",
      "quarter_label": "2025-03 (Q1)",
      "revenue": 74277000,
      "gross_profit": 36681000,
      "operating_income": -9569000,
      "net_income": -8451000,
      "opex": 46250000,
      "cogs": 37596000,
      "rd": 25314000,
      "sga": null,
      "fcf": -13006000,
      "ocf": -11143000,
      "capex": -1863000,
      "gross_margin": 0.49384062361161596,
      "op_margin": -0.128828574121195,
      "fcf_margin": -0.17510130996136086,
      "incr_op_margin_yoy": -0.8492935635792779,
      "rev_growth_yoy": -0.03316628701594533,
      "rev_growth_yoy_accel": -0.3292413602633162,
      "fcf_margin_change": -0.26781827749404113
    },
    {
      "date": "2025-06-30T00:00:00",
      "quarter_label": "2025-06 (Q2)",
      "revenue": 97894000,
      "gross_profit": 56613000,
      "operating_income": 10874000,
      "net_income": 11553000,
      "opex": 45739000,
      "cogs": 41281000,
      "rd": 24652000,
      "sga": null,
      "fcf": 27320000,
      "ocf": 33860000,
      "capex": -6540000,
      "gross_margin": 0.5783091915745603,
      "op_margin": 0.11107933070463971,
      "fcf_margin": 0.27907736939955463,
      "incr_op_margin_yoy": -0.39730493371006304,
      "rev_growth_yoy": -0.04488999463388458,
      "rev_growth_yoy_accel": -0.011723707617939248,
      "op_leverage_ratio": null,
      "fcf_margin_change": 0.4541786793609155
    },
    {
      "date": "2025-09-30T00:00:00",
      "quarter_label": "2025-09 (Q3)",
      "revenue": 96055000,
      "gross_profit": 48328000,
      "operating_income": 656000,
      "net_income": -12810000,
      "opex": 47672000,
      "cogs": 47727000,
      "rd": 25720000,
      "sga": null,
      "fcf": 17953000,
      "ocf": 20893000,
      "capex": -2940000,
      "gross_margin": 0.50312841601166,
      "op_margin": 0.006829420644422466,
      "fcf_margin": 0.1869033366300557,
      "rev_growth_yoy": 0.009002289964074876,
      "rev_growth_yoy_accel": 0.05389228459795946,
      "fcf_margin_change": -0.09217403276949893
    },
    {
      "date": "2025-12-31T00:00:00",
      "quarter_label": "2025-12 (Q4)",
      "revenue": 92849000,
      "gross_profit": 48055000,
      "operating_income": -2698000,
      "net_income": -1139000,
      "opex": 50753000,
      "cogs": 44794000,
      "rd": 26929000,
      "sga": null,
      "fcf": 13618000,
      "ocf": 15136000,
      "capex": -1518000,
      "gross_margin": 0.5175607707137395,
      "op_margin": -0.02905793277256621,
      "fcf_margin": 0.1466682462923672,
      "incr_op_margin_yoy": 0.71484375,
      "rev_growth_yoy": 0.013978529851805742,
      "rev_growth_yoy_accel": 0.004976239887730867,
      "fcf_margin_change": -0.04023509033768852
    }
  ],
  "signals": [
    {
      "quarter": "2025-09 (Q3)",
      "signal": "YoY REVENUE GROWTH ACCELERATION",
      "detail": "YoY growth: +0.9% vs prior quarter YoY: -4.5% (accel: +5.4%)",
      "severity": "MEDIUM"
    },
    {
      "quarter": "2025-09 (Q3)",
      "signal": "OP MARGIN TURNED POSITIVE (YoY)",
      "detail": "Op margin: -0.8% (year-ago) -> +0.7%",
      "severity": "HIGH"
    },
    {
      "quarter": "2025-06 (Q2)",
      "signal": "FCF TURNED POSITIVE",
      "detail": "FCF margin: -17.5% -> +27.9%",
      "severity": "HIGH"
    },
    {
      "quarter": "2025-06 (Q2)",
      "signal": "GROSS MARGIN INFLECTION",
      "detail": "GM: +50.5% -> +49.4% -> +57.8% (reversal +8.4%)",
      "severity": "HIGH"
    },
    {
      "quarter": "2025-06 (Q2)",
      "signal": "OP MARGIN TURNED POSITIVE (QoQ)",
      "detail": "Op margin: -12.9% -> +11.1%",
      "severity": "HIGH"
    },
    {
      "quarter": "2025-03 (Q1)",
      "signal": "YoY REVENUE GROWTH DECELERATION",
      "detail": "YoY growth: -3.3% vs prior quarter YoY: +29.6% (decel: -32.9%)",
      "severity": "WARNING"
    },
    {
      "quarter": "2024-12 (Q4)",
      "signal": "YoY REVENUE GROWTH DECELERATION",
      "detail": "YoY growth: +29.6% vs prior quarter YoY: +46.4% (decel: -16.8%)",
      "severity": "WARNING"
    },
    {
      "quarter": "2024-09 (Q3)",
      "signal": "YoY REVENUE GROWTH ACCELERATION",
      "detail": "YoY growth: +46.4% vs prior quarter YoY: +19.2% (accel: +27.2%)",
      "severity": "HIGH"
    },
    {
      "quarter": "2024-06 (Q2)",
      "signal": "YoY REVENUE GROWTH ACCELERATION",
      "detail": "YoY growth: +19.2% vs prior quarter YoY: -10.6% (accel: +29.8%)",
      "severity": "HIGH"
    },
    {
      "quarter": "2024-06 (Q2)",
      "signal": "OP MARGIN TURNED POSITIVE (YoY)",
      "detail": "Op margin: -9.7% (year-ago) -> +8.8%",
      "severity": "HIGH"
    },
    {
      "quarter": "2024-06 (Q2)",
      "signal": "OP MARGIN TURNED POSITIVE (QoQ)",
      "detail": "Op margin: -15.3% -> +8.8%",
      "severity": "HIGH"
    },
    {
      "quarter": "2024-03 (Q1)",
      "signal": "FCF TURNED POSITIVE",
      "detail": "FCF margin: -1.7% -> +70.2%",
      "severity": "HIGH"
    },
    {
      "quarter": "2024-03 (Q1)",
      "signal": "OPERATING LEVERAGE",
      "detail": "Rev growth +8.7% vs OpEx growth +1.2% (leverage: 7.4x)",
      "severity": "MEDIUM"
    },
    {
      "quarter": "2023-12 (Q4)",
      "signal": "FCF MARGIN EXPANSION",
      "detail": "FCF margin: -6.9% -> -1.7% (+5.2%)",
      "severity": "MEDIUM"
    },
    {
      "quarter": "2023-12 (Q4)",
      "signal": "OPERATING LEVERAGE",
      "detail": "Rev growth +8.7% vs OpEx growth +4.5% (leverage: 1.9x)",
      "severity": "MEDIUM"
    },
    {
      "quarter": "2023-09 (Q3)",
      "signal": "FCF MARGIN EXPANSION",
      "detail": "FCF margin: -32.7% -> -6.9% (+25.9%)",
      "severity": "MEDIUM"
    },
    {
      "quarter": "2023-09 (Q3)",
      "signal": "YoY REVENUE GROWTH DECELERATION",
      "detail": "YoY growth: -4.8% vs prior quarter YoY: +43.8% (decel: -48.6%)",
      "severity": "WARNING"
    },
    {
      "quarter": "2023-06 (Q2)",
      "signal": "FCF MARGIN EXPANSION",
      "detail": "FCF margin: -39.7% -> -32.7% (+7.0%)",
      "severity": "MEDIUM"
    },
    {
      "quarter": "2023-06 (Q2)",
      "signal": "YoY REVENUE GROWTH DECELERATION",
      "detail": "YoY growth: +43.8% vs prior quarter YoY: +61.6% (decel: -17.8%)",
      "severity": "WARNING"
    },
    {
      "quarter": "2023-03 (Q1)",
      "signal": "YoY REVENUE GROWTH ACCELERATION",
      "detail": "YoY growth: +61.6% vs prior quarter YoY: +45.7% (accel: +16.0%)",
      "severity": "HIGH"
    },
    {
      "quarter": "2022-12 (Q4)",
      "signal": "OPERATING LEVERAGE",
      "detail": "Rev growth +12.2% vs OpEx growth +2.4% (leverage: 5.1x)",
      "severity": "MEDIUM"
    },
    {
      "quarter": "2022-12 (Q4)",
      "signal": "YoY REVENUE GROWTH DECELERATION",
      "detail": "YoY growth: +45.7% vs prior quarter YoY: +51.1% (decel: -5.4%)",
      "severity": "WARNING"
    },
    {
      "quarter": "2022-12 (Q4)",
      "signal": "OP MARGIN TURNED POSITIVE (YoY)",
      "detail": "Op margin: -14.6% (year-ago) -> +0.1%",
      "severity": "HIGH"
    },
    {
      "quarter": "2022-12 (Q4)",
      "signal": "OP MARGIN TURNED POSITIVE (QoQ)",
      "detail": "Op margin: -2.6% -> +0.1%",
      "severity": "HIGH"
    },
    {
      "quarter": "2022-09 (Q3)",
      "signal": "FCF MARGIN EXPANSION",
      "detail": "FCF margin: +10.9% -> +17.9% (+7.0%)",
      "severity": "MEDIUM"
    },
    {
      "quarter": "2022-09 (Q3)",
      "signal": "GROSS MARGIN INFLECTION",
      "detail": "GM: +54.2% -> +52.7% -> +54.8% (reversal +2.2%)",
      "severity": "MEDIUM"
    },
    {
      "quarter": "2022-09 (Q3)",
      "signal": "YoY REVENUE GROWTH ACCELERATION",
      "detail": "YoY growth: +51.1% vs prior quarter YoY: +26.5% (accel: +24.6%)",
      "severity": "HIGH"
    },
    {
      "quarter": "2022-06 (Q2)",
      "signal": "FCF TURNED POSITIVE",
      "detail": "FCF margin: -33.7% -> +10.9%",
      "severity": "HIGH"
    },
    {
      "quarter": "2022-06 (Q2)",
      "signal": "OPERATING LEVERAGE",
      "detail": "Rev growth +12.5% vs OpEx growth +4.9% (leverage: 2.5x)",
      "severity": "MEDIUM"
    },
    {
      "quarter": "2022-06 (Q2)",
      "signal": "YoY REVENUE GROWTH ACCELERATION",
      "detail": "YoY growth: +26.5% vs prior quarter YoY: +17.5% (accel: +9.1%)",
      "severity": "MEDIUM"
    },
    {
      "quarter": "2021-12 (Q4)",
      "signal": "OPERATING LEVERAGE",
      "detail": "Rev growth +16.3% vs OpEx growth +4.2% (leverage: 3.9x)",
      "severity": "MEDIUM"
    },
    {
      "quarter": "2021-12 (Q4)",
      "signal": "GROSS MARGIN INFLECTION",
      "detail": "GM: +52.4% -> +50.9% -> +55.5% (reversal +4.6%)",
      "severity": "MEDIUM"
    },
    {
      "quarter": "2021-09 (Q3)",
      "signal": "FCF MARGIN EXPANSION",
      "detail": "FCF margin: -16.6% -> -2.0% (+14.6%)",
      "severity": "MEDIUM"
    }
  ],
  "data_quality": {
    "n_quarters": 20,
    "coverage": {
      "revenue": [
        20,
        20
      ],
      "gross_profit": [
        20,
        20
      ],
      "op_income": [
        20,
        20
      ],
      "fcf": [
        20,
        20
      ]
    },
    "gaps": [],
    "warnings": []
  },
  "market_cap": null,
  "source": "SEC EDGAR",
  "last_updated": "2026-02-24T11:09:42.571452"
}