{
  "ticker": "PII",
  "name": "POLARIS INC.",
  "sector": "Consumer Cyclical",
  "industry": "Recreational Vehicles",
  "quarters": [
    {
      "date": "2021-03-31T00:00:00",
      "quarter_label": "2021-03 (Q1)",
      "revenue": 1951100000,
      "gross_profit": 480500000,
      "operating_income": 184200000,
      "net_income": 134100000,
      "opex": 312500000,
      "cogs": 1470600000,
      "rd": 79500000,
      "sga": null,
      "fcf": 10600000,
      "ocf": 56000000,
      "capex": -45400000,
      "gross_margin": 0.2462713341192148,
      "op_margin": 0.09440828250730357,
      "fcf_margin": 0.005432832761006611
    },
    {
      "date": "2021-06-30T00:00:00",
      "quarter_label": "2021-06 (Q2)",
      "revenue": 2117200000,
      "gross_profit": 551400000,
      "operating_income": 214600000,
      "net_income": 158400000,
      "opex": 350500000,
      "cogs": 1565800000,
      "rd": 88800000,
      "sga": null,
      "fcf": 75900000,
      "ocf": 139600000,
      "capex": -63700000,
      "gross_margin": 0.26043831475533724,
      "op_margin": 0.10136028717173626,
      "fcf_margin": 0.0358492348384659,
      "op_leverage_ratio": 0.7000942788008924,
      "fcf_margin_change": 0.03041640207745929
    },
    {
      "date": "2021-09-30T00:00:00",
      "quarter_label": "2021-09 (Q3)",
      "revenue": 1959500000,
      "gross_profit": 465600000,
      "operating_income": 155300000,
      "net_income": 114600000,
      "opex": 321600000,
      "cogs": 1493900000,
      "rd": 86800000,
      "sga": null,
      "fcf": -122300000,
      "ocf": -42200000,
      "capex": -80100000,
      "gross_margin": 0.23761163562133197,
      "op_margin": 0.07925491196733861,
      "fcf_margin": -0.062413881092115334,
      "fcf_margin_change": -0.09826311593058124
    },
    {
      "date": "2021-12-31T00:00:00",
      "quarter_label": "2021-12 (Q4)",
      "revenue": 2170400000,
      "gross_profit": 445200000,
      "operating_income": 154900000,
      "net_income": 86800000,
      "opex": 302900000,
      "cogs": 1725200000,
      "rd": 81600000,
      "sga": null,
      "fcf": 46700000,
      "ocf": 140300000,
      "capex": -93600000,
      "gross_margin": 0.20512347954294138,
      "op_margin": 0.07136933284187247,
      "fcf_margin": 0.021516771102100995,
      "op_leverage_ratio": null,
      "fcf_margin_change": 0.08393065219421633
    },
    {
      "date": "2022-03-31T00:00:00",
      "quarter_label": "2022-03 (Q1)",
      "revenue": 1956800000,
      "gross_profit": 396300000,
      "operating_income": 94800000,
      "net_income": 69900000,
      "opex": 312900000,
      "cogs": 1560500000,
      "rd": 82800000,
      "sga": null,
      "fcf": -104900000,
      "ocf": -49100000,
      "capex": -55800000,
      "gross_margin": 0.2025245298446443,
      "op_margin": 0.048446443172526575,
      "fcf_margin": -0.053607931316434994,
      "incr_op_margin_yoy": -15.68421052631579,
      "rev_growth_yoy": 0.002921428937522423,
      "fcf_margin_change": -0.07512470241853599
    },
    {
      "date": "2022-06-30T00:00:00",
      "quarter_label": "2022-06 (Q2)",
      "revenue": 2062800000,
      "gross_profit": 474400000,
      "operating_income": 193100000,
      "net_income": -4600000,
      "opex": 291500000,
      "cogs": 1588400000,
      "rd": 86800000,
      "sga": null,
      "fcf": -71500000,
      "ocf": -7900000,
      "capex": -63600000,
      "gross_margin": 0.2299786697692457,
      "op_margin": 0.09361062633313942,
      "fcf_margin": -0.0346616249757611,
      "incr_op_margin_yoy": 0.3952205882352941,
      "rev_growth_yoy": -0.025694313243907047,
      "rev_growth_yoy_accel": -0.02861574218142947,
      "op_leverage_ratio": null,
      "fcf_margin_change": 0.018946306340673895
    },
    {
      "date": "2022-09-30T00:00:00",
      "quarter_label": "2022-09 (Q3)",
      "revenue": 2340600000,
      "gross_profit": 559200000,
      "operating_income": 254300000,
      "net_income": 186300000,
      "opex": 317000000,
      "cogs": 1781400000,
      "rd": 98500000,
      "sga": null,
      "fcf": 96400000,
      "ocf": 170600000,
      "capex": -74200000,
      "gross_margin": 0.23891309920533196,
      "op_margin": 0.10864735537896265,
      "fcf_margin": 0.041186020678458515,
      "incr_op_margin_yoy": 0.25977433744424033,
      "rev_growth_yoy": 0.19448838989538147,
      "rev_growth_yoy_accel": 0.22018270313928853,
      "op_leverage_ratio": 1.5394780367062473,
      "fcf_margin_change": 0.07584764565421961
    },
    {
      "date": "2022-12-31T00:00:00",
      "quarter_label": "2022-12 (Q4)",
      "revenue": 2404100000,
      "gross_profit": 573000000,
      "operating_income": 256900000,
      "net_income": 195500000,
      "opex": 330800000,
      "cogs": 1831100000,
      "rd": 100600000,
      "sga": null,
      "fcf": 282000000,
      "ocf": 395000000,
      "capex": -113000000,
      "gross_margin": 0.2383428309970467,
      "op_margin": 0.10685911567738447,
      "fcf_margin": 0.11729961316085022,
      "incr_op_margin_yoy": 0.43645699614890887,
      "rev_growth_yoy": 0.1076760044231478,
      "rev_growth_yoy_accel": -0.08681238547223367,
      "op_leverage_ratio": 0.6231989320216419,
      "fcf_margin_change": 0.0761135924823917
    },
    {
      "date": "2023-03-31T00:00:00",
      "quarter_label": "2023-03 (Q1)",
      "revenue": 2179700000,
      "gross_profit": 469200000,
      "operating_income": 161100000,
      "net_income": 113400000,
      "opex": 324900000,
      "cogs": 1710500000,
      "rd": 96500000,
      "sga": null,
      "fcf": 29800000,
      "ocf": 124200000,
      "capex": -94400000,
      "gross_margin": 0.21525898059365967,
      "op_margin": 0.07390925356700463,
      "fcf_margin": 0.013671606184337295,
      "incr_op_margin_yoy": 0.297442799461642,
      "rev_growth_yoy": 0.11391046606704824,
      "rev_growth_yoy_accel": 0.0062344616439004436,
      "fcf_margin_change": -0.10362800697651292
    },
    {
      "date": "2023-06-30T00:00:00",
      "quarter_label": "2023-06 (Q2)",
      "revenue": 2216600000,
      "gross_profit": 505000000,
      "operating_income": 196000000,
      "net_income": 134300000,
      "opex": 329600000,
      "cogs": 1711600000,
      "rd": 93200000,
      "sga": null,
      "fcf": 111900000,
      "ocf": 223700000,
      "capex": -111800000,
      "gross_margin": 0.22782640079400884,
      "op_margin": 0.08842371199133808,
      "fcf_margin": 0.05048272128485067,
      "incr_op_margin_yoy": 0.0188556566970091,
      "rev_growth_yoy": 0.07455885204576304,
      "rev_growth_yoy_accel": -0.0393516140212852,
      "op_leverage_ratio": 1.170257667705589,
      "fcf_margin_change": 0.03681111510051338
    },
    {
      "date": "2023-09-30T00:00:00",
      "quarter_label": "2023-09 (Q3)",
      "revenue": 2248900000,
      "gross_profit": 508800000,
      "operating_income": 201100000,
      "net_income": 151700000,
      "opex": 328200000,
      "cogs": 1740100000,
      "rd": 91800000,
      "sga": null,
      "fcf": -77400000,
      "ocf": 28100000,
      "capex": -105500000,
      "gross_margin": 0.22624394148250257,
      "op_margin": 0.08942149495308818,
      "fcf_margin": -0.03441682600382409,
      "incr_op_margin_yoy": 0.5801526717557252,
      "rev_growth_yoy": -0.03917798854994446,
      "rev_growth_yoy_accel": -0.1137368405957075,
      "op_leverage_ratio": null,
      "fcf_margin_change": -0.08489954728867477
    },
    {
      "date": "2023-12-31T00:00:00",
      "quarter_label": "2023-12 (Q4)",
      "revenue": 2289200000,
      "gross_profit": 476900000,
      "operating_income": 142700000,
      "net_income": 103400000,
      "opex": 356700000,
      "cogs": 1812300000,
      "rd": 92800000,
      "sga": null,
      "fcf": 448900000,
      "ocf": 549800000,
      "capex": -100900000,
      "gross_margin": 0.20832605276952648,
      "op_margin": 0.06233618731434562,
      "fcf_margin": 0.19609470557399966,
      "incr_op_margin_yoy": 0.9939077458659704,
      "rev_growth_yoy": -0.047793353021920885,
      "rev_growth_yoy_accel": -0.008615364471976424,
      "op_leverage_ratio": 0.2063614726263834,
      "fcf_margin_change": 0.23051153157782375
    },
    {
      "date": "2024-03-31T00:00:00",
      "quarter_label": "2024-03 (Q1)",
      "revenue": 1736400000,
      "gross_profit": 330300000,
      "operating_income": 39000000,
      "net_income": 3800000,
      "opex": 313200000,
      "cogs": 1406100000,
      "rd": 87800000,
      "sga": null,
      "fcf": -177500000,
      "ocf": -105400000,
      "capex": -72100000,
      "gross_margin": 0.19022114720110572,
      "op_margin": 0.022460262612301312,
      "fcf_margin": -0.10222299009444828,
      "incr_op_margin_yoy": 0.27543424317617865,
      "rev_growth_yoy": -0.2033766114602927,
      "rev_growth_yoy_accel": -0.1555832584383718,
      "fcf_margin_change": -0.29831769566844796
    },
    {
      "date": "2024-06-30T00:00:00",
      "quarter_label": "2024-06 (Q2)",
      "revenue": 1961200000,
      "gross_profit": 424000000,
      "operating_income": 119700000,
      "net_income": 68700000,
      "opex": 329800000,
      "cogs": 1537200000,
      "rd": 86800000,
      "sga": null,
      "fcf": 79100000,
      "ocf": 146300000,
      "capex": -67200000,
      "gross_margin": 0.21619416683663065,
      "op_margin": 0.06103406077911483,
      "fcf_margin": 0.04033244952070161,
      "incr_op_margin_yoy": 0.29874706342991386,
      "rev_growth_yoy": -0.11522151042136605,
      "rev_growth_yoy_accel": 0.08815510103892665,
      "op_leverage_ratio": 2.442644107875871,
      "fcf_margin_change": 0.14255543961514988
    },
    {
      "date": "2024-09-30T00:00:00",
      "quarter_label": "2024-09 (Q3)",
      "revenue": 1722400000,
      "gross_profit": 354600000,
      "operating_income": 66100000,
      "net_income": 27700000,
      "opex": 312600000,
      "cogs": 1367800000,
      "rd": 84100000,
      "sga": null,
      "fcf": -32400000,
      "ocf": 21000000,
      "capex": -53400000,
      "gross_margin": 0.20587552252670693,
      "op_margin": 0.03837668369716674,
      "fcf_margin": -0.018810961449140733,
      "incr_op_margin_yoy": 0.2564102564102564,
      "rev_growth_yoy": -0.23411445595624528,
      "rev_growth_yoy_accel": -0.11889294553487922,
      "fcf_margin_change": -0.059143410969842346
    },
    {
      "date": "2024-12-31T00:00:00",
      "quarter_label": "2024-12 (Q4)",
      "revenue": 1755400000,
      "gross_profit": 357900000,
      "operating_income": 65800000,
      "net_income": 10600000,
      "opex": 318200000,
      "cogs": 1397500000,
      "rd": 78200000,
      "sga": null,
      "fcf": 137300000,
      "ocf": 206300000,
      "capex": -69000000,
      "gross_margin": 0.2038851543807679,
      "op_margin": 0.03748433405491626,
      "fcf_margin": 0.07821579127264441,
      "incr_op_margin_yoy": 0.14406144623454478,
      "rev_growth_yoy": -0.23318189760615063,
      "rev_growth_yoy_accel": 0.0009325583500946477,
      "op_leverage_ratio": 1.069500199057793,
      "fcf_margin_change": 0.09702675272178515
    },
    {
      "date": "2025-03-31T00:00:00",
      "quarter_label": "2025-03 (Q1)",
      "revenue": 1535800000,
      "gross_profit": 245000000,
      "operating_income": -36100000,
      "net_income": -66800000,
      "opex": 303200000,
      "cogs": 1290800000,
      "rd": 82900000,
      "sga": null,
      "fcf": 47600000,
      "ocf": 83200000,
      "capex": -35600000,
      "gross_margin": 0.15952597994530537,
      "op_margin": -0.02350566480010418,
      "fcf_margin": 0.03099361896080219,
      "incr_op_margin_yoy": 0.3743768693918245,
      "rev_growth_yoy": -0.11552637641096522,
      "rev_growth_yoy_accel": 0.11765552119518541,
      "fcf_margin_change": -0.047222172311842225
    },
    {
      "date": "2025-06-30T00:00:00",
      "quarter_label": "2025-06 (Q2)",
      "revenue": 1852700000,
      "gross_profit": 359200000,
      "operating_income": -12900000,
      "net_income": -79300000,
      "opex": 394900000,
      "cogs": 1493500000,
      "rd": 90300000,
      "sga": null,
      "fcf": 279800000,
      "ocf": 320300000,
      "capex": -40500000,
      "gross_margin": 0.1938792033248772,
      "op_margin": -0.006962811032547094,
      "fcf_margin": 0.15102283154315324,
      "incr_op_margin_yoy": 1.2221198156682027,
      "rev_growth_yoy": -0.055323271466449116,
      "rev_growth_yoy_accel": 0.060203104944516105,
      "op_leverage_ratio": 0.6822561155116782,
      "fcf_margin_change": 0.12002921258235105
    },
    {
      "date": "2025-09-30T00:00:00",
      "quarter_label": "2025-09 (Q3)",
      "revenue": 1841600000,
      "gross_profit": 380300000,
      "operating_income": 20400000,
      "net_income": -15800000,
      "opex": 379600000,
      "cogs": 1461300000,
      "rd": 92800000,
      "sga": null,
      "fcf": 116700000,
      "ocf": 158800000,
      "capex": -42100000,
      "gross_margin": 0.20650521285838402,
      "op_margin": 0.011077324066029539,
      "fcf_margin": 0.06336880973066898,
      "incr_op_margin_yoy": -0.38338926174496646,
      "rev_growth_yoy": 0.06920575940548072,
      "rev_growth_yoy_accel": 0.12452903087192985,
      "fcf_margin_change": -0.08765402181248426
    },
    {
      "date": "2025-12-31T00:00:00",
      "quarter_label": "2025-12 (Q4)",
      "revenue": 1921900000,
      "gross_profit": 384200000,
      "operating_income": -320100000,
      "net_income": -303600000,
      "opex": 724000000,
      "cogs": 1537700000,
      "rd": 105900000,
      "sga": null,
      "fcf": 114000000,
      "ocf": 178700000,
      "capex": -64700000,
      "gross_margin": 0.19990634268172122,
      "op_margin": -0.16655393100577554,
      "fcf_margin": 0.05931630157656486,
      "incr_op_margin_yoy": -2.3177177177177177,
      "rev_growth_yoy": 0.0948501765979264,
      "rev_growth_yoy_accel": 0.025644417192445673,
      "op_leverage_ratio": 0.04805994837595142,
      "fcf_margin_change": -0.004052508154104122
    }
  ],
  "signals": [
    {
      "quarter": "2025-09 (Q3)",
      "signal": "YoY REVENUE GROWTH ACCELERATION",
      "detail": "YoY growth: +6.9% vs prior quarter YoY: -5.5% (accel: +12.5%)",
      "severity": "MEDIUM"
    },
    {
      "quarter": "2025-09 (Q3)",
      "signal": "OP MARGIN TURNED POSITIVE (QoQ)",
      "detail": "Op margin: -0.7% -> +1.1%",
      "severity": "HIGH"
    },
    {
      "quarter": "2025-06 (Q2)",
      "signal": "FCF MARGIN EXPANSION",
      "detail": "FCF margin: +3.1% -> +15.1% (+12.0%)",
      "severity": "MEDIUM"
    },
    {
      "quarter": "2025-06 (Q2)",
      "signal": "GROSS MARGIN INFLECTION",
      "detail": "GM: +20.4% -> +16.0% -> +19.4% (reversal +3.4%)",
      "severity": "MEDIUM"
    },
    {
      "quarter": "2025-06 (Q2)",
      "signal": "YoY REVENUE GROWTH ACCELERATION",
      "detail": "YoY growth: -5.5% vs prior quarter YoY: -11.6% (accel: +6.0%)",
      "severity": "MEDIUM"
    },
    {
      "quarter": "2025-03 (Q1)",
      "signal": "YoY REVENUE GROWTH ACCELERATION",
      "detail": "YoY growth: -11.6% vs prior quarter YoY: -23.3% (accel: +11.8%)",
      "severity": "MEDIUM"
    },
    {
      "quarter": "2024-12 (Q4)",
      "signal": "FCF TURNED POSITIVE",
      "detail": "FCF margin: -1.9% -> +7.8%",
      "severity": "HIGH"
    },
    {
      "quarter": "2024-09 (Q3)",
      "signal": "YoY REVENUE GROWTH DECELERATION",
      "detail": "YoY growth: -23.4% vs prior quarter YoY: -11.5% (decel: -11.9%)",
      "severity": "WARNING"
    },
    {
      "quarter": "2024-09 (Q3)",
      "signal": "INCREMENTAL MARGIN (YoY)",
      "detail": "YoY Incr OPM: +25.6% vs year-ago OPM: +8.9%",
      "severity": "MEDIUM"
    },
    {
      "quarter": "2024-06 (Q2)",
      "signal": "FCF TURNED POSITIVE",
      "detail": "FCF margin: -10.2% -> +4.0%",
      "severity": "HIGH"
    },
    {
      "quarter": "2024-06 (Q2)",
      "signal": "OPERATING LEVERAGE",
      "detail": "Rev growth +12.9% vs OpEx growth +5.3% (leverage: 2.4x)",
      "severity": "MEDIUM"
    },
    {
      "quarter": "2024-06 (Q2)",
      "signal": "GROSS MARGIN INFLECTION",
      "detail": "GM: +20.8% -> +19.0% -> +21.6% (reversal +2.6%)",
      "severity": "MEDIUM"
    },
    {
      "quarter": "2024-06 (Q2)",
      "signal": "YoY REVENUE GROWTH ACCELERATION",
      "detail": "YoY growth: -11.5% vs prior quarter YoY: -20.3% (accel: +8.8%)",
      "severity": "MEDIUM"
    },
    {
      "quarter": "2024-06 (Q2)",
      "signal": "INCREMENTAL MARGIN (YoY)",
      "detail": "YoY Incr OPM: +29.9% vs year-ago OPM: +8.8%",
      "severity": "HIGH"
    },
    {
      "quarter": "2024-03 (Q1)",
      "signal": "YoY REVENUE GROWTH DECELERATION",
      "detail": "YoY growth: -20.3% vs prior quarter YoY: -4.8% (decel: -15.6%)",
      "severity": "WARNING"
    },
    {
      "quarter": "2024-03 (Q1)",
      "signal": "INCREMENTAL MARGIN (YoY)",
      "detail": "YoY Incr OPM: +27.5% vs year-ago OPM: +7.4%",
      "severity": "HIGH"
    },
    {
      "quarter": "2023-12 (Q4)",
      "signal": "FCF TURNED POSITIVE",
      "detail": "FCF margin: -3.4% -> +19.6%",
      "severity": "HIGH"
    },
    {
      "quarter": "2023-12 (Q4)",
      "signal": "INCREMENTAL MARGIN (YoY)",
      "detail": "YoY Incr OPM: +99.4% vs year-ago OPM: +10.7%",
      "severity": "HIGH"
    },
    {
      "quarter": "2023-09 (Q3)",
      "signal": "YoY REVENUE GROWTH DECELERATION",
      "detail": "YoY growth: -3.9% vs prior quarter YoY: +7.5% (decel: -11.4%)",
      "severity": "WARNING"
    },
    {
      "quarter": "2023-09 (Q3)",
      "signal": "INCREMENTAL MARGIN (YoY)",
      "detail": "YoY Incr OPM: +58.0% vs year-ago OPM: +10.9%",
      "severity": "HIGH"
    },
    {
      "quarter": "2023-03 (Q1)",
      "signal": "INCREMENTAL MARGIN (YoY)",
      "detail": "YoY Incr OPM: +29.7% vs year-ago OPM: +4.8%",
      "severity": "HIGH"
    },
    {
      "quarter": "2022-12 (Q4)",
      "signal": "FCF MARGIN EXPANSION",
      "detail": "FCF margin: +4.1% -> +11.7% (+7.6%)",
      "severity": "MEDIUM"
    },
    {
      "quarter": "2022-12 (Q4)",
      "signal": "YoY REVENUE GROWTH DECELERATION",
      "detail": "YoY growth: +10.8% vs prior quarter YoY: +19.4% (decel: -8.7%)",
      "severity": "WARNING"
    },
    {
      "quarter": "2022-12 (Q4)",
      "signal": "INCREMENTAL MARGIN (YoY)",
      "detail": "YoY Incr OPM: +43.6% vs year-ago OPM: +7.1%",
      "severity": "HIGH"
    },
    {
      "quarter": "2022-09 (Q3)",
      "signal": "FCF TURNED POSITIVE",
      "detail": "FCF margin: -3.5% -> +4.1%",
      "severity": "HIGH"
    },
    {
      "quarter": "2022-09 (Q3)",
      "signal": "OPERATING LEVERAGE",
      "detail": "Rev growth +13.5% vs OpEx growth +8.7% (leverage: 1.5x)",
      "severity": "MEDIUM"
    },
    {
      "quarter": "2022-09 (Q3)",
      "signal": "YoY REVENUE GROWTH ACCELERATION",
      "detail": "YoY growth: +19.4% vs prior quarter YoY: -2.6% (accel: +22.0%)",
      "severity": "HIGH"
    },
    {
      "quarter": "2022-09 (Q3)",
      "signal": "INCREMENTAL MARGIN (YoY)",
      "detail": "YoY Incr OPM: +26.0% vs year-ago OPM: +7.9%",
      "severity": "MEDIUM"
    },
    {
      "quarter": "2022-06 (Q2)",
      "signal": "GROSS MARGIN INFLECTION",
      "detail": "GM: +20.5% -> +20.3% -> +23.0% (reversal +2.7%)",
      "severity": "MEDIUM"
    },
    {
      "quarter": "2022-06 (Q2)",
      "signal": "INCREMENTAL MARGIN (YoY)",
      "detail": "YoY Incr OPM: +39.5% vs year-ago OPM: +10.1%",
      "severity": "HIGH"
    },
    {
      "quarter": "2021-12 (Q4)",
      "signal": "FCF TURNED POSITIVE",
      "detail": "FCF margin: -6.2% -> +2.2%",
      "severity": "HIGH"
    }
  ],
  "data_quality": {
    "n_quarters": 20,
    "coverage": {
      "revenue": [
        20,
        20
      ],
      "gross_profit": [
        20,
        20
      ],
      "op_income": [
        20,
        20
      ],
      "fcf": [
        20,
        20
      ]
    },
    "gaps": [],
    "warnings": []
  },
  "market_cap": null,
  "source": "SEC EDGAR",
  "last_updated": "2026-02-24T10:43:52.169041"
}