{
  "ticker": "PINS",
  "name": "Pinterest, Inc.",
  "quarters": [
    {
      "date": "2020-12-31T00:00:00",
      "quarter_label": "2020-12 (Q4)",
      "revenue": 705617000,
      "gross_profit": 576594000,
      "operating_income": 205149000,
      "net_income": 207841000,
      "opex": 500468000,
      "cogs": 129023000,
      "rd": 163710000,
      "sga": null,
      "fcf": 100696000,
      "ocf": 100696000,
      "capex": null,
      "gross_margin": 0.8171486798078844,
      "op_margin": 0.2907370429000435,
      "fcf_margin": 0.14270631234791678
    },
    {
      "date": "2021-03-31T00:00:00",
      "quarter_label": "2021-03 (Q1)",
      "revenue": 485230000,
      "gross_profit": 351760000,
      "operating_income": -22908000,
      "net_income": -21674000,
      "opex": 508138000,
      "cogs": 133470000,
      "rd": 171728000,
      "sga": null,
      "fcf": 270579000,
      "ocf": 270579000,
      "capex": null,
      "gross_margin": 0.7249345671125034,
      "op_margin": -0.04721060115821363,
      "fcf_margin": 0.5576304020773654,
      "fcf_margin_change": 0.4149240897294486
    },
    {
      "date": "2021-06-30T00:00:00",
      "quarter_label": "2021-06 (Q2)",
      "revenue": 613210000,
      "gross_profit": 485391000,
      "operating_income": 71198000,
      "net_income": 69417000,
      "opex": 542012000,
      "cogs": 127819000,
      "rd": 181731000,
      "sga": null,
      "fcf": 104814000,
      "ocf": 104814000,
      "capex": null,
      "gross_margin": 0.7915575414621419,
      "op_margin": 0.11610704326413464,
      "fcf_margin": 0.17092676244679636,
      "op_leverage_ratio": 3.9564861763071435,
      "fcf_margin_change": -0.386703639630569
    },
    {
      "date": "2021-09-30T00:00:00",
      "quarter_label": "2021-09 (Q3)",
      "revenue": 632932000,
      "gross_profit": 506149000,
      "operating_income": 98449000,
      "net_income": 93996000,
      "opex": 534483000,
      "cogs": 126783000,
      "rd": 185949000,
      "sga": null,
      "fcf": 165742000,
      "ocf": 165742000,
      "capex": null,
      "gross_margin": 0.7996893821137184,
      "op_margin": 0.1555443554757857,
      "fcf_margin": 0.2618638337135743,
      "op_leverage_ratio": Infinity,
      "fcf_margin_change": 0.09093707126677794
    },
    {
      "date": "2021-12-31T00:00:00",
      "quarter_label": "2021-12 (Q4)",
      "revenue": 846655000,
      "gross_profit": 705407000,
      "operating_income": 179448000,
      "net_income": 174699000,
      "opex": 667207000,
      "cogs": 141248000,
      "rd": 240856000,
      "sga": null,
      "fcf": 211772000,
      "ocf": 211772000,
      "capex": null,
      "gross_margin": 0.8331693546958324,
      "op_margin": 0.21194937725519838,
      "fcf_margin": 0.2501278560925052,
      "incr_op_margin_yoy": -0.18222748479133283,
      "rev_growth_yoy": 0.1998789711699123,
      "op_leverage_ratio": 1.3598112904572544,
      "fcf_margin_change": -0.011735977621069094
    },
    {
      "date": "2022-03-31T00:00:00",
      "quarter_label": "2022-03 (Q1)",
      "revenue": 574885000,
      "gross_profit": 428815000,
      "operating_income": -3665000,
      "net_income": -5281000,
      "opex": 578550000,
      "cogs": 146070000,
      "rd": 195548000,
      "sga": null,
      "fcf": 213389000,
      "ocf": 213389000,
      "capex": null,
      "gross_margin": 0.7459144002713586,
      "op_margin": -0.00637518808109448,
      "fcf_margin": 0.3711855414561173,
      "incr_op_margin_yoy": 0.2146338742959121,
      "rev_growth_yoy": 0.18476804814211817,
      "rev_growth_yoy_accel": -0.015110923027794126,
      "fcf_margin_change": 0.12105768536361211
    },
    {
      "date": "2022-06-30T00:00:00",
      "quarter_label": "2022-06 (Q2)",
      "revenue": 665930000,
      "gross_profit": 501034000,
      "operating_income": -34505000,
      "net_income": -43076000,
      "opex": 700435000,
      "cogs": 164896000,
      "rd": 233508000,
      "sga": null,
      "fcf": 120068000,
      "ocf": 120068000,
      "capex": null,
      "gross_margin": 0.7523823825326986,
      "op_margin": -0.0518147553046116,
      "fcf_margin": 0.18030123286231287,
      "incr_op_margin_yoy": -2.0049886191198785,
      "rev_growth_yoy": 0.08597380995091404,
      "rev_growth_yoy_accel": -0.09879423819120413,
      "op_leverage_ratio": 0.7517367108244923,
      "fcf_margin_change": -0.19088430859380445
    },
    {
      "date": "2022-09-30T00:00:00",
      "quarter_label": "2022-09 (Q3)",
      "revenue": 684550000,
      "gross_profit": 501947000,
      "operating_income": -69375000,
      "net_income": -65181000,
      "opex": 753925000,
      "cogs": 182603000,
      "rd": 254684000,
      "sga": null,
      "fcf": 77455000,
      "ocf": 77455000,
      "capex": null,
      "gross_margin": 0.7332510408297421,
      "op_margin": -0.1013439485793587,
      "fcf_margin": 0.11314732305894383,
      "incr_op_margin_yoy": -3.251268937192452,
      "rev_growth_yoy": 0.08155378460877313,
      "rev_growth_yoy_accel": -0.004420025342140907,
      "op_leverage_ratio": 0.36613929227466563,
      "fcf_margin_change": -0.06715390980336904
    },
    {
      "date": "2022-12-31T00:00:00",
      "quarter_label": "2022-12 (Q4)",
      "revenue": 877209000,
      "gross_profit": 692181000,
      "operating_income": 5868000,
      "net_income": 17491000,
      "opex": 871341000,
      "cogs": 185028000,
      "rd": 265240000,
      "sga": null,
      "fcf": 58290000,
      "ocf": 58290000,
      "capex": null,
      "gross_margin": 0.78907193154653,
      "op_margin": 0.00668939785159523,
      "fcf_margin": 0.06644938663420005,
      "incr_op_margin_yoy": -5.681089219087517,
      "rev_growth_yoy": 0.036087898848999884,
      "rev_growth_yoy_accel": -0.04546588575977325,
      "op_leverage_ratio": 1.8071116695284344,
      "fcf_margin_change": -0.04669793642474378
    },
    {
      "date": "2023-03-31T00:00:00",
      "quarter_label": "2023-03 (Q1)",
      "revenue": 602581000,
      "gross_profit": 431655000,
      "operating_income": -243686000,
      "net_income": -208579000,
      "opex": 846267000,
      "cogs": 170926000,
      "rd": 266346000,
      "sga": null,
      "fcf": 181467000,
      "ocf": 183457000,
      "capex": -1990000,
      "gross_margin": 0.7163435289197635,
      "op_margin": -0.4044037233168653,
      "fcf_margin": 0.3011495549975854,
      "incr_op_margin_yoy": -8.666269497400346,
      "rev_growth_yoy": 0.048176591840107155,
      "rev_growth_yoy_accel": 0.01208869299110727,
      "fcf_margin_change": 0.23470016836338534
    },
    {
      "date": "2023-06-30T00:00:00",
      "quarter_label": "2023-06 (Q2)",
      "revenue": 708025000,
      "gross_profit": 539285000,
      "operating_income": -73243000,
      "net_income": -34942000,
      "opex": 781268000,
      "cogs": 168740000,
      "rd": 269391000,
      "sga": null,
      "fcf": 61909000,
      "ocf": 62719000,
      "capex": -810000,
      "gross_margin": 0.7616750820945588,
      "op_margin": -0.10344691218530419,
      "fcf_margin": 0.0874390028600685,
      "incr_op_margin_yoy": -0.9202518113790237,
      "rev_growth_yoy": 0.06321234964635923,
      "rev_growth_yoy_accel": 0.015035757806252076,
      "op_leverage_ratio": Infinity,
      "fcf_margin_change": -0.21371055213751688
    },
    {
      "date": "2023-09-30T00:00:00",
      "quarter_label": "2023-09 (Q3)",
      "revenue": 763203000,
      "gross_profit": 592205000,
      "operating_income": -4999000,
      "net_income": 6733000,
      "opex": 768202000,
      "cogs": 170998000,
      "rd": 264698000,
      "sga": null,
      "fcf": 107525000,
      "ocf": 108505000,
      "capex": -980000,
      "gross_margin": 0.7759468974833694,
      "op_margin": -0.00655002666394131,
      "fcf_margin": 0.14088650070819952,
      "incr_op_margin_yoy": 0.8184811768146161,
      "rev_growth_yoy": 0.11489737783945658,
      "rev_growth_yoy_accel": 0.05168502819309735,
      "op_leverage_ratio": Infinity,
      "fcf_margin_change": 0.05344749784813102
    },
    {
      "date": "2023-12-31T00:00:00",
      "quarter_label": "2023-12 (Q4)",
      "revenue": 981262000,
      "gross_profit": 803166000,
      "operating_income": 196250000,
      "net_income": 201178000,
      "opex": 785012000,
      "cogs": 178096000,
      "rd": 267981000,
      "sga": null,
      "fcf": 253997000,
      "ocf": 258280000,
      "capex": -4283000,
      "gross_margin": 0.8185031112995306,
      "op_margin": 0.19999755417003817,
      "fcf_margin": 0.258847280338992,
      "incr_op_margin_yoy": 1.8296637290611515,
      "rev_growth_yoy": 0.1186182540306814,
      "rev_growth_yoy_accel": 0.0037208761912248117,
      "op_leverage_ratio": 13.056947784908528,
      "fcf_margin_change": 0.11796077963079249
    },
    {
      "date": "2024-03-31T00:00:00",
      "quarter_label": "2024-03 (Q1)",
      "revenue": 739983000,
      "gross_profit": 558892000,
      "operating_income": -54416000,
      "net_income": -24812000,
      "opex": 794399000,
      "cogs": 181091000,
      "rd": 280275000,
      "sga": null,
      "fcf": 344033000,
      "ocf": 356146000,
      "capex": -12113000,
      "gross_margin": 0.7552768104132122,
      "op_margin": -0.07353682449461676,
      "fcf_margin": 0.4649201400572716,
      "incr_op_margin_yoy": 1.3774908662173768,
      "rev_growth_yoy": 0.22802245673195803,
      "rev_growth_yoy_accel": 0.10940420270127664,
      "fcf_margin_change": 0.2060728597182796
    },
    {
      "date": "2024-06-30T00:00:00",
      "quarter_label": "2024-06 (Q2)",
      "revenue": 853680000,
      "gross_profit": 668824000,
      "operating_income": -21441000,
      "net_income": 8887000,
      "opex": 875121000,
      "cogs": 184856000,
      "rd": 312837000,
      "sga": null,
      "fcf": 101642000,
      "ocf": 106426000,
      "capex": -4784000,
      "gross_margin": 0.7834598444381969,
      "op_margin": -0.02511596851279168,
      "fcf_margin": 0.11906334926436135,
      "incr_op_margin_yoy": 0.3556486217431602,
      "rev_growth_yoy": 0.20572013700081213,
      "rev_growth_yoy_accel": -0.02230231973114591,
      "op_leverage_ratio": 1.5120774551493326,
      "fcf_margin_change": -0.34585679079291026
    },
    {
      "date": "2024-09-30T00:00:00",
      "quarter_label": "2024-09 (Q3)",
      "revenue": 898373000,
      "gross_profit": 710920000,
      "operating_income": -5916000,
      "net_income": 30556000,
      "opex": 904289000,
      "cogs": 187453000,
      "rd": 326679000,
      "sga": null,
      "fcf": 244111000,
      "ocf": 248027000,
      "capex": -3916000,
      "gross_margin": 0.7913416810166823,
      "op_margin": -0.0065852379802153445,
      "fcf_margin": 0.2717256640615869,
      "incr_op_margin_yoy": -0.006784049715173485,
      "rev_growth_yoy": 0.1771088426015097,
      "rev_growth_yoy_accel": -0.028611294399302434,
      "op_leverage_ratio": 1.5707456109689453,
      "fcf_margin_change": 0.15266231479722553
    },
    {
      "date": "2024-12-31T00:00:00",
      "quarter_label": "2024-12 (Q4)",
      "revenue": 1154130000,
      "gross_profit": 957175000,
      "operating_income": 261590000,
      "net_income": 1847475000,
      "opex": 892540000,
      "cogs": 196955000,
      "rd": 320773000,
      "sga": null,
      "fcf": 250202000,
      "ocf": 253995000,
      "capex": -3793000,
      "gross_margin": 0.8293476471454689,
      "op_margin": 0.22665557606162218,
      "fcf_margin": 0.21678840338610036,
      "incr_op_margin_yoy": 0.37797625934238843,
      "rev_growth_yoy": 0.17616905576696132,
      "rev_growth_yoy_accel": -0.0009397868345483729,
      "op_leverage_ratio": Infinity,
      "fcf_margin_change": -0.054937260675486516
    },
    {
      "date": "2025-03-31T00:00:00",
      "quarter_label": "2025-03 (Q1)",
      "revenue": 854988000,
      "gross_profit": 655718000,
      "operating_income": -35477000,
      "net_income": 8922000,
      "opex": 890465000,
      "cogs": 199270000,
      "rd": 331665000,
      "sga": null,
      "fcf": 356417000,
      "ocf": 363706000,
      "capex": -7289000,
      "gross_margin": 0.7669324013904288,
      "op_margin": -0.04149414962549182,
      "fcf_margin": 0.4168678390807824,
      "incr_op_margin_yoy": 0.16467979653058562,
      "rev_growth_yoy": 0.155415732523585,
      "rev_growth_yoy_accel": -0.02075332324337631,
      "fcf_margin_change": 0.20007943569468203
    },
    {
      "date": "2025-06-30T00:00:00",
      "quarter_label": "2025-06 (Q2)",
      "revenue": 998227000,
      "gross_profit": 795218000,
      "operating_income": -4330000,
      "net_income": 38755000,
      "opex": 1002557000,
      "cogs": 203009000,
      "rd": 359624000,
      "sga": null,
      "fcf": 196683000,
      "ocf": 207693000,
      "capex": -11010000,
      "gross_margin": 0.7966304257448457,
      "op_margin": -0.0043376907256565895,
      "fcf_margin": 0.1970323383358695,
      "incr_op_margin_yoy": 0.11837672175832083,
      "rev_growth_yoy": 0.1693222284696842,
      "rev_growth_yoy_accel": 0.01390649594609919,
      "op_leverage_ratio": 1.3308940914445795,
      "fcf_margin_change": -0.2198355007449129
    },
    {
      "date": "2025-09-30T00:00:00",
      "quarter_label": "2025-09 (Q3)",
      "revenue": 1049205000,
      "gross_profit": 836880000,
      "operating_income": 58516000,
      "net_income": 92108000,
      "opex": 990689000,
      "cogs": 212325000,
      "rd": 371253000,
      "sga": null,
      "fcf": 318421000,
      "ocf": 321652000,
      "capex": -3231000,
      "gross_margin": 0.7976324931734027,
      "op_margin": 0.055771750992418066,
      "fcf_margin": 0.30348787891784734,
      "incr_op_margin_yoy": 0.42717725681552987,
      "rev_growth_yoy": 0.16789462728732943,
      "rev_growth_yoy_accel": -0.0014276011823547707,
      "op_leverage_ratio": Infinity,
      "fcf_margin_change": 0.10645554058197784
    }
  ],
  "signals": [
    {
      "quarter": "2025-09 (Q3)",
      "signal": "FCF MARGIN EXPANSION",
      "detail": "FCF margin: +19.7% -> +30.3% (+10.6%)",
      "severity": "MEDIUM"
    },
    {
      "quarter": "2025-09 (Q3)",
      "signal": "OP MARGIN TURNED POSITIVE (YoY)",
      "detail": "Op margin: -0.7% (year-ago) -> +5.6%",
      "severity": "HIGH"
    },
    {
      "quarter": "2025-09 (Q3)",
      "signal": "OP MARGIN TURNED POSITIVE (QoQ)",
      "detail": "Op margin: -0.4% -> +5.6%",
      "severity": "HIGH"
    },
    {
      "quarter": "2025-06 (Q2)",
      "signal": "GROSS MARGIN INFLECTION",
      "detail": "GM: +82.9% -> +76.7% -> +79.7% (reversal +3.0%)",
      "severity": "MEDIUM"
    },
    {
      "quarter": "2025-03 (Q1)",
      "signal": "FCF MARGIN EXPANSION",
      "detail": "FCF margin: +21.7% -> +41.7% (+20.0%)",
      "severity": "MEDIUM"
    },
    {
      "quarter": "2024-12 (Q4)",
      "signal": "INCREMENTAL MARGIN (YoY)",
      "detail": "YoY Incr OPM: +37.8% vs year-ago OPM: +20.0%",
      "severity": "MEDIUM"
    },
    {
      "quarter": "2024-12 (Q4)",
      "signal": "OP MARGIN TURNED POSITIVE (QoQ)",
      "detail": "Op margin: -0.7% -> +22.7%",
      "severity": "HIGH"
    },
    {
      "quarter": "2024-09 (Q3)",
      "signal": "FCF MARGIN EXPANSION",
      "detail": "FCF margin: +11.9% -> +27.2% (+15.3%)",
      "severity": "MEDIUM"
    },
    {
      "quarter": "2024-09 (Q3)",
      "signal": "OPERATING LEVERAGE",
      "detail": "Rev growth +5.2% vs OpEx growth +3.3% (leverage: 1.6x)",
      "severity": "MEDIUM"
    },
    {
      "quarter": "2024-06 (Q2)",
      "signal": "OPERATING LEVERAGE",
      "detail": "Rev growth +15.4% vs OpEx growth +10.2% (leverage: 1.5x)",
      "severity": "MEDIUM"
    },
    {
      "quarter": "2024-06 (Q2)",
      "signal": "GROSS MARGIN INFLECTION",
      "detail": "GM: +81.9% -> +75.5% -> +78.3% (reversal +2.8%)",
      "severity": "MEDIUM"
    },
    {
      "quarter": "2024-03 (Q1)",
      "signal": "FCF MARGIN EXPANSION",
      "detail": "FCF margin: +25.9% -> +46.5% (+20.6%)",
      "severity": "MEDIUM"
    },
    {
      "quarter": "2024-03 (Q1)",
      "signal": "YoY REVENUE GROWTH ACCELERATION",
      "detail": "YoY growth: +22.8% vs prior quarter YoY: +11.9% (accel: +10.9%)",
      "severity": "MEDIUM"
    },
    {
      "quarter": "2023-12 (Q4)",
      "signal": "FCF MARGIN EXPANSION",
      "detail": "FCF margin: +14.1% -> +25.9% (+11.8%)",
      "severity": "MEDIUM"
    },
    {
      "quarter": "2023-12 (Q4)",
      "signal": "OPERATING LEVERAGE",
      "detail": "Rev growth +28.6% vs OpEx growth +2.2% (leverage: 13.1x)",
      "severity": "MEDIUM"
    },
    {
      "quarter": "2023-12 (Q4)",
      "signal": "INCREMENTAL MARGIN (YoY)",
      "detail": "YoY Incr OPM: +183.0% vs year-ago OPM: +0.7%",
      "severity": "HIGH"
    },
    {
      "quarter": "2023-12 (Q4)",
      "signal": "OP MARGIN TURNED POSITIVE (QoQ)",
      "detail": "Op margin: -0.7% -> +20.0%",
      "severity": "HIGH"
    },
    {
      "quarter": "2023-09 (Q3)",
      "signal": "FCF MARGIN EXPANSION",
      "detail": "FCF margin: +8.7% -> +14.1% (+5.3%)",
      "severity": "MEDIUM"
    },
    {
      "quarter": "2023-09 (Q3)",
      "signal": "YoY REVENUE GROWTH ACCELERATION",
      "detail": "YoY growth: +11.5% vs prior quarter YoY: +6.3% (accel: +5.2%)",
      "severity": "MEDIUM"
    },
    {
      "quarter": "2023-06 (Q2)",
      "signal": "GROSS MARGIN INFLECTION",
      "detail": "GM: +78.9% -> +71.6% -> +76.2% (reversal +4.5%)",
      "severity": "MEDIUM"
    },
    {
      "quarter": "2023-03 (Q1)",
      "signal": "FCF MARGIN EXPANSION",
      "detail": "FCF margin: +6.6% -> +30.1% (+23.5%)",
      "severity": "MEDIUM"
    },
    {
      "quarter": "2022-12 (Q4)",
      "signal": "OPERATING LEVERAGE",
      "detail": "Rev growth +28.1% vs OpEx growth +15.6% (leverage: 1.8x)",
      "severity": "MEDIUM"
    },
    {
      "quarter": "2022-12 (Q4)",
      "signal": "GROSS MARGIN INFLECTION",
      "detail": "GM: +75.2% -> +73.3% -> +78.9% (reversal +5.6%)",
      "severity": "HIGH"
    },
    {
      "quarter": "2022-12 (Q4)",
      "signal": "OP MARGIN TURNED POSITIVE (QoQ)",
      "detail": "Op margin: -10.1% -> +0.7%",
      "severity": "HIGH"
    },
    {
      "quarter": "2022-06 (Q2)",
      "signal": "YoY REVENUE GROWTH DECELERATION",
      "detail": "YoY growth: +8.6% vs prior quarter YoY: +18.5% (decel: -9.9%)",
      "severity": "WARNING"
    },
    {
      "quarter": "2022-03 (Q1)",
      "signal": "FCF MARGIN EXPANSION",
      "detail": "FCF margin: +25.0% -> +37.1% (+12.1%)",
      "severity": "MEDIUM"
    },
    {
      "quarter": "2021-09 (Q3)",
      "signal": "FCF MARGIN EXPANSION",
      "detail": "FCF margin: +17.1% -> +26.2% (+9.1%)",
      "severity": "MEDIUM"
    },
    {
      "quarter": "2021-06 (Q2)",
      "signal": "OPERATING LEVERAGE",
      "detail": "Rev growth +26.4% vs OpEx growth +6.7% (leverage: 4.0x)",
      "severity": "MEDIUM"
    },
    {
      "quarter": "2021-06 (Q2)",
      "signal": "GROSS MARGIN INFLECTION",
      "detail": "GM: +81.7% -> +72.5% -> +79.2% (reversal +6.7%)",
      "severity": "HIGH"
    },
    {
      "quarter": "2021-06 (Q2)",
      "signal": "OP MARGIN TURNED POSITIVE (QoQ)",
      "detail": "Op margin: -4.7% -> +11.6%",
      "severity": "HIGH"
    },
    {
      "quarter": "2021-03 (Q1)",
      "signal": "FCF MARGIN EXPANSION",
      "detail": "FCF margin: +14.3% -> +55.8% (+41.5%)",
      "severity": "MEDIUM"
    }
  ],
  "data_quality": {
    "n_quarters": 20,
    "coverage": {
      "revenue": [
        20,
        20
      ],
      "gross_profit": [
        20,
        20
      ],
      "op_income": [
        20,
        20
      ],
      "fcf": [
        20,
        20
      ]
    },
    "gaps": [],
    "warnings": []
  },
  "market_cap": null,
  "source": "SEC EDGAR",
  "last_updated": "2026-02-02T20:24:28.755486"
}