{
  "ticker": "PKE",
  "name": "PARK AEROSPACE CORP.",
  "quarters": [
    {
      "date": "2021-05-31T00:00:00",
      "quarter_label": "2021-05 (Q2)",
      "revenue": 13594000,
      "gross_profit": null,
      "operating_income": null,
      "net_income": null,
      "opex": null,
      "cogs": null,
      "rd": null,
      "sga": null,
      "fcf": null,
      "ocf": null,
      "capex": null,
      "gross_margin": null,
      "op_margin": null,
      "fcf_margin": null
    },
    {
      "date": "2021-08-29T00:00:00",
      "quarter_label": "2021-08 (Q3)",
      "revenue": 13618000,
      "gross_profit": 4411000,
      "operating_income": 2753000,
      "net_income": 2022000,
      "opex": 1658000,
      "cogs": 9207000,
      "rd": null,
      "sga": 1488000,
      "fcf": -2113000,
      "ocf": -1157000,
      "capex": -956000,
      "gross_margin": 0.32390953150242324,
      "op_margin": 0.20215890732853575,
      "fcf_margin": -0.15516228521075048
    },
    {
      "date": "2021-11-28T00:00:00",
      "quarter_label": "2021-11 (Q4)",
      "revenue": 13864000,
      "gross_profit": 3836000,
      "operating_income": 2230000,
      "net_income": 1741000,
      "opex": 1606000,
      "cogs": 10028000,
      "rd": null,
      "sga": 1593000,
      "fcf": -773000,
      "ocf": 280000,
      "capex": -1053000,
      "gross_margin": 0.2766878245816503,
      "op_margin": 0.16084824004616272,
      "fcf_margin": -0.055755914598961336,
      "op_leverage_ratio": Infinity,
      "fcf_margin_change": 0.09940637061178914
    },
    {
      "date": "2022-02-27T00:00:00",
      "quarter_label": "2022-02 (Q1)",
      "revenue": 12502000,
      "gross_profit": 4198000,
      "operating_income": 2616000,
      "net_income": 1956000,
      "opex": 1582000,
      "cogs": 8304000,
      "rd": null,
      "sga": 1520000,
      "fcf": 4159000,
      "ocf": 4945000,
      "capex": -786000,
      "gross_margin": 0.3357862741961286,
      "op_margin": 0.20924652055671092,
      "fcf_margin": 0.33266677331626937,
      "fcf_margin_change": 0.3884226879152307
    },
    {
      "date": "2022-05-29T00:00:00",
      "quarter_label": "2022-05 (Q2)",
      "revenue": 12783000,
      "gross_profit": 4092000,
      "operating_income": 2459000,
      "net_income": 1910000,
      "opex": 1633000,
      "cogs": 8691000,
      "rd": null,
      "sga": 1633000,
      "fcf": -44000,
      "ocf": 44000,
      "capex": -88000,
      "gross_margin": 0.320112649612767,
      "op_margin": 0.19236485957912852,
      "fcf_margin": -0.0034420715012125477,
      "rev_growth_yoy": -0.05965867294394586,
      "op_leverage_ratio": 0.6972092308367916,
      "fcf_margin_change": -0.33610884481748193
    },
    {
      "date": "2022-08-28T00:00:00",
      "quarter_label": "2022-08 (Q3)",
      "revenue": 13875000,
      "gross_profit": 4086000,
      "operating_income": 2354000,
      "net_income": 1885000,
      "opex": 1732000,
      "cogs": 9789000,
      "rd": null,
      "sga": 1732000,
      "fcf": -2303000,
      "ocf": -1747000,
      "capex": -556000,
      "gross_margin": 0.2944864864864865,
      "op_margin": 0.16965765765765767,
      "fcf_margin": -0.16598198198198197,
      "rev_growth_yoy": 0.018872081069173152,
      "rev_growth_yoy_accel": 0.07853075401311901,
      "op_leverage_ratio": 1.4090968355225573,
      "fcf_margin_change": -0.16253991048076943
    },
    {
      "date": "2022-11-27T00:00:00",
      "quarter_label": "2022-11 (Q4)",
      "revenue": 13867000,
      "gross_profit": 4444000,
      "operating_income": 2921000,
      "net_income": 2230000,
      "opex": 1523000,
      "cogs": 9423000,
      "rd": null,
      "sga": 1523000,
      "fcf": 3732000,
      "ocf": 3837000,
      "capex": -105000,
      "gross_margin": 0.3204730655513089,
      "op_margin": 0.21064397490444942,
      "fcf_margin": 0.26912814595802986,
      "rev_growth_yoy": 0.00021638776687824582,
      "rev_growth_yoy_accel": -0.018655693302294905,
      "fcf_margin_change": 0.4351101279400118
    },
    {
      "date": "2023-02-26T00:00:00",
      "quarter_label": "2023-02 (Q1)",
      "revenue": 13530000,
      "gross_profit": 3851000,
      "operating_income": 2220000,
      "net_income": 4706000,
      "opex": 1631000,
      "cogs": 9679000,
      "rd": null,
      "sga": 1631000,
      "fcf": 4059000,
      "ocf": 4357000,
      "capex": -298000,
      "gross_margin": 0.28462675535846266,
      "op_margin": 0.164079822616408,
      "fcf_margin": 0.3,
      "incr_op_margin_yoy": -0.3852140077821012,
      "rev_growth_yoy": 0.0822268437050072,
      "rev_growth_yoy_accel": 0.08201045593812896,
      "fcf_margin_change": 0.030871854041970126
    },
    {
      "date": "2023-05-28T00:00:00",
      "quarter_label": "2023-05 (Q2)",
      "revenue": 15551000,
      "gross_profit": 4833000,
      "operating_income": 2218000,
      "net_income": 1854000,
      "opex": 2615000,
      "cogs": 10718000,
      "rd": null,
      "sga": 2615000,
      "fcf": -50000,
      "ocf": 117000,
      "capex": -167000,
      "gross_margin": 0.31078387241978006,
      "op_margin": 0.14262748376310205,
      "fcf_margin": -0.0032152273165712815,
      "incr_op_margin_yoy": -0.08706647398843931,
      "rev_growth_yoy": 0.2165375889853712,
      "rev_growth_yoy_accel": 0.13431074528036402,
      "op_leverage_ratio": 0.24758673889399652,
      "fcf_margin_change": -0.30321522731657125
    },
    {
      "date": "2023-06-02T00:00:00",
      "quarter_label": "2023-06 (Q2)",
      "revenue": 15551000,
      "gross_profit": null,
      "operating_income": null,
      "net_income": null,
      "opex": null,
      "cogs": null,
      "rd": null,
      "sga": null,
      "fcf": null,
      "ocf": null,
      "capex": null,
      "gross_margin": null,
      "op_margin": null,
      "fcf_margin": null,
      "rev_growth_yoy": 0.2165375889853712,
      "rev_growth_yoy_accel": 0.0
    },
    {
      "date": "2023-08-27T00:00:00",
      "quarter_label": "2023-08 (Q3)",
      "revenue": 12481000,
      "gross_profit": 4079000,
      "operating_income": 2226000,
      "net_income": 1746000,
      "opex": 1853000,
      "cogs": 8402000,
      "rd": null,
      "sga": 1853000,
      "fcf": -2969000,
      "ocf": -2762000,
      "capex": -207000,
      "gross_margin": 0.3268167614774457,
      "op_margin": 0.1783510936623668,
      "fcf_margin": -0.23788158000160245,
      "incr_op_margin_yoy": 0.09182209469153516,
      "rev_growth_yoy": -0.10046846846846846,
      "rev_growth_yoy_accel": -0.3170060574538397
    },
    {
      "date": "2023-11-26T00:00:00",
      "quarter_label": "2023-11 (Q4)",
      "revenue": 11639000,
      "gross_profit": 3169000,
      "operating_income": 1365000,
      "net_income": 1203000,
      "opex": 1804000,
      "cogs": 8470000,
      "rd": null,
      "sga": 1804000,
      "fcf": 1652000,
      "ocf": 1759000,
      "capex": -107000,
      "gross_margin": 0.2722742503651516,
      "op_margin": 0.11727811667669044,
      "fcf_margin": 0.14193659249076382,
      "incr_op_margin_yoy": 0.6983842010771992,
      "rev_growth_yoy": -0.16066921468233936,
      "rev_growth_yoy_accel": -0.06020074621387089,
      "fcf_margin_change": 0.37981817249236627
    },
    {
      "date": "2024-03-03T00:00:00",
      "quarter_label": "2024-03 (Q1)",
      "revenue": 16333000,
      "gross_profit": 4453000,
      "operating_income": 2571000,
      "net_income": 2670000,
      "opex": 1882000,
      "cogs": 11880000,
      "rd": null,
      "sga": 1882000,
      "fcf": 5130000,
      "ocf": 5294000,
      "capex": -164000,
      "gross_margin": 0.27263821710647157,
      "op_margin": 0.15741137574236208,
      "fcf_margin": 0.31408804261311457,
      "incr_op_margin_yoy": 0.12522297538351765,
      "rev_growth_yoy": 0.20716925351071694,
      "rev_growth_yoy_accel": 0.3678384681930563,
      "op_leverage_ratio": 9.327587840174832,
      "fcf_margin_change": 0.17215145012235075
    },
    {
      "date": "2024-06-02T00:00:00",
      "quarter_label": "2024-06 (Q2)",
      "revenue": 13970000,
      "gross_profit": 4099000,
      "operating_income": 2082000,
      "net_income": 993000,
      "opex": 2017000,
      "cogs": 9871000,
      "rd": null,
      "sga": 2017000,
      "fcf": -435000,
      "ocf": -423000,
      "capex": -12000,
      "gross_margin": 0.29341445955619183,
      "op_margin": 0.1490336435218325,
      "fcf_margin": -0.03113815318539728,
      "rev_growth_yoy": -0.10166548774998392,
      "rev_growth_yoy_accel": -0.3088347412607009,
      "fcf_margin_change": -0.3452261957985118
    },
    {
      "date": "2024-09-01T00:00:00",
      "quarter_label": "2024-09 (Q3)",
      "revenue": 16709000,
      "gross_profit": 4757000,
      "operating_income": 2617000,
      "net_income": 2066000,
      "opex": 2140000,
      "cogs": 11952000,
      "rd": null,
      "sga": 2140000,
      "fcf": 1252000,
      "ocf": 1446000,
      "capex": -194000,
      "gross_margin": 0.28469686995032617,
      "op_margin": 0.15662217966365433,
      "fcf_margin": 0.07492967861631455,
      "incr_op_margin_yoy": 0.09247871333964049,
      "rev_growth_yoy": 0.3387549074593382,
      "rev_growth_yoy_accel": 0.4404203952093221,
      "op_leverage_ratio": 3.2151142692529286,
      "fcf_margin_change": 0.10606783180171184
    },
    {
      "date": "2024-12-01T00:00:00",
      "quarter_label": "2024-12 (Q4)",
      "revenue": 14408000,
      "gross_profit": 3828000,
      "operating_income": 1846000,
      "net_income": 1577000,
      "opex": 1982000,
      "cogs": 10580000,
      "rd": null,
      "sga": 1982000,
      "fcf": 2673000,
      "ocf": 2725000,
      "capex": -52000,
      "gross_margin": 0.2656857301499167,
      "op_margin": 0.12812326485285952,
      "fcf_margin": 0.18552193225985564,
      "incr_op_margin_yoy": 0.17370892018779344,
      "rev_growth_yoy": 0.2379070366870006,
      "rev_growth_yoy_accel": -0.10084787077233756,
      "fcf_margin_change": 0.11059225364354108
    },
    {
      "date": "2025-03-02T00:00:00",
      "quarter_label": "2025-03 (Q1)",
      "revenue": 16939000,
      "gross_profit": 4958000,
      "operating_income": 2851000,
      "net_income": 1246000,
      "opex": 2107000,
      "cogs": 11981000,
      "rd": null,
      "sga": 2107000,
      "fcf": 338000,
      "ocf": 969000,
      "capex": -631000,
      "gross_margin": 0.29269732569809315,
      "op_margin": 0.16830981758073085,
      "fcf_margin": 0.019953952417498082,
      "rev_growth_yoy": 0.03710279801628605,
      "rev_growth_yoy_accel": -0.20080423867071456,
      "op_leverage_ratio": 2.785364797334814,
      "fcf_margin_change": -0.16556797984235755
    },
    {
      "date": "2025-06-01T00:00:00",
      "quarter_label": "2025-06 (Q2)",
      "revenue": 15400000,
      "gross_profit": 4718000,
      "operating_income": 2419000,
      "net_income": 2080000,
      "opex": 2299000,
      "cogs": 10682000,
      "rd": null,
      "sga": 2299000,
      "fcf": 1109000,
      "ocf": 1590000,
      "capex": -481000,
      "gross_margin": 0.30636363636363634,
      "op_margin": 0.15707792207792207,
      "fcf_margin": 0.07201298701298701,
      "incr_op_margin_yoy": 0.23566433566433567,
      "rev_growth_yoy": 0.10236220472440945,
      "rev_growth_yoy_accel": 0.0652594067081234,
      "fcf_margin_change": 0.05205903459548893
    },
    {
      "date": "2025-08-31T00:00:00",
      "quarter_label": "2025-08 (Q3)",
      "revenue": 16381000,
      "gross_profit": 5116000,
      "operating_income": 2845000,
      "net_income": 2404000,
      "opex": 2271000,
      "cogs": 11265000,
      "rd": null,
      "sga": 2271000,
      "fcf": -2300000,
      "ocf": -2117000,
      "capex": -183000,
      "gross_margin": 0.3123130456016116,
      "op_margin": 0.17367682070691656,
      "fcf_margin": -0.14040656858555645,
      "rev_growth_yoy": -0.01963013944580765,
      "rev_growth_yoy_accel": -0.12199234417021709,
      "op_leverage_ratio": Infinity,
      "fcf_margin_change": -0.21241955559854347
    },
    {
      "date": "2025-11-30T00:00:00",
      "quarter_label": "2025-11 (Q4)",
      "revenue": 17333000,
      "gross_profit": 5903000,
      "operating_income": 3644000,
      "net_income": 2950000,
      "opex": 2259000,
      "cogs": 11430000,
      "rd": null,
      "sga": 2259000,
      "fcf": 4270000,
      "ocf": 5108000,
      "capex": -838000,
      "gross_margin": 0.3405642416200311,
      "op_margin": 0.21023481220792709,
      "fcf_margin": 0.24635089136329544,
      "incr_op_margin_yoy": 0.6147008547008547,
      "rev_growth_yoy": 0.20301221543586895,
      "rev_growth_yoy_accel": 0.2226423548816766,
      "op_leverage_ratio": Infinity,
      "fcf_margin_change": 0.3867574599488519
    }
  ],
  "signals": [
    {
      "quarter": "2025-11 (Q4)",
      "signal": "FCF TURNED POSITIVE",
      "detail": "FCF margin: -14.0% -> +24.6%",
      "severity": "HIGH"
    },
    {
      "quarter": "2025-11 (Q4)",
      "signal": "YoY REVENUE GROWTH ACCELERATION",
      "detail": "YoY growth: +20.3% vs prior quarter YoY: -2.0% (accel: +22.3%)",
      "severity": "HIGH"
    },
    {
      "quarter": "2025-11 (Q4)",
      "signal": "INCREMENTAL MARGIN (YoY)",
      "detail": "YoY Incr OPM: +61.5% vs year-ago OPM: +12.8%",
      "severity": "HIGH"
    },
    {
      "quarter": "2025-08 (Q3)",
      "signal": "YoY REVENUE GROWTH DECELERATION",
      "detail": "YoY growth: -2.0% vs prior quarter YoY: +10.2% (decel: -12.2%)",
      "severity": "WARNING"
    },
    {
      "quarter": "2025-06 (Q2)",
      "signal": "FCF MARGIN EXPANSION",
      "detail": "FCF margin: +2.0% -> +7.2% (+5.2%)",
      "severity": "MEDIUM"
    },
    {
      "quarter": "2025-06 (Q2)",
      "signal": "YoY REVENUE GROWTH ACCELERATION",
      "detail": "YoY growth: +10.2% vs prior quarter YoY: +3.7% (accel: +6.5%)",
      "severity": "MEDIUM"
    },
    {
      "quarter": "2025-03 (Q1)",
      "signal": "OPERATING LEVERAGE",
      "detail": "Rev growth +17.6% vs OpEx growth +6.3% (leverage: 2.8x)",
      "severity": "MEDIUM"
    },
    {
      "quarter": "2025-03 (Q1)",
      "signal": "GROSS MARGIN INFLECTION",
      "detail": "GM: +28.5% -> +26.6% -> +29.3% (reversal +2.7%)",
      "severity": "MEDIUM"
    },
    {
      "quarter": "2025-03 (Q1)",
      "signal": "YoY REVENUE GROWTH DECELERATION",
      "detail": "YoY growth: +3.7% vs prior quarter YoY: +23.8% (decel: -20.1%)",
      "severity": "WARNING"
    },
    {
      "quarter": "2024-12 (Q4)",
      "signal": "FCF MARGIN EXPANSION",
      "detail": "FCF margin: +7.5% -> +18.6% (+11.1%)",
      "severity": "MEDIUM"
    },
    {
      "quarter": "2024-12 (Q4)",
      "signal": "YoY REVENUE GROWTH DECELERATION",
      "detail": "YoY growth: +23.8% vs prior quarter YoY: +33.9% (decel: -10.1%)",
      "severity": "WARNING"
    },
    {
      "quarter": "2024-09 (Q3)",
      "signal": "FCF TURNED POSITIVE",
      "detail": "FCF margin: -3.1% -> +7.5%",
      "severity": "HIGH"
    },
    {
      "quarter": "2024-09 (Q3)",
      "signal": "OPERATING LEVERAGE",
      "detail": "Rev growth +19.6% vs OpEx growth +6.1% (leverage: 3.2x)",
      "severity": "MEDIUM"
    },
    {
      "quarter": "2024-09 (Q3)",
      "signal": "YoY REVENUE GROWTH ACCELERATION",
      "detail": "YoY growth: +33.9% vs prior quarter YoY: -10.2% (accel: +44.0%)",
      "severity": "HIGH"
    },
    {
      "quarter": "2024-06 (Q2)",
      "signal": "YoY REVENUE GROWTH DECELERATION",
      "detail": "YoY growth: -10.2% vs prior quarter YoY: +20.7% (decel: -30.9%)",
      "severity": "WARNING"
    },
    {
      "quarter": "2024-03 (Q1)",
      "signal": "FCF MARGIN EXPANSION",
      "detail": "FCF margin: +14.2% -> +31.4% (+17.2%)",
      "severity": "MEDIUM"
    },
    {
      "quarter": "2024-03 (Q1)",
      "signal": "OPERATING LEVERAGE",
      "detail": "Rev growth +40.3% vs OpEx growth +4.3% (leverage: 9.3x)",
      "severity": "MEDIUM"
    },
    {
      "quarter": "2024-03 (Q1)",
      "signal": "YoY REVENUE GROWTH ACCELERATION",
      "detail": "YoY growth: +20.7% vs prior quarter YoY: -16.1% (accel: +36.8%)",
      "severity": "HIGH"
    },
    {
      "quarter": "2023-11 (Q4)",
      "signal": "FCF TURNED POSITIVE",
      "detail": "FCF margin: -23.8% -> +14.2%",
      "severity": "HIGH"
    },
    {
      "quarter": "2023-11 (Q4)",
      "signal": "YoY REVENUE GROWTH DECELERATION",
      "detail": "YoY growth: -16.1% vs prior quarter YoY: -10.0% (decel: -6.0%)",
      "severity": "WARNING"
    },
    {
      "quarter": "2023-11 (Q4)",
      "signal": "INCREMENTAL MARGIN (YoY)",
      "detail": "YoY Incr OPM: +69.8% vs year-ago OPM: +21.1%",
      "severity": "HIGH"
    },
    {
      "quarter": "2023-08 (Q3)",
      "signal": "YoY REVENUE GROWTH DECELERATION",
      "detail": "YoY growth: -10.0% vs prior quarter YoY: +21.7% (decel: -31.7%)",
      "severity": "WARNING"
    },
    {
      "quarter": "2023-05 (Q2)",
      "signal": "GROSS MARGIN INFLECTION",
      "detail": "GM: +32.0% -> +28.5% -> +31.1% (reversal +2.6%)",
      "severity": "MEDIUM"
    },
    {
      "quarter": "2023-05 (Q2)",
      "signal": "YoY REVENUE GROWTH ACCELERATION",
      "detail": "YoY growth: +21.7% vs prior quarter YoY: +8.2% (accel: +13.4%)",
      "severity": "MEDIUM"
    },
    {
      "quarter": "2023-02 (Q1)",
      "signal": "YoY REVENUE GROWTH ACCELERATION",
      "detail": "YoY growth: +8.2% vs prior quarter YoY: +0.0% (accel: +8.2%)",
      "severity": "MEDIUM"
    },
    {
      "quarter": "2022-11 (Q4)",
      "signal": "FCF TURNED POSITIVE",
      "detail": "FCF margin: -16.6% -> +26.9%",
      "severity": "HIGH"
    },
    {
      "quarter": "2022-11 (Q4)",
      "signal": "GROSS MARGIN INFLECTION",
      "detail": "GM: +32.0% -> +29.4% -> +32.0% (reversal +2.6%)",
      "severity": "MEDIUM"
    },
    {
      "quarter": "2022-08 (Q3)",
      "signal": "YoY REVENUE GROWTH ACCELERATION",
      "detail": "YoY growth: +1.9% vs prior quarter YoY: -6.0% (accel: +7.9%)",
      "severity": "MEDIUM"
    },
    {
      "quarter": "2022-02 (Q1)",
      "signal": "FCF TURNED POSITIVE",
      "detail": "FCF margin: -5.6% -> +33.3%",
      "severity": "HIGH"
    },
    {
      "quarter": "2022-02 (Q1)",
      "signal": "GROSS MARGIN INFLECTION",
      "detail": "GM: +32.4% -> +27.7% -> +33.6% (reversal +5.9%)",
      "severity": "HIGH"
    },
    {
      "quarter": "2021-11 (Q4)",
      "signal": "FCF MARGIN EXPANSION",
      "detail": "FCF margin: -15.5% -> -5.6% (+9.9%)",
      "severity": "MEDIUM"
    }
  ],
  "data_quality": {
    "n_quarters": 20,
    "coverage": {
      "revenue": [
        20,
        20
      ],
      "gross_profit": [
        18,
        20
      ],
      "op_income": [
        18,
        20
      ],
      "fcf": [
        18,
        20
      ]
    },
    "gaps": [],
    "warnings": []
  },
  "market_cap": null,
  "source": "SEC EDGAR",
  "last_updated": "2026-02-02T22:28:02.185045"
}