{
  "ticker": "PKG",
  "name": "PACKAGING CORP OF AMERICA",
  "quarters": [
    {
      "date": "2020-12-31T00:00:00",
      "quarter_label": "2020-12 (Q4)",
      "revenue": 1714200000,
      "gross_profit": 333300000,
      "operating_income": 189300000,
      "net_income": 123500000,
      "opex": 144000000,
      "cogs": 1380900000,
      "rd": null,
      "sga": 130300000,
      "fcf": 103400000,
      "ocf": 271100000,
      "capex": -167700000,
      "gross_margin": 0.1944347217360868,
      "op_margin": 0.1104305215260763,
      "fcf_margin": 0.060319682650799206
    },
    {
      "date": "2021-03-31T00:00:00",
      "quarter_label": "2021-03 (Q1)",
      "revenue": 1807200000,
      "gross_profit": 403700000,
      "operating_income": 238300000,
      "net_income": 166500000,
      "opex": 165400000,
      "cogs": 1403500000,
      "rd": null,
      "sga": 145000000,
      "fcf": 106500000,
      "ocf": 191600000,
      "capex": -85100000,
      "gross_margin": 0.22338424081451969,
      "op_margin": 0.1318614431164232,
      "fcf_margin": 0.058930942895086325,
      "op_leverage_ratio": 0.3650649822210737,
      "fcf_margin_change": -0.001388739755712881
    },
    {
      "date": "2021-06-30T00:00:00",
      "quarter_label": "2021-06 (Q2)",
      "revenue": 1879900000,
      "gross_profit": 448800000,
      "operating_income": 294600000,
      "net_income": 207300000,
      "opex": 154200000,
      "cogs": 1431100000,
      "rd": null,
      "sga": 146300000,
      "fcf": 96800000,
      "ocf": 228200000,
      "capex": -131400000,
      "gross_margin": 0.23873610298420128,
      "op_margin": 0.15671046332251715,
      "fcf_margin": 0.051492100643651256,
      "op_leverage_ratio": Infinity,
      "fcf_margin_change": -0.007438842251435068
    },
    {
      "date": "2021-09-30T00:00:00",
      "quarter_label": "2021-09 (Q3)",
      "revenue": 2000100000,
      "gross_profit": 510700000,
      "operating_income": 352800000,
      "net_income": 250700000,
      "opex": 157900000,
      "cogs": 1489400000,
      "rd": null,
      "sga": 144500000,
      "fcf": 133900000,
      "ocf": 283600000,
      "capex": -149700000,
      "gross_margin": 0.25533723313834306,
      "op_margin": 0.17639118044097796,
      "fcf_margin": 0.06694665266736663,
      "op_leverage_ratio": 2.6647248344147116,
      "fcf_margin_change": 0.015454552023715373
    },
    {
      "date": "2021-12-31T00:00:00",
      "quarter_label": "2021-12 (Q4)",
      "revenue": 2043200000,
      "gross_profit": 509900000,
      "operating_income": 355700000,
      "net_income": 216500000,
      "opex": 154200000,
      "cogs": 1533300000,
      "rd": null,
      "sga": 141100000,
      "fcf": 151800000,
      "ocf": 390700000,
      "capex": -238900000,
      "gross_margin": 0.24955951448707908,
      "op_margin": 0.17408966327329678,
      "fcf_margin": 0.07429522317932655,
      "incr_op_margin_yoy": 0.505775075987842,
      "rev_growth_yoy": 0.19192626297981566,
      "op_leverage_ratio": Infinity,
      "fcf_margin_change": 0.007348570511959918
    },
    {
      "date": "2022-03-31T00:00:00",
      "quarter_label": "2022-03 (Q1)",
      "revenue": 2136400000,
      "gross_profit": 533200000,
      "operating_income": 356500000,
      "net_income": 254200000,
      "opex": 176700000,
      "cogs": 1603200000,
      "rd": null,
      "sga": 161100000,
      "fcf": 112100000,
      "ocf": 325300000,
      "capex": -213200000,
      "gross_margin": 0.24957873057479874,
      "op_margin": 0.16686950009361542,
      "fcf_margin": 0.05247144729451413,
      "incr_op_margin_yoy": 0.35905224787363305,
      "rev_growth_yoy": 0.18216024789729968,
      "rev_growth_yoy_accel": -0.009766015082515983,
      "op_leverage_ratio": 0.3126128948055338,
      "fcf_margin_change": -0.021823775884812414
    },
    {
      "date": "2022-06-30T00:00:00",
      "quarter_label": "2022-06 (Q2)",
      "revenue": 2237300000,
      "gross_profit": 588800000,
      "operating_income": 415800000,
      "net_income": 301500000,
      "opex": 173000000,
      "cogs": 1648500000,
      "rd": null,
      "sga": 156700000,
      "fcf": 134700000,
      "ocf": 319000000,
      "capex": -184300000,
      "gross_margin": 0.2631743619541412,
      "op_margin": 0.18584901443704466,
      "fcf_margin": 0.06020649890493005,
      "incr_op_margin_yoy": 0.3391158365976497,
      "rev_growth_yoy": 0.19011649555827437,
      "rev_growth_yoy_accel": 0.007956247660974691,
      "op_leverage_ratio": Infinity,
      "fcf_margin_change": 0.007735051610415919
    },
    {
      "date": "2022-09-30T00:00:00",
      "quarter_label": "2022-09 (Q3)",
      "revenue": 2125900000,
      "gross_profit": 518400000,
      "operating_income": 360300000,
      "net_income": 262500000,
      "opex": 158100000,
      "cogs": 1607500000,
      "rd": null,
      "sga": 145200000,
      "fcf": 251000000,
      "ocf": 430600000,
      "capex": -179600000,
      "gross_margin": 0.24384966367185662,
      "op_margin": 0.16948116092008092,
      "fcf_margin": 0.11806764193988428,
      "incr_op_margin_yoy": 0.05961844197138315,
      "rev_growth_yoy": 0.06289685515724214,
      "rev_growth_yoy_accel": -0.12721964040103223,
      "fcf_margin_change": 0.05786114303495423
    },
    {
      "date": "2022-12-31T00:00:00",
      "quarter_label": "2022-12 (Q4)",
      "revenue": 1978400000,
      "gross_profit": 450300000,
      "operating_income": 288000000,
      "net_income": 211600000,
      "opex": 162300000,
      "cogs": 1528100000,
      "rd": null,
      "sga": 145700000,
      "fcf": 173000000,
      "ocf": 420100000,
      "capex": -247100000,
      "gross_margin": 0.2276081682167408,
      "op_margin": 0.14557217953902143,
      "fcf_margin": 0.08744439951475941,
      "incr_op_margin_yoy": 1.0447530864197532,
      "rev_growth_yoy": -0.031714956930305405,
      "rev_growth_yoy_accel": -0.09461181208754754,
      "fcf_margin_change": -0.030623242425124875
    },
    {
      "date": "2023-03-31T00:00:00",
      "quarter_label": "2023-03 (Q1)",
      "revenue": 1976300000,
      "gross_profit": 431400000,
      "operating_income": 270700000,
      "net_income": 190100000,
      "opex": 160700000,
      "cogs": 1544900000,
      "rd": null,
      "sga": 148200000,
      "fcf": 168000000,
      "ocf": 280400000,
      "capex": -112400000,
      "gross_margin": 0.21828669736376055,
      "op_margin": 0.13697313160957345,
      "fcf_margin": 0.08500733694277185,
      "incr_op_margin_yoy": 0.5359150530918176,
      "rev_growth_yoy": -0.07493914997191538,
      "rev_growth_yoy_accel": -0.04322419304160997,
      "fcf_margin_change": -0.0024370625719875583
    },
    {
      "date": "2023-06-30T00:00:00",
      "quarter_label": "2023-06 (Q2)",
      "revenue": 1952100000,
      "gross_profit": 444700000,
      "operating_income": 284400000,
      "net_income": 202700000,
      "opex": 160300000,
      "cogs": 1507400000,
      "rd": null,
      "sga": 145600000,
      "fcf": 233500000,
      "ocf": 359900000,
      "capex": -126400000,
      "gross_margin": 0.22780595256390554,
      "op_margin": 0.14568925772245275,
      "fcf_margin": 0.11961477383330772,
      "incr_op_margin_yoy": 0.46072931276297335,
      "rev_growth_yoy": -0.1274750815715371,
      "rev_growth_yoy_accel": -0.052535931599621735,
      "fcf_margin_change": 0.03460743689053587
    },
    {
      "date": "2023-09-30T00:00:00",
      "quarter_label": "2023-09 (Q3)",
      "revenue": 1936000000,
      "gross_profit": 412700000,
      "operating_income": 258600000,
      "net_income": 183200000,
      "opex": 154100000,
      "cogs": 1523300000,
      "rd": null,
      "sga": 144200000,
      "fcf": 249700000,
      "ocf": 339500000,
      "capex": -89800000,
      "gross_margin": 0.2131714876033058,
      "op_margin": 0.13357438016528925,
      "fcf_margin": 0.12897727272727272,
      "incr_op_margin_yoy": 0.5355450236966824,
      "rev_growth_yoy": -0.08932687332423915,
      "rev_growth_yoy_accel": 0.03814820824729796,
      "fcf_margin_change": 0.009362498893964996
    },
    {
      "date": "2023-12-31T00:00:00",
      "quarter_label": "2023-12 (Q4)",
      "revenue": 1937900000,
      "gross_profit": 410100000,
      "operating_income": 261500000,
      "net_income": 189200000,
      "opex": 148600000,
      "cogs": 1527800000,
      "rd": null,
      "sga": 142800000,
      "fcf": 194200000,
      "ocf": 335300000,
      "capex": -141100000,
      "gross_margin": 0.21162082666804272,
      "op_margin": 0.13493988337891533,
      "fcf_margin": 0.10021156922441818,
      "incr_op_margin_yoy": 0.654320987654321,
      "rev_growth_yoy": -0.02047108774767489,
      "rev_growth_yoy_accel": 0.06885578557656426,
      "fcf_margin_change": -0.02876570350285454
    },
    {
      "date": "2024-03-31T00:00:00",
      "quarter_label": "2024-03 (Q1)",
      "revenue": 1979500000,
      "gross_profit": 370400000,
      "operating_income": 196000000,
      "net_income": 146900000,
      "opex": 174400000,
      "cogs": 1609100000,
      "rd": null,
      "sga": 151900000,
      "fcf": 183700000,
      "ocf": 260400000,
      "capex": -76700000,
      "gross_margin": 0.1871179590805759,
      "op_margin": 0.09901490275322052,
      "fcf_margin": 0.09280121242738065,
      "incr_op_margin_yoy": -23.34375,
      "rev_growth_yoy": 0.0016191873703385114,
      "rev_growth_yoy_accel": 0.0220902751180134,
      "op_leverage_ratio": 0.1236405907297558,
      "fcf_margin_change": -0.007410356797037526
    },
    {
      "date": "2024-06-30T00:00:00",
      "quarter_label": "2024-06 (Q2)",
      "revenue": 2075300000,
      "gross_profit": 437700000,
      "operating_income": 276000000,
      "net_income": 198900000,
      "opex": 161700000,
      "cogs": 1637600000,
      "rd": null,
      "sga": 149500000,
      "fcf": 33300000,
      "ocf": 278300000,
      "capex": -245000000,
      "gross_margin": 0.21090926613019803,
      "op_margin": 0.13299282031513515,
      "fcf_margin": 0.01604587288584783,
      "incr_op_margin_yoy": -0.06818181818181818,
      "rev_growth_yoy": 0.06311152092618207,
      "rev_growth_yoy_accel": 0.061492333555843555,
      "op_leverage_ratio": Infinity,
      "fcf_margin_change": -0.07675533954153282
    },
    {
      "date": "2024-09-30T00:00:00",
      "quarter_label": "2024-09 (Q3)",
      "revenue": 2182400000,
      "gross_profit": 505200000,
      "operating_income": 327100000,
      "net_income": 238100000,
      "opex": 178100000,
      "cogs": 1677200000,
      "rd": null,
      "sga": 162000000,
      "fcf": 180400000,
      "ocf": 327100000,
      "capex": -146700000,
      "gross_margin": 0.2314882697947214,
      "op_margin": 0.1498808651026393,
      "fcf_margin": 0.08266129032258064,
      "incr_op_margin_yoy": 0.2780032467532468,
      "rev_growth_yoy": 0.12727272727272726,
      "rev_growth_yoy_accel": 0.0641612063465452,
      "op_leverage_ratio": 0.5088323991947095,
      "fcf_margin_change": 0.06661541743673281
    },
    {
      "date": "2024-12-31T00:00:00",
      "quarter_label": "2024-12 (Q4)",
      "revenue": 2146100000,
      "gross_profit": 469700000,
      "operating_income": 302200000,
      "net_income": 221100000,
      "opex": 167500000,
      "cogs": 1676400000,
      "rd": null,
      "sga": 147000000,
      "fcf": 124100000,
      "ocf": 325400000,
      "capex": -201300000,
      "gross_margin": 0.21886212198872373,
      "op_margin": 0.1408135687992172,
      "fcf_margin": 0.05782582358697171,
      "incr_op_margin_yoy": 0.19548511047070125,
      "rev_growth_yoy": 0.10743588420455132,
      "rev_growth_yoy_accel": -0.019836843068175944,
      "fcf_margin_change": -0.02483546673560893
    },
    {
      "date": "2025-03-31T00:00:00",
      "quarter_label": "2025-03 (Q1)",
      "revenue": 2141000000,
      "gross_profit": 454700000,
      "operating_income": 280300000,
      "net_income": 203800000,
      "opex": 174400000,
      "cogs": 1686300000,
      "rd": null,
      "sga": 161400000,
      "fcf": 191000000,
      "ocf": 339100000,
      "capex": -148100000,
      "gross_margin": 0.2123773937412424,
      "op_margin": 0.13092013078000933,
      "fcf_margin": 0.08921064922933208,
      "incr_op_margin_yoy": 0.5219814241486068,
      "rev_growth_yoy": 0.08158625915635262,
      "rev_growth_yoy_accel": -0.025849625048198696,
      "fcf_margin_change": 0.03138482564236037
    },
    {
      "date": "2025-06-30T00:00:00",
      "quarter_label": "2025-06 (Q2)",
      "revenue": 2171300000,
      "gross_profit": 483000000,
      "operating_income": 333700000,
      "net_income": 241500000,
      "opex": 149300000,
      "cogs": 1688300000,
      "rd": null,
      "sga": 153200000,
      "fcf": 129900000,
      "ocf": 299600000,
      "capex": -169700000,
      "gross_margin": 0.22244738175286694,
      "op_margin": 0.15368673145120434,
      "fcf_margin": 0.05982591074471515,
      "incr_op_margin_yoy": 0.6010416666666667,
      "rev_growth_yoy": 0.04625837228352527,
      "rev_growth_yoy_accel": -0.03532788687282735,
      "op_leverage_ratio": Infinity,
      "fcf_margin_change": -0.029384738484616937
    },
    {
      "date": "2025-09-30T00:00:00",
      "quarter_label": "2025-09 (Q3)",
      "revenue": 2313400000,
      "gross_profit": 504300000,
      "operating_income": 324500000,
      "net_income": 226900000,
      "opex": 179800000,
      "cogs": 1809100000,
      "rd": null,
      "sga": 154300000,
      "fcf": 280100000,
      "ocf": 472200000,
      "capex": -192100000,
      "gross_margin": 0.21799083599896257,
      "op_margin": 0.14026973286072447,
      "fcf_margin": 0.12107720238609838,
      "incr_op_margin_yoy": -0.01984732824427481,
      "rev_growth_yoy": 0.06002565982404692,
      "rev_growth_yoy_accel": 0.013767287540521651,
      "op_leverage_ratio": 0.3203569969792215,
      "fcf_margin_change": 0.06125129164138324
    }
  ],
  "signals": [
    {
      "quarter": "2025-09 (Q3)",
      "signal": "FCF MARGIN EXPANSION",
      "detail": "FCF margin: +6.0% -> +12.1% (+6.1%)",
      "severity": "MEDIUM"
    },
    {
      "quarter": "2025-06 (Q2)",
      "signal": "INCREMENTAL MARGIN (YoY)",
      "detail": "YoY Incr OPM: +60.1% vs year-ago OPM: +13.3%",
      "severity": "HIGH"
    },
    {
      "quarter": "2025-03 (Q1)",
      "signal": "INCREMENTAL MARGIN (YoY)",
      "detail": "YoY Incr OPM: +52.2% vs year-ago OPM: +9.9%",
      "severity": "HIGH"
    },
    {
      "quarter": "2024-09 (Q3)",
      "signal": "FCF MARGIN EXPANSION",
      "detail": "FCF margin: +1.6% -> +8.3% (+6.7%)",
      "severity": "MEDIUM"
    },
    {
      "quarter": "2024-09 (Q3)",
      "signal": "YoY REVENUE GROWTH ACCELERATION",
      "detail": "YoY growth: +12.7% vs prior quarter YoY: +6.3% (accel: +6.4%)",
      "severity": "MEDIUM"
    },
    {
      "quarter": "2024-09 (Q3)",
      "signal": "INCREMENTAL MARGIN (YoY)",
      "detail": "YoY Incr OPM: +27.8% vs year-ago OPM: +13.4%",
      "severity": "MEDIUM"
    },
    {
      "quarter": "2024-06 (Q2)",
      "signal": "GROSS MARGIN INFLECTION",
      "detail": "GM: +21.2% -> +18.7% -> +21.1% (reversal +2.4%)",
      "severity": "MEDIUM"
    },
    {
      "quarter": "2024-06 (Q2)",
      "signal": "YoY REVENUE GROWTH ACCELERATION",
      "detail": "YoY growth: +6.3% vs prior quarter YoY: +0.2% (accel: +6.1%)",
      "severity": "MEDIUM"
    },
    {
      "quarter": "2023-12 (Q4)",
      "signal": "YoY REVENUE GROWTH ACCELERATION",
      "detail": "YoY growth: -2.0% vs prior quarter YoY: -8.9% (accel: +6.9%)",
      "severity": "MEDIUM"
    },
    {
      "quarter": "2023-12 (Q4)",
      "signal": "INCREMENTAL MARGIN (YoY)",
      "detail": "YoY Incr OPM: +65.4% vs year-ago OPM: +14.6%",
      "severity": "HIGH"
    },
    {
      "quarter": "2023-09 (Q3)",
      "signal": "INCREMENTAL MARGIN (YoY)",
      "detail": "YoY Incr OPM: +53.6% vs year-ago OPM: +16.9%",
      "severity": "HIGH"
    },
    {
      "quarter": "2023-06 (Q2)",
      "signal": "YoY REVENUE GROWTH DECELERATION",
      "detail": "YoY growth: -12.7% vs prior quarter YoY: -7.5% (decel: -5.3%)",
      "severity": "WARNING"
    },
    {
      "quarter": "2023-06 (Q2)",
      "signal": "INCREMENTAL MARGIN (YoY)",
      "detail": "YoY Incr OPM: +46.1% vs year-ago OPM: +18.6%",
      "severity": "HIGH"
    },
    {
      "quarter": "2023-03 (Q1)",
      "signal": "INCREMENTAL MARGIN (YoY)",
      "detail": "YoY Incr OPM: +53.6% vs year-ago OPM: +16.7%",
      "severity": "HIGH"
    },
    {
      "quarter": "2022-12 (Q4)",
      "signal": "YoY REVENUE GROWTH DECELERATION",
      "detail": "YoY growth: -3.2% vs prior quarter YoY: +6.3% (decel: -9.5%)",
      "severity": "WARNING"
    },
    {
      "quarter": "2022-12 (Q4)",
      "signal": "INCREMENTAL MARGIN (YoY)",
      "detail": "YoY Incr OPM: +104.5% vs year-ago OPM: +17.4%",
      "severity": "HIGH"
    },
    {
      "quarter": "2022-09 (Q3)",
      "signal": "FCF MARGIN EXPANSION",
      "detail": "FCF margin: +6.0% -> +11.8% (+5.8%)",
      "severity": "MEDIUM"
    },
    {
      "quarter": "2022-09 (Q3)",
      "signal": "YoY REVENUE GROWTH DECELERATION",
      "detail": "YoY growth: +6.3% vs prior quarter YoY: +19.0% (decel: -12.7%)",
      "severity": "WARNING"
    },
    {
      "quarter": "2022-06 (Q2)",
      "signal": "INCREMENTAL MARGIN (YoY)",
      "detail": "YoY Incr OPM: +33.9% vs year-ago OPM: +15.7%",
      "severity": "MEDIUM"
    },
    {
      "quarter": "2022-03 (Q1)",
      "signal": "INCREMENTAL MARGIN (YoY)",
      "detail": "YoY Incr OPM: +35.9% vs year-ago OPM: +13.2%",
      "severity": "HIGH"
    },
    {
      "quarter": "2021-12 (Q4)",
      "signal": "INCREMENTAL MARGIN (YoY)",
      "detail": "YoY Incr OPM: +50.6% vs year-ago OPM: +11.0%",
      "severity": "HIGH"
    },
    {
      "quarter": "2021-09 (Q3)",
      "signal": "OPERATING LEVERAGE",
      "detail": "Rev growth +6.4% vs OpEx growth +2.4% (leverage: 2.7x)",
      "severity": "MEDIUM"
    }
  ],
  "data_quality": {
    "n_quarters": 20,
    "coverage": {
      "revenue": [
        20,
        20
      ],
      "gross_profit": [
        20,
        20
      ],
      "op_income": [
        20,
        20
      ],
      "fcf": [
        20,
        20
      ]
    },
    "gaps": [],
    "warnings": []
  },
  "market_cap": null,
  "source": "SEC EDGAR",
  "last_updated": "2026-02-02T20:18:33.251560"
}