{
  "ticker": "PL-WT",
  "name": "Planet Labs PBC",
  "quarters": [
    {
      "date": "2021-04-30T00:00:00",
      "quarter_label": "2021-04 (Q2)",
      "revenue": 31957000,
      "gross_profit": 12831000,
      "operating_income": null,
      "net_income": null,
      "opex": 31098000,
      "cogs": 19126000,
      "rd": 12130000,
      "sga": null,
      "fcf": null,
      "ocf": null,
      "capex": -1847000,
      "gross_margin": 0.4015082767468786,
      "op_margin": null,
      "fcf_margin": null
    },
    {
      "date": "2021-07-31T00:00:00",
      "quarter_label": "2021-07 (Q3)",
      "revenue": 30406000,
      "gross_profit": 10586000,
      "operating_income": -24267000,
      "net_income": -20363000,
      "opex": 34853000,
      "cogs": 19820000,
      "rd": 12432000,
      "sga": null,
      "fcf": -14338000,
      "ocf": -12185000,
      "capex": -2153000,
      "gross_margin": 0.3481549694139315,
      "op_margin": -0.7980990593961718,
      "fcf_margin": -0.4715516674340591
    },
    {
      "date": "2021-10-31T00:00:00",
      "quarter_label": "2021-10 (Q4)",
      "revenue": 31700000,
      "gross_profit": 10889000,
      "operating_income": -28311000,
      "net_income": -41541000,
      "opex": 39200000,
      "cogs": 20811000,
      "rd": 14959000,
      "sga": null,
      "fcf": -14764000,
      "ocf": -12713000,
      "capex": -2051000,
      "gross_margin": 0.34350157728706626,
      "op_margin": -0.8930914826498423,
      "fcf_margin": -0.4657413249211356,
      "op_leverage_ratio": 0.34121295451582095,
      "fcf_margin_change": 0.00581034251292345
    },
    {
      "date": "2022-01-31T00:00:00",
      "quarter_label": "2022-01 (Q1)",
      "revenue": 37146000,
      "gross_profit": 13916000,
      "operating_income": -57206000,
      "net_income": -45965000,
      "opex": 71122000,
      "cogs": 23230000,
      "rd": 27163000,
      "sga": null,
      "fcf": -25457000,
      "ocf": -21195000,
      "capex": -4262000,
      "gross_margin": 0.3746298390136219,
      "op_margin": -1.540031228126851,
      "fcf_margin": -0.6853227803801217,
      "op_leverage_ratio": 0.21096691323903274,
      "fcf_margin_change": -0.2195814554589861
    },
    {
      "date": "2022-04-30T00:00:00",
      "quarter_label": "2022-04 (Q2)",
      "revenue": 40127000,
      "gross_profit": 16499000,
      "operating_income": -47714000,
      "net_income": -44360000,
      "opex": 64213000,
      "cogs": 23628000,
      "rd": 24750000,
      "sga": null,
      "fcf": -9395000,
      "ocf": -6534000,
      "capex": -2861000,
      "gross_margin": 0.4111695367209111,
      "op_margin": -1.1890746878660254,
      "fcf_margin": -0.23413163206818352,
      "rev_growth_yoy": 0.2556560378007948,
      "op_leverage_ratio": Infinity,
      "fcf_margin_change": 0.4511911483119382
    },
    {
      "date": "2022-07-31T00:00:00",
      "quarter_label": "2022-07 (Q3)",
      "revenue": 48450000,
      "gross_profit": 23473000,
      "operating_income": -42640000,
      "net_income": -39529000,
      "opex": 66113000,
      "cogs": 24977000,
      "rd": 26737000,
      "sga": null,
      "fcf": -25918000,
      "ocf": -22270000,
      "capex": -3648000,
      "gross_margin": 0.48447884416924664,
      "op_margin": -0.8800825593395253,
      "fcf_margin": -0.5349432404540764,
      "incr_op_margin_yoy": -1.0182332077144758,
      "rev_growth_yoy": 0.593435506150102,
      "rev_growth_yoy_accel": 0.33777946834930717,
      "op_leverage_ratio": 7.009911937493197,
      "fcf_margin_change": -0.3008116083858928
    },
    {
      "date": "2022-10-31T00:00:00",
      "quarter_label": "2022-10 (Q4)",
      "revenue": 49704000,
      "gross_profit": 24976000,
      "operating_income": -42632000,
      "net_income": -40236000,
      "opex": 67608000,
      "cogs": 24728000,
      "rd": 27598000,
      "sga": null,
      "fcf": -32813000,
      "ocf": -30314000,
      "capex": -2499000,
      "gross_margin": 0.5024947690326734,
      "op_margin": -0.8577176887172059,
      "fcf_margin": -0.6601681957186545,
      "incr_op_margin_yoy": -0.7954343479226839,
      "rev_growth_yoy": 0.5679495268138801,
      "rev_growth_yoy_accel": -0.025485979336221876,
      "op_leverage_ratio": 1.1445886287625417,
      "fcf_margin_change": -0.1252249552645781
    },
    {
      "date": "2023-01-31T00:00:00",
      "quarter_label": "2023-01 (Q1)",
      "revenue": 52975000,
      "gross_profit": 29060000,
      "operating_income": -42689000,
      "net_income": -37841000,
      "opex": 71749000,
      "cogs": 23915000,
      "rd": 31831000,
      "sga": null,
      "fcf": -16247000,
      "ocf": -14815000,
      "capex": -1432000,
      "gross_margin": 0.5485606418121756,
      "op_margin": -0.8058329400660689,
      "fcf_margin": -0.30669183577159037,
      "incr_op_margin_yoy": 0.9171141575589109,
      "rev_growth_yoy": 0.42612932751844074,
      "rev_growth_yoy_accel": -0.14182019929543938,
      "op_leverage_ratio": 1.0744397366094796,
      "fcf_margin_change": 0.3534763599470641
    },
    {
      "date": "2023-04-30T00:00:00",
      "quarter_label": "2023-04 (Q2)",
      "revenue": 52703000,
      "gross_profit": 28147000,
      "operating_income": -44692000,
      "net_income": -34444000,
      "opex": 72839000,
      "cogs": 24556000,
      "rd": 28186000,
      "sga": null,
      "fcf": -36937000,
      "ocf": -30601000,
      "capex": -6336000,
      "gross_margin": 0.5340682693584805,
      "op_margin": -0.8479972677077207,
      "fcf_margin": -0.7008519439121113,
      "incr_op_margin_yoy": 0.24029898218829515,
      "rev_growth_yoy": 0.3134049393176664,
      "rev_growth_yoy_accel": -0.11272438820077435,
      "fcf_margin_change": -0.3941601081405209
    },
    {
      "date": "2023-07-31T00:00:00",
      "quarter_label": "2023-07 (Q3)",
      "revenue": 53761000,
      "gross_profit": 26292000,
      "operating_income": -43280000,
      "net_income": -37975000,
      "opex": 69572000,
      "cogs": 27469000,
      "rd": 26741000,
      "sga": null,
      "fcf": -5776000,
      "ocf": 9597000,
      "capex": -15373000,
      "gross_margin": 0.4890534030244973,
      "op_margin": -0.8050445490225256,
      "fcf_margin": -0.10743847770688789,
      "incr_op_margin_yoy": -0.12050461306721898,
      "rev_growth_yoy": 0.10961816305469556,
      "rev_growth_yoy_accel": -0.20378677626297081,
      "op_leverage_ratio": Infinity,
      "fcf_margin_change": 0.5934134662052234
    },
    {
      "date": "2023-10-31T00:00:00",
      "quarter_label": "2023-10 (Q4)",
      "revenue": 55380000,
      "gross_profit": 26030000,
      "operating_income": -47858000,
      "net_income": -38004000,
      "opex": 73888000,
      "cogs": 29350000,
      "rd": 33002000,
      "sga": null,
      "fcf": -30247000,
      "ocf": -22870000,
      "capex": -7377000,
      "gross_margin": 0.4700252798844348,
      "op_margin": -0.8641747923438065,
      "fcf_margin": -0.5461719032141568,
      "incr_op_margin_yoy": -0.9207188160676533,
      "rev_growth_yoy": 0.11419604056011588,
      "rev_growth_yoy_accel": 0.004577877505420325,
      "op_leverage_ratio": 0.4854366506867771,
      "fcf_margin_change": -0.4387334255072689
    },
    {
      "date": "2024-01-31T00:00:00",
      "quarter_label": "2024-01 (Q1)",
      "revenue": 58852000,
      "gross_profit": 32481000,
      "operating_income": -33918000,
      "net_income": -30086000,
      "opex": 66399000,
      "cogs": 26371000,
      "rd": 28410000,
      "sga": null,
      "fcf": -15742000,
      "ocf": -6837000,
      "capex": -8905000,
      "gross_margin": 0.5519098756201998,
      "op_margin": -0.5763270577040712,
      "fcf_margin": -0.2674845374838578,
      "incr_op_margin_yoy": 1.4924281095797176,
      "rev_growth_yoy": 0.11093912222746578,
      "rev_growth_yoy_accel": -0.0032569183326500994,
      "op_leverage_ratio": Infinity,
      "fcf_margin_change": 0.27868736573029895
    },
    {
      "date": "2024-04-30T00:00:00",
      "quarter_label": "2024-04 (Q2)",
      "revenue": 60440000,
      "gross_profit": 31683000,
      "operating_income": -34571000,
      "net_income": -29293000,
      "opex": 66254000,
      "cogs": 28757000,
      "rd": 25589000,
      "sga": null,
      "fcf": -14235000,
      "ocf": -4297000,
      "capex": -9938000,
      "gross_margin": 0.5242058239576439,
      "op_margin": -0.5719887491727332,
      "fcf_margin": -0.23552283256121773,
      "incr_op_margin_yoy": 1.3081297660591962,
      "rev_growth_yoy": 0.14680378726068724,
      "rev_growth_yoy_accel": 0.03586466503322146,
      "op_leverage_ratio": Infinity,
      "fcf_margin_change": 0.03196170492264008
    },
    {
      "date": "2024-07-31T00:00:00",
      "quarter_label": "2024-07 (Q3)",
      "revenue": 61092000,
      "gross_profit": 32310000,
      "operating_income": -39577000,
      "net_income": -38668000,
      "opex": 71887000,
      "cogs": 28782000,
      "rd": 27250000,
      "sga": null,
      "fcf": -22981000,
      "ocf": -7858000,
      "capex": -15123000,
      "gross_margin": 0.5288744843842075,
      "op_margin": -0.6478262292935245,
      "fcf_margin": -0.37617036600536896,
      "incr_op_margin_yoy": 0.5051152639476197,
      "rev_growth_yoy": 0.13636279087070552,
      "rev_growth_yoy_accel": -0.010440996389981722,
      "op_leverage_ratio": 0.126880678445057,
      "fcf_margin_change": -0.14064753344415123
    },
    {
      "date": "2024-10-31T00:00:00",
      "quarter_label": "2024-10 (Q4)",
      "revenue": 61266000,
      "gross_profit": 37517000,
      "operating_income": -22608000,
      "net_income": -20081000,
      "opex": 60125000,
      "cogs": 23749000,
      "rd": 25216000,
      "sga": null,
      "fcf": -3557000,
      "ocf": 4076000,
      "capex": -7633000,
      "gross_margin": 0.6123624849019031,
      "op_margin": -0.36901380863774363,
      "fcf_margin": -0.05805830313713969,
      "incr_op_margin_yoy": 4.289840299014611,
      "rev_growth_yoy": 0.10628385698808233,
      "rev_growth_yoy_accel": -0.030078933882623185,
      "fcf_margin_change": 0.3181120628682293
    },
    {
      "date": "2025-01-31T00:00:00",
      "quarter_label": "2025-01 (Q1)",
      "revenue": 61554000,
      "gross_profit": 38215000,
      "operating_income": -19366000,
      "net_income": -35154000,
      "opex": 57581000,
      "cogs": 23339000,
      "rd": 22951000,
      "sga": null,
      "fcf": -17898000,
      "ocf": -6295000,
      "capex": -11603000,
      "gross_margin": 0.6208369886603633,
      "op_margin": -0.31461805894011763,
      "fcf_margin": -0.2907690808070962,
      "incr_op_margin_yoy": 5.385640266469282,
      "rev_growth_yoy": 0.04591177869910963,
      "rev_growth_yoy_accel": -0.0603720782889727,
      "fcf_margin_change": -0.2327107776699565
    },
    {
      "date": "2025-04-30T00:00:00",
      "quarter_label": "2025-04 (Q2)",
      "revenue": 66265000,
      "gross_profit": 36603000,
      "operating_income": -22771000,
      "net_income": -12628000,
      "opex": 59374000,
      "cogs": 29662000,
      "rd": 23074000,
      "sga": null,
      "fcf": 9227000,
      "ocf": 17346000,
      "capex": -8119000,
      "gross_margin": 0.5523730476118615,
      "op_margin": -0.3436354033049121,
      "fcf_margin": 0.13924394476722252,
      "incr_op_margin_yoy": 2.0257510729613735,
      "rev_growth_yoy": 0.0963765718067505,
      "rev_growth_yoy_accel": 0.05046479310764086,
      "op_leverage_ratio": 2.457852052005502,
      "fcf_margin_change": 0.4300130255743187
    },
    {
      "date": "2025-07-31T00:00:00",
      "quarter_label": "2025-07 (Q3)",
      "revenue": 73386000,
      "gross_profit": 42268000,
      "operating_income": -17960000,
      "net_income": -22592000,
      "opex": 60228000,
      "cogs": 31118000,
      "rd": 24155000,
      "sga": null,
      "fcf": 47483000,
      "ocf": 67774000,
      "capex": -20291000,
      "gross_margin": 0.5759681683154825,
      "op_margin": -0.2447333278827024,
      "fcf_margin": 0.6470307688114899,
      "incr_op_margin_yoy": 1.7583374003578982,
      "rev_growth_yoy": 0.20123747790218033,
      "rev_growth_yoy_accel": 0.10486090609542983,
      "op_leverage_ratio": 7.471283581941856,
      "fcf_margin_change": 0.5077868240442673
    },
    {
      "date": "2025-10-31T00:00:00",
      "quarter_label": "2025-10 (Q4)",
      "revenue": 81254000,
      "gross_profit": 46584000,
      "operating_income": -18340000,
      "net_income": -59185000,
      "opex": 64924000,
      "cogs": 34670000,
      "rd": 27327000,
      "sga": null,
      "fcf": 1889000,
      "ocf": 28593000,
      "capex": -26704000,
      "gross_margin": 0.5733133138060895,
      "op_margin": -0.22571196494941786,
      "fcf_margin": 0.023248086248061635,
      "incr_op_margin_yoy": 0.21352811687012208,
      "rev_growth_yoy": 0.32624946952632783,
      "rev_growth_yoy_accel": 0.1250119916241475,
      "op_leverage_ratio": 1.3750594915007066,
      "fcf_margin_change": -0.6237826825634283
    }
  ],
  "signals": [
    {
      "quarter": "2025-10 (Q4)",
      "signal": "YoY REVENUE GROWTH ACCELERATION",
      "detail": "YoY growth: +32.6% vs prior quarter YoY: +20.1% (accel: +12.5%)",
      "severity": "MEDIUM"
    },
    {
      "quarter": "2025-07 (Q3)",
      "signal": "FCF MARGIN EXPANSION",
      "detail": "FCF margin: +13.9% -> +64.7% (+50.8%)",
      "severity": "MEDIUM"
    },
    {
      "quarter": "2025-07 (Q3)",
      "signal": "OPERATING LEVERAGE",
      "detail": "Rev growth +10.7% vs OpEx growth +1.4% (leverage: 7.5x)",
      "severity": "MEDIUM"
    },
    {
      "quarter": "2025-07 (Q3)",
      "signal": "GROSS MARGIN INFLECTION",
      "detail": "GM: +62.1% -> +55.2% -> +57.6% (reversal +2.4%)",
      "severity": "MEDIUM"
    },
    {
      "quarter": "2025-07 (Q3)",
      "signal": "YoY REVENUE GROWTH ACCELERATION",
      "detail": "YoY growth: +20.1% vs prior quarter YoY: +9.6% (accel: +10.5%)",
      "severity": "MEDIUM"
    },
    {
      "quarter": "2025-04 (Q2)",
      "signal": "FCF TURNED POSITIVE",
      "detail": "FCF margin: -29.1% -> +13.9%",
      "severity": "HIGH"
    },
    {
      "quarter": "2025-04 (Q2)",
      "signal": "OPERATING LEVERAGE",
      "detail": "Rev growth +7.7% vs OpEx growth +3.1% (leverage: 2.5x)",
      "severity": "MEDIUM"
    },
    {
      "quarter": "2025-04 (Q2)",
      "signal": "YoY REVENUE GROWTH ACCELERATION",
      "detail": "YoY growth: +9.6% vs prior quarter YoY: +4.6% (accel: +5.0%)",
      "severity": "MEDIUM"
    },
    {
      "quarter": "2025-01 (Q1)",
      "signal": "YoY REVENUE GROWTH DECELERATION",
      "detail": "YoY growth: +4.6% vs prior quarter YoY: +10.6% (decel: -6.0%)",
      "severity": "WARNING"
    },
    {
      "quarter": "2024-10 (Q4)",
      "signal": "FCF MARGIN EXPANSION",
      "detail": "FCF margin: -37.6% -> -5.8% (+31.8%)",
      "severity": "MEDIUM"
    },
    {
      "quarter": "2024-01 (Q1)",
      "signal": "FCF MARGIN EXPANSION",
      "detail": "FCF margin: -54.6% -> -26.7% (+27.9%)",
      "severity": "MEDIUM"
    },
    {
      "quarter": "2024-01 (Q1)",
      "signal": "GROSS MARGIN INFLECTION",
      "detail": "GM: +48.9% -> +47.0% -> +55.2% (reversal +8.2%)",
      "severity": "HIGH"
    },
    {
      "quarter": "2023-07 (Q3)",
      "signal": "FCF MARGIN EXPANSION",
      "detail": "FCF margin: -70.1% -> -10.7% (+59.3%)",
      "severity": "MEDIUM"
    },
    {
      "quarter": "2023-07 (Q3)",
      "signal": "YoY REVENUE GROWTH DECELERATION",
      "detail": "YoY growth: +11.0% vs prior quarter YoY: +31.3% (decel: -20.4%)",
      "severity": "WARNING"
    },
    {
      "quarter": "2023-04 (Q2)",
      "signal": "YoY REVENUE GROWTH DECELERATION",
      "detail": "YoY growth: +31.3% vs prior quarter YoY: +42.6% (decel: -11.3%)",
      "severity": "WARNING"
    },
    {
      "quarter": "2023-01 (Q1)",
      "signal": "FCF MARGIN EXPANSION",
      "detail": "FCF margin: -66.0% -> -30.7% (+35.3%)",
      "severity": "MEDIUM"
    },
    {
      "quarter": "2023-01 (Q1)",
      "signal": "YoY REVENUE GROWTH DECELERATION",
      "detail": "YoY growth: +42.6% vs prior quarter YoY: +56.8% (decel: -14.2%)",
      "severity": "WARNING"
    },
    {
      "quarter": "2022-07 (Q3)",
      "signal": "OPERATING LEVERAGE",
      "detail": "Rev growth +20.7% vs OpEx growth +3.0% (leverage: 7.0x)",
      "severity": "MEDIUM"
    },
    {
      "quarter": "2022-07 (Q3)",
      "signal": "YoY REVENUE GROWTH ACCELERATION",
      "detail": "YoY growth: +59.3% vs prior quarter YoY: +25.6% (accel: +33.8%)",
      "severity": "HIGH"
    },
    {
      "quarter": "2022-04 (Q2)",
      "signal": "FCF MARGIN EXPANSION",
      "detail": "FCF margin: -68.5% -> -23.4% (+45.1%)",
      "severity": "MEDIUM"
    },
    {
      "quarter": "2022-01 (Q1)",
      "signal": "GROSS MARGIN INFLECTION",
      "detail": "GM: +34.8% -> +34.4% -> +37.5% (reversal +3.1%)",
      "severity": "MEDIUM"
    }
  ],
  "data_quality": {
    "n_quarters": 19,
    "coverage": {
      "revenue": [
        19,
        19
      ],
      "gross_profit": [
        19,
        19
      ],
      "op_income": [
        18,
        19
      ],
      "fcf": [
        18,
        19
      ]
    },
    "gaps": [],
    "warnings": []
  },
  "market_cap": null,
  "source": "SEC EDGAR",
  "last_updated": "2026-02-03T01:11:45.110878"
}