{
  "ticker": "PLAB",
  "name": "PHOTRONICS, INC.",
  "quarters": [
    {
      "date": "2021-01-31T00:00:00",
      "quarter_label": "2021-01 (Q1)",
      "revenue": 152067000,
      "gross_profit": 30529000,
      "operating_income": 11766000,
      "net_income": 8036000,
      "opex": 18763000,
      "cogs": 121538000,
      "rd": 4710000,
      "sga": 14053000,
      "fcf": 8755000,
      "ocf": 26287000,
      "capex": -17532000,
      "gross_margin": 0.20076019123149663,
      "op_margin": 0.07737378918503028,
      "fcf_margin": 0.057573306503054575
    },
    {
      "date": "2021-05-02T00:00:00",
      "quarter_label": "2021-05 (Q2)",
      "revenue": 159763000,
      "gross_profit": 39249000,
      "operating_income": 20807000,
      "net_income": 10526000,
      "opex": 18442000,
      "cogs": 120514000,
      "rd": 4375000,
      "sga": 14067000,
      "fcf": -24052000,
      "ocf": 31932000,
      "capex": -55984000,
      "gross_margin": 0.24567014890807007,
      "op_margin": 0.1302366630571534,
      "fcf_margin": -0.15054799922385032,
      "op_leverage_ratio": Infinity,
      "fcf_margin_change": -0.2081213057269049
    },
    {
      "date": "2021-08-01T00:00:00",
      "quarter_label": "2021-08 (Q3)",
      "revenue": 170643000,
      "gross_profit": 45325000,
      "operating_income": 28462000,
      "net_income": 17076000,
      "opex": 20388000,
      "cogs": 125318000,
      "rd": 5305000,
      "sga": 15083000,
      "fcf": 36092000,
      "ocf": 54877000,
      "capex": -18785000,
      "gross_margin": 0.26561300492841783,
      "op_margin": 0.16679266070099566,
      "fcf_margin": 0.21150589241867523,
      "op_leverage_ratio": 0.6453835180154026,
      "fcf_margin_change": 0.36205389164252555
    },
    {
      "date": "2021-10-31T00:00:00",
      "quarter_label": "2021-10 (Q4)",
      "revenue": 181288000,
      "gross_profit": 51941000,
      "operating_income": 33519000,
      "net_income": 19811000,
      "opex": 18422000,
      "cogs": 129347000,
      "rd": 4100000,
      "sga": 14322000,
      "fcf": 20878000,
      "ocf": 37676000,
      "capex": -16798000,
      "gross_margin": 0.2865109659767883,
      "op_margin": 0.184893649883059,
      "fcf_margin": 0.11516482061691893,
      "op_leverage_ratio": Infinity,
      "fcf_margin_change": -0.0963410718017563
    },
    {
      "date": "2022-01-30T00:00:00",
      "quarter_label": "2022-01 (Q1)",
      "revenue": 189827000,
      "gross_profit": 59863000,
      "operating_income": 38197000,
      "net_income": 23064000,
      "opex": 21666000,
      "cogs": 129964000,
      "rd": 5939000,
      "sga": 15727000,
      "fcf": 39955000,
      "ocf": 59130000,
      "capex": -19175000,
      "gross_margin": 0.31535556058937875,
      "op_margin": 0.20122005826357683,
      "fcf_margin": 0.21048112228502794,
      "incr_op_margin_yoy": 0.6999735169491526,
      "rev_growth_yoy": 0.24831159949232903,
      "op_leverage_ratio": 0.2674815851184817,
      "fcf_margin_change": 0.095316301668109
    },
    {
      "date": "2022-05-01T00:00:00",
      "quarter_label": "2022-05 (Q2)",
      "revenue": 204509000,
      "gross_profit": 70220000,
      "operating_income": 49401000,
      "net_income": 27432000,
      "opex": 20819000,
      "cogs": 134289000,
      "rd": 4206000,
      "sga": 16613000,
      "fcf": 28525000,
      "ocf": 44159000,
      "capex": -15634000,
      "gross_margin": 0.34335897197678344,
      "op_margin": 0.24155905119090113,
      "fcf_margin": 0.1394804140649067,
      "incr_op_margin_yoy": 0.6390291869664327,
      "rev_growth_yoy": 0.2800773645963083,
      "rev_growth_yoy_accel": 0.03176576510397924,
      "op_leverage_ratio": Infinity,
      "fcf_margin_change": -0.07100070822012125
    },
    {
      "date": "2022-07-31T00:00:00",
      "quarter_label": "2022-07 (Q3)",
      "revenue": 219948000,
      "gross_profit": 83863000,
      "operating_income": 63729000,
      "net_income": 31230000,
      "opex": 20111000,
      "cogs": 136085000,
      "rd": 4151000,
      "sga": 15960000,
      "fcf": 81104000,
      "ocf": 92632000,
      "capex": -11528000,
      "gross_margin": 0.38128557659083057,
      "op_margin": 0.2897457580882754,
      "fcf_margin": 0.3687417025842472,
      "incr_op_margin_yoy": 0.7152824257174729,
      "rev_growth_yoy": 0.288936551748387,
      "rev_growth_yoy_accel": 0.008859187152078729,
      "op_leverage_ratio": Infinity,
      "fcf_margin_change": 0.22926128851934052
    },
    {
      "date": "2022-10-31T00:00:00",
      "quarter_label": "2022-10 (Q4)",
      "revenue": 210266000,
      "gross_profit": 80268000,
      "operating_income": 60541000,
      "net_income": 37060000,
      "opex": 19727000,
      "cogs": 129998000,
      "rd": 4044000,
      "sga": 15683000,
      "fcf": 13265000,
      "ocf": 79266000,
      "capex": -66001000,
      "gross_margin": 0.38174502772678415,
      "op_margin": 0.2879257702148707,
      "fcf_margin": 0.06308675677475198,
      "incr_op_margin_yoy": 0.9325005176340673,
      "rev_growth_yoy": 0.1598451083359075,
      "rev_growth_yoy_accel": -0.1290914434124795,
      "fcf_margin_change": -0.30565494580949526
    },
    {
      "date": "2023-01-29T00:00:00",
      "quarter_label": "2023-01 (Q1)",
      "revenue": 211090000,
      "gross_profit": 76077000,
      "operating_income": 55957000,
      "net_income": 13986000,
      "opex": 20120000,
      "cogs": 135013000,
      "rd": 3302000,
      "sga": 16818000,
      "fcf": -3417000,
      "ocf": 27680000,
      "capex": -31097000,
      "gross_margin": 0.3604007769197972,
      "op_margin": 0.2650859822824388,
      "fcf_margin": -0.01618740821450566,
      "incr_op_margin_yoy": 0.8352537271316371,
      "rev_growth_yoy": 0.11201251665990612,
      "rev_growth_yoy_accel": -0.04783259167600139,
      "fcf_margin_change": -0.07927416498925764
    },
    {
      "date": "2023-04-30T00:00:00",
      "quarter_label": "2023-04 (Q2)",
      "revenue": 229306000,
      "gross_profit": 88402000,
      "operating_income": 67045000,
      "net_income": 39929000,
      "opex": 21357000,
      "cogs": 140904000,
      "rd": 3479000,
      "sga": 17878000,
      "fcf": 55366000,
      "ocf": 81997000,
      "capex": -26631000,
      "gross_margin": 0.38551978578842244,
      "op_margin": 0.29238223160318527,
      "fcf_margin": 0.24145028913329786,
      "incr_op_margin_yoy": 0.7115376860104045,
      "rev_growth_yoy": 0.12125138746950012,
      "rev_growth_yoy_accel": 0.009238870809594,
      "op_leverage_ratio": 1.4036008885320306,
      "fcf_margin_change": 0.2576376973478035
    },
    {
      "date": "2023-07-30T00:00:00",
      "quarter_label": "2023-07 (Q3)",
      "revenue": 224206000,
      "gross_profit": 86801000,
      "operating_income": 65264000,
      "net_income": 26959000,
      "opex": 21537000,
      "cogs": 137405000,
      "rd": 3505000,
      "sga": 18032000,
      "fcf": 64794000,
      "ocf": 85879000,
      "capex": -21085000,
      "gross_margin": 0.3871484260010883,
      "op_margin": 0.29108944452869234,
      "fcf_margin": 0.28899315807783915,
      "incr_op_margin_yoy": 0.36049788633161106,
      "rev_growth_yoy": 0.019359121246840163,
      "rev_growth_yoy_accel": -0.10189226622265996,
      "fcf_margin_change": 0.047542868944541294
    },
    {
      "date": "2023-10-31T00:00:00",
      "quarter_label": "2023-10 (Q4)",
      "revenue": 227473000,
      "gross_profit": 84882000,
      "operating_income": 64785000,
      "net_income": 44611000,
      "opex": 20097000,
      "cogs": 142591000,
      "rd": 3367000,
      "sga": 16730000,
      "fcf": 54138000,
      "ocf": 106620000,
      "capex": -52482000,
      "gross_margin": 0.37315197847656645,
      "op_margin": 0.2848030315685818,
      "fcf_margin": 0.2379974766235993,
      "incr_op_margin_yoy": 0.2466438077526588,
      "rev_growth_yoy": 0.08183443828293685,
      "rev_growth_yoy_accel": 0.062475317036096684,
      "op_leverage_ratio": Infinity,
      "fcf_margin_change": -0.050995681454239855
    },
    {
      "date": "2024-01-28T00:00:00",
      "quarter_label": "2024-01 (Q1)",
      "revenue": 216334000,
      "gross_profit": 79255000,
      "operating_income": 57489000,
      "net_income": 26180000,
      "opex": 21766000,
      "cogs": 137079000,
      "rd": 3445000,
      "sga": 18321000,
      "fcf": -1806000,
      "ocf": 41508000,
      "capex": -43314000,
      "gross_margin": 0.3663548032209454,
      "op_margin": 0.2657418621206098,
      "fcf_margin": -0.00834820231678793,
      "incr_op_margin_yoy": 0.2921434019832189,
      "rev_growth_yoy": 0.02484248424842484,
      "rev_growth_yoy_accel": -0.05699195403451201,
      "fcf_margin_change": -0.24634567894038722
    },
    {
      "date": "2024-04-28T00:00:00",
      "quarter_label": "2024-04 (Q2)",
      "revenue": 217000000,
      "gross_profit": 79251000,
      "operating_income": 56052000,
      "net_income": 36251000,
      "opex": 23288000,
      "cogs": 137749000,
      "rd": 4292000,
      "sga": 18996000,
      "fcf": 56489000,
      "ocf": 76486000,
      "capex": -19997000,
      "gross_margin": 0.3652119815668203,
      "op_margin": 0.2583041474654378,
      "fcf_margin": 0.2603179723502304,
      "incr_op_margin_yoy": 0.8933040793109053,
      "rev_growth_yoy": -0.053666279992673545,
      "rev_growth_yoy_accel": -0.07850876424109839,
      "fcf_margin_change": 0.26866617466701836
    },
    {
      "date": "2024-07-28T00:00:00",
      "quarter_label": "2024-07 (Q3)",
      "revenue": 210984000,
      "gross_profit": 75138000,
      "operating_income": 52148000,
      "net_income": 34388000,
      "opex": 22991000,
      "cogs": 135846000,
      "rd": 3555000,
      "sga": 19436000,
      "fcf": 50658000,
      "ocf": 75080000,
      "capex": -24422000,
      "gross_margin": 0.3561312706176772,
      "op_margin": 0.24716566185113564,
      "fcf_margin": 0.24010351495848026,
      "incr_op_margin_yoy": 0.991983058538799,
      "rev_growth_yoy": -0.05897255202804564,
      "rev_growth_yoy_accel": -0.005306272035372095,
      "fcf_margin_change": -0.02021445739175015
    },
    {
      "date": "2024-10-31T00:00:00",
      "quarter_label": "2024-10 (Q4)",
      "revenue": 222628000,
      "gross_profit": 82302000,
      "operating_income": 55828000,
      "net_income": 33869000,
      "opex": 26292000,
      "cogs": 140326000,
      "rd": 5285000,
      "sga": 21007000,
      "fcf": 25161000,
      "ocf": 68370000,
      "capex": -43209000,
      "gross_margin": 0.3696839570943457,
      "op_margin": 0.25076809745404893,
      "fcf_margin": 0.11301812889663475,
      "incr_op_margin_yoy": 1.8487100103199174,
      "rev_growth_yoy": -0.021299231117539223,
      "rev_growth_yoy_accel": 0.037673320910506417,
      "op_leverage_ratio": 0.3843837435615517,
      "fcf_margin_change": -0.1270853860618455
    },
    {
      "date": "2025-02-02T00:00:00",
      "quarter_label": "2025-02 (Q1)",
      "revenue": 212138000,
      "gross_profit": 75535000,
      "operating_income": 52177000,
      "net_income": 42851000,
      "opex": 23358000,
      "cogs": 136603000,
      "rd": 4257000,
      "sga": 19101000,
      "fcf": 43266000,
      "ocf": 78466000,
      "capex": -35200000,
      "gross_margin": 0.35606539139616666,
      "op_margin": 0.24595781990968144,
      "fcf_margin": 0.20395214435886075,
      "incr_op_margin_yoy": 1.2659675881792183,
      "rev_growth_yoy": -0.019395934064918137,
      "rev_growth_yoy_accel": 0.0019032970526210863,
      "fcf_margin_change": 0.090934015462226
    },
    {
      "date": "2025-05-04T00:00:00",
      "quarter_label": "2025-05 (Q2)",
      "revenue": 210992000,
      "gross_profit": 77906000,
      "operating_income": 55717000,
      "net_income": 8861000,
      "opex": 22189000,
      "cogs": 133086000,
      "rd": 4090000,
      "sga": 18099000,
      "fcf": -29096000,
      "ocf": 31453000,
      "capex": -60549000,
      "gross_margin": 0.36923674831273223,
      "op_margin": 0.2640716235686661,
      "fcf_margin": -0.13790096306968985,
      "incr_op_margin_yoy": 0.05575898801597869,
      "rev_growth_yoy": -0.02768663594470046,
      "rev_growth_yoy_accel": -0.008290701879782324,
      "fcf_margin_change": -0.3418531074285506
    },
    {
      "date": "2025-08-03T00:00:00",
      "quarter_label": "2025-08 (Q3)",
      "revenue": 210394000,
      "gross_profit": 70855000,
      "operating_income": 48161000,
      "net_income": 22891000,
      "opex": 22694000,
      "cogs": 139539000,
      "rd": 4271000,
      "sga": 18423000,
      "fcf": 25216000,
      "ocf": 50055000,
      "capex": -24839000,
      "gross_margin": 0.33677291177505064,
      "op_margin": 0.22890861906708365,
      "fcf_margin": 0.11985132655874217,
      "rev_growth_yoy": -0.002796420581655481,
      "rev_growth_yoy_accel": 0.02489021536304498,
      "fcf_margin_change": 0.257752289628432
    },
    {
      "date": "2025-10-31T00:00:00",
      "quarter_label": "2025-10 (Q4)",
      "revenue": 215770000,
      "gross_profit": 75534000,
      "operating_income": 52107000,
      "net_income": 61801000,
      "opex": 23187000,
      "cogs": 140236000,
      "rd": 3186000,
      "sga": 20001000,
      "fcf": 20275000,
      "ocf": 87824000,
      "capex": -67549000,
      "gross_margin": 0.3500672011864485,
      "op_margin": 0.24149325670853222,
      "fcf_margin": 0.09396579691337999,
      "incr_op_margin_yoy": 0.5425780110819481,
      "rev_growth_yoy": -0.030804750525540363,
      "rev_growth_yoy_accel": -0.028008329943884882,
      "op_leverage_ratio": 1.176224011355031,
      "fcf_margin_change": -0.025885529645362185
    }
  ],
  "signals": [
    {
      "quarter": "2025-10 (Q4)",
      "signal": "INCREMENTAL MARGIN (YoY)",
      "detail": "YoY Incr OPM: +54.3% vs year-ago OPM: +25.1%",
      "severity": "HIGH"
    },
    {
      "quarter": "2025-08 (Q3)",
      "signal": "FCF TURNED POSITIVE",
      "detail": "FCF margin: -13.8% -> +12.0%",
      "severity": "HIGH"
    },
    {
      "quarter": "2025-02 (Q1)",
      "signal": "FCF MARGIN EXPANSION",
      "detail": "FCF margin: +11.3% -> +20.4% (+9.1%)",
      "severity": "MEDIUM"
    },
    {
      "quarter": "2025-02 (Q1)",
      "signal": "INCREMENTAL MARGIN (YoY)",
      "detail": "YoY Incr OPM: +126.6% vs year-ago OPM: +26.6%",
      "severity": "HIGH"
    },
    {
      "quarter": "2024-10 (Q4)",
      "signal": "INCREMENTAL MARGIN (YoY)",
      "detail": "YoY Incr OPM: +184.9% vs year-ago OPM: +28.5%",
      "severity": "HIGH"
    },
    {
      "quarter": "2024-07 (Q3)",
      "signal": "INCREMENTAL MARGIN (YoY)",
      "detail": "YoY Incr OPM: +99.2% vs year-ago OPM: +29.1%",
      "severity": "HIGH"
    },
    {
      "quarter": "2024-04 (Q2)",
      "signal": "FCF TURNED POSITIVE",
      "detail": "FCF margin: -0.8% -> +26.0%",
      "severity": "HIGH"
    },
    {
      "quarter": "2024-04 (Q2)",
      "signal": "YoY REVENUE GROWTH DECELERATION",
      "detail": "YoY growth: -5.4% vs prior quarter YoY: +2.5% (decel: -7.9%)",
      "severity": "WARNING"
    },
    {
      "quarter": "2024-04 (Q2)",
      "signal": "INCREMENTAL MARGIN (YoY)",
      "detail": "YoY Incr OPM: +89.3% vs year-ago OPM: +29.2%",
      "severity": "HIGH"
    },
    {
      "quarter": "2024-01 (Q1)",
      "signal": "YoY REVENUE GROWTH DECELERATION",
      "detail": "YoY growth: +2.5% vs prior quarter YoY: +8.2% (decel: -5.7%)",
      "severity": "WARNING"
    },
    {
      "quarter": "2023-10 (Q4)",
      "signal": "YoY REVENUE GROWTH ACCELERATION",
      "detail": "YoY growth: +8.2% vs prior quarter YoY: +1.9% (accel: +6.2%)",
      "severity": "MEDIUM"
    },
    {
      "quarter": "2023-07 (Q3)",
      "signal": "YoY REVENUE GROWTH DECELERATION",
      "detail": "YoY growth: +1.9% vs prior quarter YoY: +12.1% (decel: -10.2%)",
      "severity": "WARNING"
    },
    {
      "quarter": "2023-04 (Q2)",
      "signal": "FCF TURNED POSITIVE",
      "detail": "FCF margin: -1.6% -> +24.1%",
      "severity": "HIGH"
    },
    {
      "quarter": "2023-04 (Q2)",
      "signal": "GROSS MARGIN INFLECTION",
      "detail": "GM: +38.2% -> +36.0% -> +38.6% (reversal +2.5%)",
      "severity": "MEDIUM"
    },
    {
      "quarter": "2023-04 (Q2)",
      "signal": "INCREMENTAL MARGIN (YoY)",
      "detail": "YoY Incr OPM: +71.2% vs year-ago OPM: +24.2%",
      "severity": "HIGH"
    },
    {
      "quarter": "2023-01 (Q1)",
      "signal": "INCREMENTAL MARGIN (YoY)",
      "detail": "YoY Incr OPM: +83.5% vs year-ago OPM: +20.1%",
      "severity": "HIGH"
    },
    {
      "quarter": "2022-10 (Q4)",
      "signal": "YoY REVENUE GROWTH DECELERATION",
      "detail": "YoY growth: +16.0% vs prior quarter YoY: +28.9% (decel: -12.9%)",
      "severity": "WARNING"
    },
    {
      "quarter": "2022-10 (Q4)",
      "signal": "INCREMENTAL MARGIN (YoY)",
      "detail": "YoY Incr OPM: +93.3% vs year-ago OPM: +18.5%",
      "severity": "HIGH"
    },
    {
      "quarter": "2022-07 (Q3)",
      "signal": "FCF MARGIN EXPANSION",
      "detail": "FCF margin: +13.9% -> +36.9% (+22.9%)",
      "severity": "MEDIUM"
    },
    {
      "quarter": "2022-07 (Q3)",
      "signal": "INCREMENTAL MARGIN (YoY)",
      "detail": "YoY Incr OPM: +71.5% vs year-ago OPM: +16.7%",
      "severity": "HIGH"
    },
    {
      "quarter": "2022-05 (Q2)",
      "signal": "INCREMENTAL MARGIN (YoY)",
      "detail": "YoY Incr OPM: +63.9% vs year-ago OPM: +13.0%",
      "severity": "HIGH"
    },
    {
      "quarter": "2022-01 (Q1)",
      "signal": "FCF MARGIN EXPANSION",
      "detail": "FCF margin: +11.5% -> +21.0% (+9.5%)",
      "severity": "MEDIUM"
    },
    {
      "quarter": "2022-01 (Q1)",
      "signal": "INCREMENTAL MARGIN (YoY)",
      "detail": "YoY Incr OPM: +70.0% vs year-ago OPM: +7.7%",
      "severity": "HIGH"
    },
    {
      "quarter": "2021-08 (Q3)",
      "signal": "FCF TURNED POSITIVE",
      "detail": "FCF margin: -15.1% -> +21.2%",
      "severity": "HIGH"
    }
  ],
  "data_quality": {
    "n_quarters": 20,
    "coverage": {
      "revenue": [
        20,
        20
      ],
      "gross_profit": [
        20,
        20
      ],
      "op_income": [
        20,
        20
      ],
      "fcf": [
        20,
        20
      ]
    },
    "gaps": [],
    "warnings": []
  },
  "market_cap": null,
  "source": "SEC EDGAR",
  "last_updated": "2026-02-02T21:35:14.020382"
}