{
  "ticker": "PLAY",
  "name": "Dave & Buster\u2019s Entertainment, Inc.",
  "quarters": [
    {
      "date": "2021-01-31T00:00:00",
      "quarter_label": "2021-01 (Q1)",
      "revenue": 116821000,
      "gross_profit": 96580000,
      "operating_income": -54041000,
      "net_income": -56785000,
      "opex": 170862000,
      "cogs": 20241000,
      "rd": null,
      "sga": null,
      "fcf": -27882000,
      "ocf": -17470000,
      "capex": -10412000,
      "gross_margin": 0.8267349192354114,
      "op_margin": -0.4625966221826555,
      "fcf_margin": -0.2386728413555782
    },
    {
      "date": "2021-05-02T00:00:00",
      "quarter_label": "2021-05 (Q2)",
      "revenue": 265340000,
      "gross_profit": 225569000,
      "operating_income": 36996000,
      "net_income": null,
      "opex": 228344000,
      "cogs": 39771000,
      "rd": null,
      "sga": null,
      "fcf": 66837000,
      "ocf": 77196000,
      "capex": -10359000,
      "gross_margin": 0.8501130624858672,
      "op_margin": 0.1394286575714178,
      "fcf_margin": 0.251891912263511,
      "op_leverage_ratio": 3.778981032844122,
      "fcf_margin_change": 0.4905647536190892
    },
    {
      "date": "2021-08-01T00:00:00",
      "quarter_label": "2021-08 (Q3)",
      "revenue": 377638000,
      "gross_profit": 319927000,
      "operating_income": 79167000,
      "net_income": null,
      "opex": 298471000,
      "cogs": 57711000,
      "rd": null,
      "sga": null,
      "fcf": 93336000,
      "ocf": 120892000,
      "capex": -27556000,
      "gross_margin": 0.8471790444817524,
      "op_margin": 0.2096372716728719,
      "fcf_margin": 0.24715733056525033,
      "op_leverage_ratio": 1.3780774967137468,
      "fcf_margin_change": -0.004734581698260659
    },
    {
      "date": "2021-10-31T00:00:00",
      "quarter_label": "2021-10 (Q4)",
      "revenue": 317976000,
      "gross_profit": 265363000,
      "operating_income": 24469000,
      "net_income": null,
      "opex": 293507000,
      "cogs": 52613000,
      "rd": null,
      "sga": null,
      "fcf": -25234000,
      "ocf": 410000,
      "capex": -25644000,
      "gross_margin": 0.8345378267542204,
      "op_margin": 0.07695234860492615,
      "fcf_margin": -0.07935819055526203,
      "fcf_margin_change": -0.32651552112051235
    },
    {
      "date": "2022-01-30T00:00:00",
      "quarter_label": "2022-01 (Q1)",
      "revenue": 343102000,
      "gross_profit": 288226000,
      "operating_income": 46549000,
      "net_income": null,
      "opex": 296553000,
      "cogs": 54876000,
      "rd": null,
      "sga": null,
      "fcf": 56061000,
      "ocf": 84702000,
      "capex": -28641000,
      "gross_margin": 0.8400592243705953,
      "op_margin": 0.13567102494301986,
      "fcf_margin": 0.16339455905241007,
      "incr_op_margin_yoy": 0.4445357763135217,
      "rev_growth_yoy": 1.9369890687462015,
      "op_leverage_ratio": 7.614082498014651,
      "fcf_margin_change": 0.2427527496076721
    },
    {
      "date": "2022-05-01T00:00:00",
      "quarter_label": "2022-05 (Q2)",
      "revenue": 451101000,
      "gross_profit": 381080000,
      "operating_income": 98712000,
      "net_income": null,
      "opex": 352389000,
      "cogs": 70021000,
      "rd": null,
      "sga": null,
      "fcf": 108600000,
      "ocf": 148600000,
      "capex": -40000000,
      "gross_margin": 0.8447775553589995,
      "op_margin": 0.21882460912301235,
      "fcf_margin": 0.2407443122493632,
      "incr_op_margin_yoy": 0.33223335361028417,
      "rev_growth_yoy": 0.7000866812391648,
      "rev_growth_yoy_accel": -1.2369023875070366,
      "op_leverage_ratio": 1.6718007195568951,
      "fcf_margin_change": 0.07734975319695314
    },
    {
      "date": "2022-07-31T00:00:00",
      "quarter_label": "2022-07 (Q3)",
      "revenue": 468359000,
      "gross_profit": 392823000,
      "operating_income": 56472000,
      "net_income": null,
      "opex": 411887000,
      "cogs": 75536000,
      "rd": null,
      "sga": null,
      "fcf": 24600000,
      "ocf": 84500000,
      "capex": -59900000,
      "gross_margin": 0.8387220059825903,
      "op_margin": 0.12057417493845533,
      "fcf_margin": 0.052523811862268045,
      "incr_op_margin_yoy": -0.2501625863912435,
      "rev_growth_yoy": 0.2402327096319756,
      "rev_growth_yoy_accel": -0.4598539716071892,
      "op_leverage_ratio": 0.22658786674770673,
      "fcf_margin_change": -0.18822050038709517
    },
    {
      "date": "2022-10-30T00:00:00",
      "quarter_label": "2022-10 (Q4)",
      "revenue": 481206000,
      "gross_profit": 404951000,
      "operating_income": 30108000,
      "net_income": null,
      "opex": 451098000,
      "cogs": 76255000,
      "rd": null,
      "sga": null,
      "fcf": 3800000,
      "ocf": 67900000,
      "capex": -64100000,
      "gross_margin": 0.8415335635881515,
      "op_margin": 0.06256779840650366,
      "fcf_margin": 0.007896825891613987,
      "incr_op_margin_yoy": 0.034546345647246214,
      "rev_growth_yoy": 0.5133406294814703,
      "rev_growth_yoy_accel": 0.2731079198494947,
      "op_leverage_ratio": 0.2881330130464835,
      "fcf_margin_change": -0.04462698597065406
    },
    {
      "date": "2023-01-29T00:00:00",
      "quarter_label": "2023-01 (Q1)",
      "revenue": 563761000,
      "gross_profit": 476709000,
      "operating_income": 77216000,
      "net_income": null,
      "opex": 486545000,
      "cogs": 87052000,
      "rd": null,
      "sga": null,
      "fcf": 73200000,
      "ocf": 143400000,
      "capex": -70200000,
      "gross_margin": 0.8455870484123591,
      "op_margin": 0.1369658419081845,
      "fcf_margin": 0.12984225584955328,
      "incr_op_margin_yoy": 0.1389791488223911,
      "rev_growth_yoy": 0.6431294483856113,
      "rev_growth_yoy_accel": 0.12978881890414096,
      "op_leverage_ratio": 2.183251485388075,
      "fcf_margin_change": 0.12194542995793929
    },
    {
      "date": "2023-04-30T00:00:00",
      "quarter_label": "2023-04 (Q2)",
      "revenue": 597300000,
      "gross_profit": 507000000,
      "operating_income": 121400000,
      "net_income": null,
      "opex": 475900000,
      "cogs": 90300000,
      "rd": null,
      "sga": null,
      "fcf": 41200000,
      "ocf": 92400000,
      "capex": -51200000,
      "gross_margin": 0.8488196885986942,
      "op_margin": 0.2032479491043027,
      "fcf_margin": 0.06897706345220157,
      "incr_op_margin_yoy": 0.1551857399845416,
      "rev_growth_yoy": 0.3240937173714977,
      "rev_growth_yoy_accel": -0.31903573101411353,
      "op_leverage_ratio": Infinity,
      "fcf_margin_change": -0.060865192397351706
    },
    {
      "date": "2023-07-30T00:00:00",
      "quarter_label": "2023-07 (Q3)",
      "revenue": 542100000,
      "gross_profit": 458500000,
      "operating_income": 77100000,
      "net_income": null,
      "opex": 465000000,
      "cogs": 83600000,
      "rd": null,
      "sga": null,
      "fcf": 21200000,
      "ocf": 103800000,
      "capex": -82600000,
      "gross_margin": 0.845784910533112,
      "op_margin": 0.1422246817930271,
      "fcf_margin": 0.03910717579782328,
      "incr_op_margin_yoy": 0.2797358321693495,
      "rev_growth_yoy": 0.15744546384290684,
      "rev_growth_yoy_accel": -0.1666482535285909,
      "fcf_margin_change": -0.029869887654378292
    },
    {
      "date": "2023-10-29T00:00:00",
      "quarter_label": "2023-10 (Q4)",
      "revenue": 466900000,
      "gross_profit": 394100000,
      "operating_income": 18600000,
      "net_income": null,
      "opex": 448300000,
      "cogs": 72800000,
      "rd": null,
      "sga": null,
      "fcf": -3000000,
      "ocf": 70800000,
      "capex": -73800000,
      "gross_margin": 0.8440779610194903,
      "op_margin": 0.03983722424502035,
      "fcf_margin": -0.00642535874919683,
      "incr_op_margin_yoy": 0.8044177268279044,
      "rev_growth_yoy": -0.02972947136984992,
      "rev_growth_yoy_accel": -0.18717493521275674,
      "fcf_margin_change": -0.04553253454702011
    },
    {
      "date": "2024-02-04T00:00:00",
      "quarter_label": "2024-02 (Q1)",
      "revenue": 599000000,
      "gross_profit": 508700000,
      "operating_income": 89500000,
      "net_income": null,
      "opex": 509500000,
      "cogs": 90300000,
      "rd": null,
      "sga": null,
      "fcf": -25400000,
      "ocf": 97200000,
      "capex": -122600000,
      "gross_margin": 0.8492487479131886,
      "op_margin": 0.14941569282136896,
      "fcf_margin": -0.04240400667779633,
      "incr_op_margin_yoy": 0.34859104968926474,
      "rev_growth_yoy": 0.06250698434265584,
      "rev_growth_yoy_accel": 0.09223645571250576,
      "op_leverage_ratio": 2.0725082136802744,
      "fcf_margin_change": -0.0359786479285995
    },
    {
      "date": "2024-05-05T00:00:00",
      "quarter_label": "2024-05 (Q2)",
      "revenue": 588100000,
      "gross_profit": 500800000,
      "operating_income": 85500000,
      "net_income": 41400000,
      "opex": 502600000,
      "cogs": 87300000,
      "rd": null,
      "sga": null,
      "fcf": -4200000,
      "ocf": 108800000,
      "capex": -113000000,
      "gross_margin": 0.8515558578473049,
      "op_margin": 0.1453834381907839,
      "fcf_margin": -0.007141642577792893,
      "incr_op_margin_yoy": 3.902173913043478,
      "rev_growth_yoy": -0.01540264523689938,
      "rev_growth_yoy_accel": -0.07790962957955522,
      "fcf_margin_change": 0.035262364100003434
    },
    {
      "date": "2024-08-06T00:00:00",
      "quarter_label": "2024-08 (Q3)",
      "revenue": 557100000,
      "gross_profit": 475300000,
      "operating_income": 84500000,
      "net_income": 40300000,
      "opex": 472600000,
      "cogs": 81800000,
      "rd": null,
      "sga": null,
      "fcf": -14300000,
      "ocf": 101800000,
      "capex": -116100000,
      "gross_margin": 0.8531681924250584,
      "op_margin": 0.15167833423083826,
      "fcf_margin": -0.025668641177526475,
      "incr_op_margin_yoy": 0.49333333333333335,
      "rev_growth_yoy": 0.02767017155506364,
      "rev_growth_yoy_accel": 0.04307281679196302,
      "fcf_margin_change": -0.01852699859973358
    },
    {
      "date": "2024-11-05T00:00:00",
      "quarter_label": "2024-11 (Q4)",
      "revenue": 453000000,
      "gross_profit": 385200000,
      "operating_income": 6300000,
      "net_income": -32700000,
      "opex": 446700000,
      "cogs": 67800000,
      "rd": null,
      "sga": null,
      "fcf": -138400000,
      "ocf": -7200000,
      "capex": -131200000,
      "gross_margin": 0.8503311258278146,
      "op_margin": 0.01390728476821192,
      "fcf_margin": -0.3055187637969095,
      "incr_op_margin_yoy": 0.8848920863309353,
      "rev_growth_yoy": -0.029770828871278646,
      "rev_growth_yoy_accel": -0.05744100042634229,
      "fcf_margin_change": -0.279850122619383
    },
    {
      "date": "2025-02-04T00:00:00",
      "quarter_label": "2025-02 (Q1)",
      "revenue": 534500000,
      "gross_profit": 457000000,
      "operating_income": 44100000,
      "net_income": null,
      "opex": 490400000,
      "cogs": 77500000,
      "rd": null,
      "sga": null,
      "fcf": -61000000,
      "ocf": 108900000,
      "capex": -169900000,
      "gross_margin": 0.8550046772684752,
      "op_margin": 0.08250701590271281,
      "fcf_margin": -0.11412535079513564,
      "incr_op_margin_yoy": 0.703875968992248,
      "rev_growth_yoy": -0.10767946577629382,
      "rev_growth_yoy_accel": -0.07790863690501518,
      "op_leverage_ratio": 1.839051631381939,
      "fcf_margin_change": 0.19139341300177387
    },
    {
      "date": "2025-05-06T00:00:00",
      "quarter_label": "2025-05 (Q2)",
      "revenue": 567700000,
      "gross_profit": 485600000,
      "operating_income": 63200000,
      "net_income": 21700000,
      "opex": 504500000,
      "cogs": 82100000,
      "rd": null,
      "sga": null,
      "fcf": -58800000,
      "ocf": 95800000,
      "capex": -154600000,
      "gross_margin": 0.8553813633961599,
      "op_margin": 0.11132640479126299,
      "fcf_margin": -0.10357583230579531,
      "incr_op_margin_yoy": 1.0931372549019607,
      "rev_growth_yoy": -0.034687978234994046,
      "rev_growth_yoy_accel": 0.07299148754129978,
      "op_leverage_ratio": 2.1603380902148888,
      "fcf_margin_change": 0.010549518489340326
    },
    {
      "date": "2025-08-05T00:00:00",
      "quarter_label": "2025-08 (Q3)",
      "revenue": 557400000,
      "gross_profit": 481000000,
      "operating_income": 53000000,
      "net_income": 11400000,
      "opex": 504400000,
      "cogs": 76400000,
      "rd": null,
      "sga": null,
      "fcf": -55200000,
      "ocf": 34000000,
      "capex": -89200000,
      "gross_margin": 0.862935055615357,
      "op_margin": 0.0950843200574094,
      "fcf_margin": -0.09903121636167922,
      "rev_growth_yoy": 0.0005385029617662897,
      "rev_growth_yoy_accel": 0.035226481196760334,
      "fcf_margin_change": 0.004544615944116093
    },
    {
      "date": "2025-11-04T00:00:00",
      "quarter_label": "2025-11 (Q4)",
      "revenue": 448200000,
      "gross_profit": 384700000,
      "operating_income": -16200000,
      "net_income": -42100000,
      "opex": 464400000,
      "cogs": 63500000,
      "rd": null,
      "sga": null,
      "fcf": -20600000,
      "ocf": 58000000,
      "capex": -78600000,
      "gross_margin": 0.8583221775992861,
      "op_margin": -0.03614457831325301,
      "fcf_margin": -0.04596162427487729,
      "incr_op_margin_yoy": 4.6875,
      "rev_growth_yoy": -0.010596026490066225,
      "rev_growth_yoy_accel": -0.011134529451832515,
      "fcf_margin_change": 0.05306959208680193
    }
  ],
  "signals": [
    {
      "quarter": "2025-11 (Q4)",
      "signal": "FCF MARGIN EXPANSION",
      "detail": "FCF margin: -9.9% -> -4.6% (+5.3%)",
      "severity": "MEDIUM"
    },
    {
      "quarter": "2025-05 (Q2)",
      "signal": "OPERATING LEVERAGE",
      "detail": "Rev growth +6.2% vs OpEx growth +2.9% (leverage: 2.2x)",
      "severity": "MEDIUM"
    },
    {
      "quarter": "2025-05 (Q2)",
      "signal": "YoY REVENUE GROWTH ACCELERATION",
      "detail": "YoY growth: -3.5% vs prior quarter YoY: -10.8% (accel: +7.3%)",
      "severity": "MEDIUM"
    },
    {
      "quarter": "2025-05 (Q2)",
      "signal": "INCREMENTAL MARGIN (YoY)",
      "detail": "YoY Incr OPM: +109.3% vs year-ago OPM: +14.5%",
      "severity": "HIGH"
    },
    {
      "quarter": "2025-02 (Q1)",
      "signal": "FCF MARGIN EXPANSION",
      "detail": "FCF margin: -30.6% -> -11.4% (+19.1%)",
      "severity": "MEDIUM"
    },
    {
      "quarter": "2025-02 (Q1)",
      "signal": "OPERATING LEVERAGE",
      "detail": "Rev growth +18.0% vs OpEx growth +9.8% (leverage: 1.8x)",
      "severity": "MEDIUM"
    },
    {
      "quarter": "2025-02 (Q1)",
      "signal": "YoY REVENUE GROWTH DECELERATION",
      "detail": "YoY growth: -10.8% vs prior quarter YoY: -3.0% (decel: -7.8%)",
      "severity": "WARNING"
    },
    {
      "quarter": "2025-02 (Q1)",
      "signal": "INCREMENTAL MARGIN (YoY)",
      "detail": "YoY Incr OPM: +70.4% vs year-ago OPM: +14.9%",
      "severity": "HIGH"
    },
    {
      "quarter": "2024-11 (Q4)",
      "signal": "YoY REVENUE GROWTH DECELERATION",
      "detail": "YoY growth: -3.0% vs prior quarter YoY: +2.8% (decel: -5.7%)",
      "severity": "WARNING"
    },
    {
      "quarter": "2024-11 (Q4)",
      "signal": "INCREMENTAL MARGIN (YoY)",
      "detail": "YoY Incr OPM: +88.5% vs year-ago OPM: +4.0%",
      "severity": "HIGH"
    },
    {
      "quarter": "2024-08 (Q3)",
      "signal": "INCREMENTAL MARGIN (YoY)",
      "detail": "YoY Incr OPM: +49.3% vs year-ago OPM: +14.2%",
      "severity": "HIGH"
    },
    {
      "quarter": "2024-05 (Q2)",
      "signal": "YoY REVENUE GROWTH DECELERATION",
      "detail": "YoY growth: -1.5% vs prior quarter YoY: +6.3% (decel: -7.8%)",
      "severity": "WARNING"
    },
    {
      "quarter": "2024-05 (Q2)",
      "signal": "INCREMENTAL MARGIN (YoY)",
      "detail": "YoY Incr OPM: +390.2% vs year-ago OPM: +20.3%",
      "severity": "HIGH"
    },
    {
      "quarter": "2024-02 (Q1)",
      "signal": "OPERATING LEVERAGE",
      "detail": "Rev growth +28.3% vs OpEx growth +13.7% (leverage: 2.1x)",
      "severity": "MEDIUM"
    },
    {
      "quarter": "2024-02 (Q1)",
      "signal": "YoY REVENUE GROWTH ACCELERATION",
      "detail": "YoY growth: +6.3% vs prior quarter YoY: -3.0% (accel: +9.2%)",
      "severity": "MEDIUM"
    },
    {
      "quarter": "2024-02 (Q1)",
      "signal": "INCREMENTAL MARGIN (YoY)",
      "detail": "YoY Incr OPM: +34.9% vs year-ago OPM: +13.7%",
      "severity": "HIGH"
    },
    {
      "quarter": "2023-10 (Q4)",
      "signal": "YoY REVENUE GROWTH DECELERATION",
      "detail": "YoY growth: -3.0% vs prior quarter YoY: +15.7% (decel: -18.7%)",
      "severity": "WARNING"
    },
    {
      "quarter": "2023-10 (Q4)",
      "signal": "INCREMENTAL MARGIN (YoY)",
      "detail": "YoY Incr OPM: +80.4% vs year-ago OPM: +6.3%",
      "severity": "HIGH"
    },
    {
      "quarter": "2023-07 (Q3)",
      "signal": "YoY REVENUE GROWTH DECELERATION",
      "detail": "YoY growth: +15.7% vs prior quarter YoY: +32.4% (decel: -16.7%)",
      "severity": "WARNING"
    },
    {
      "quarter": "2023-07 (Q3)",
      "signal": "INCREMENTAL MARGIN (YoY)",
      "detail": "YoY Incr OPM: +28.0% vs year-ago OPM: +12.1%",
      "severity": "MEDIUM"
    },
    {
      "quarter": "2023-04 (Q2)",
      "signal": "YoY REVENUE GROWTH DECELERATION",
      "detail": "YoY growth: +32.4% vs prior quarter YoY: +64.3% (decel: -31.9%)",
      "severity": "WARNING"
    },
    {
      "quarter": "2023-01 (Q1)",
      "signal": "FCF MARGIN EXPANSION",
      "detail": "FCF margin: +0.8% -> +13.0% (+12.2%)",
      "severity": "MEDIUM"
    },
    {
      "quarter": "2023-01 (Q1)",
      "signal": "OPERATING LEVERAGE",
      "detail": "Rev growth +17.2% vs OpEx growth +7.9% (leverage: 2.2x)",
      "severity": "MEDIUM"
    },
    {
      "quarter": "2023-01 (Q1)",
      "signal": "YoY REVENUE GROWTH ACCELERATION",
      "detail": "YoY growth: +64.3% vs prior quarter YoY: +51.3% (accel: +13.0%)",
      "severity": "MEDIUM"
    },
    {
      "quarter": "2022-10 (Q4)",
      "signal": "YoY REVENUE GROWTH ACCELERATION",
      "detail": "YoY growth: +51.3% vs prior quarter YoY: +24.0% (accel: +27.3%)",
      "severity": "HIGH"
    },
    {
      "quarter": "2022-07 (Q3)",
      "signal": "YoY REVENUE GROWTH DECELERATION",
      "detail": "YoY growth: +24.0% vs prior quarter YoY: +70.0% (decel: -46.0%)",
      "severity": "WARNING"
    },
    {
      "quarter": "2022-05 (Q2)",
      "signal": "FCF MARGIN EXPANSION",
      "detail": "FCF margin: +16.3% -> +24.1% (+7.7%)",
      "severity": "MEDIUM"
    },
    {
      "quarter": "2022-05 (Q2)",
      "signal": "OPERATING LEVERAGE",
      "detail": "Rev growth +31.5% vs OpEx growth +18.8% (leverage: 1.7x)",
      "severity": "MEDIUM"
    },
    {
      "quarter": "2022-05 (Q2)",
      "signal": "YoY REVENUE GROWTH DECELERATION",
      "detail": "YoY growth: +70.0% vs prior quarter YoY: +193.7% (decel: -123.7%)",
      "severity": "WARNING"
    },
    {
      "quarter": "2022-05 (Q2)",
      "signal": "INCREMENTAL MARGIN (YoY)",
      "detail": "YoY Incr OPM: +33.2% vs year-ago OPM: +13.9%",
      "severity": "MEDIUM"
    },
    {
      "quarter": "2022-01 (Q1)",
      "signal": "FCF TURNED POSITIVE",
      "detail": "FCF margin: -7.9% -> +16.3%",
      "severity": "HIGH"
    },
    {
      "quarter": "2022-01 (Q1)",
      "signal": "OPERATING LEVERAGE",
      "detail": "Rev growth +7.9% vs OpEx growth +1.0% (leverage: 7.6x)",
      "severity": "MEDIUM"
    },
    {
      "quarter": "2022-01 (Q1)",
      "signal": "OP MARGIN TURNED POSITIVE (YoY)",
      "detail": "Op margin: -46.3% (year-ago) -> +13.6%",
      "severity": "HIGH"
    },
    {
      "quarter": "2021-05 (Q2)",
      "signal": "FCF TURNED POSITIVE",
      "detail": "FCF margin: -23.9% -> +25.2%",
      "severity": "HIGH"
    },
    {
      "quarter": "2021-05 (Q2)",
      "signal": "OPERATING LEVERAGE",
      "detail": "Rev growth +127.1% vs OpEx growth +33.6% (leverage: 3.8x)",
      "severity": "MEDIUM"
    },
    {
      "quarter": "2021-05 (Q2)",
      "signal": "OP MARGIN TURNED POSITIVE (QoQ)",
      "detail": "Op margin: -46.3% -> +13.9%",
      "severity": "HIGH"
    }
  ],
  "data_quality": {
    "n_quarters": 20,
    "coverage": {
      "revenue": [
        20,
        20
      ],
      "gross_profit": [
        20,
        20
      ],
      "op_income": [
        20,
        20
      ],
      "fcf": [
        20,
        20
      ]
    },
    "gaps": [],
    "warnings": []
  },
  "market_cap": null,
  "source": "SEC EDGAR",
  "last_updated": "2026-02-02T22:14:56.855938"
}