{
  "ticker": "PLBY",
  "name": "Playboy, Inc.",
  "quarters": [
    {
      "date": "2020-12-31T00:00:00",
      "quarter_label": "2020-12 (Q4)",
      "revenue": 46327000,
      "gross_profit": 23653000,
      "operating_income": -917261,
      "net_income": -907446,
      "opex": 41396000,
      "cogs": 22674000,
      "rd": null,
      "sga": 18472000,
      "fcf": 6486000,
      "ocf": 6896000,
      "capex": -410000,
      "gross_margin": 0.5105661925011332,
      "op_margin": -0.01979970643469251,
      "fcf_margin": 0.1400047488505623
    },
    {
      "date": "2021-03-31T00:00:00",
      "quarter_label": "2021-03 (Q1)",
      "revenue": 42680000,
      "gross_profit": 22282000,
      "operating_income": -4539000,
      "net_income": -4997000,
      "opex": 47219000,
      "cogs": 20398000,
      "rd": null,
      "sga": 26571000,
      "fcf": -14303000,
      "ocf": -14303000,
      "capex": null,
      "gross_margin": 0.5220712277413309,
      "op_margin": -0.10634957825679475,
      "fcf_margin": -0.33512183692596065,
      "fcf_margin_change": -0.47512658577652295
    },
    {
      "date": "2021-06-30T00:00:00",
      "quarter_label": "2021-06 (Q2)",
      "revenue": 49851000,
      "gross_profit": 26176000,
      "operating_income": -3440000,
      "net_income": -8916000,
      "opex": 53291000,
      "cogs": 23675000,
      "rd": null,
      "sga": 29616000,
      "fcf": -7315000,
      "ocf": -7315000,
      "capex": null,
      "gross_margin": 0.5250847525626366,
      "op_margin": -0.06900563679765702,
      "fcf_margin": -0.14673727708571543,
      "op_leverage_ratio": 1.3065930213569625,
      "fcf_margin_change": 0.1883845598402452
    },
    {
      "date": "2021-09-30T00:00:00",
      "quarter_label": "2021-09 (Q3)",
      "revenue": 58356000,
      "gross_profit": 33135000,
      "operating_income": -5510000,
      "net_income": -7699000,
      "opex": 63866000,
      "cogs": 25221000,
      "rd": null,
      "sga": 38645000,
      "fcf": -21484000,
      "ocf": -20348000,
      "capex": -1136000,
      "gross_margin": 0.5678079374871479,
      "op_margin": -0.09442045376653643,
      "fcf_margin": -0.3681540886969635,
      "op_leverage_ratio": 0.8597534695947113,
      "fcf_margin_change": -0.22141681161124804
    },
    {
      "date": "2021-12-31T00:00:00",
      "quarter_label": "2021-12 (Q4)",
      "revenue": 95699000,
      "gross_profit": 49458000,
      "operating_income": -55363000,
      "net_income": -56064000,
      "opex": 151062000,
      "cogs": 46241000,
      "rd": null,
      "sga": 103857000,
      "fcf": 3518000,
      "ocf": 5224000,
      "capex": -1706000,
      "gross_margin": 0.5168079081286115,
      "op_margin": -0.5785117921817365,
      "fcf_margin": 0.036761094682285084,
      "incr_op_margin_yoy": -1.1027655148667261,
      "rev_growth_yoy": 1.0657284089192047,
      "op_leverage_ratio": 0.4687020391417469,
      "fcf_margin_change": 0.4049151833792486
    },
    {
      "date": "2022-03-31T00:00:00",
      "quarter_label": "2022-03 (Q1)",
      "revenue": 69378000,
      "gross_profit": 40478000,
      "operating_income": 6889000,
      "net_income": 5543000,
      "opex": 62489000,
      "cogs": 28900000,
      "rd": null,
      "sga": 31230000,
      "fcf": -35531000,
      "ocf": -35531000,
      "capex": null,
      "gross_margin": 0.5834414367666984,
      "op_margin": 0.09929660699357144,
      "fcf_margin": -0.5121364121191155,
      "incr_op_margin_yoy": 0.42804704472245114,
      "rev_growth_yoy": 0.6255388940955952,
      "rev_growth_yoy_accel": -0.4401895148236096,
      "fcf_margin_change": -0.5488975068014006
    },
    {
      "date": "2022-06-30T00:00:00",
      "quarter_label": "2022-06 (Q2)",
      "revenue": 65414000,
      "gross_profit": 37356000,
      "operating_income": -6183000,
      "net_income": -8315000,
      "opex": 71597000,
      "cogs": 28058000,
      "rd": null,
      "sga": 40965000,
      "fcf": -7524000,
      "ocf": -7524000,
      "capex": null,
      "gross_margin": 0.5710704130614241,
      "op_margin": -0.09452105053963983,
      "fcf_margin": -0.11502124927385575,
      "incr_op_margin_yoy": -0.17625136541797853,
      "rev_growth_yoy": 0.31219032717498146,
      "rev_growth_yoy_accel": -0.3133485669206137,
      "fcf_margin_change": 0.3971151628452598
    },
    {
      "date": "2022-09-30T00:00:00",
      "quarter_label": "2022-09 (Q3)",
      "revenue": 63624000,
      "gross_profit": 26810000,
      "operating_income": -312945000,
      "net_income": -264697000,
      "opex": 376569000,
      "cogs": 36814000,
      "rd": null,
      "sga": 43692000,
      "fcf": -14806000,
      "ocf": -13879000,
      "capex": -927000,
      "gross_margin": 0.4213818684773042,
      "op_margin": -4.918662768766503,
      "fcf_margin": -0.2327109266943292,
      "incr_op_margin_yoy": -58.35895975702354,
      "rev_growth_yoy": 0.09027349372815134,
      "rev_growth_yoy_accel": -0.2219168334468301,
      "fcf_margin_change": -0.11768967742047344
    },
    {
      "date": "2022-12-31T00:00:00",
      "quarter_label": "2022-12 (Q4)",
      "revenue": 68517000,
      "gross_profit": 32647000,
      "operating_income": -13446000,
      "net_income": -10235000,
      "opex": 81963000,
      "cogs": 35870000,
      "rd": null,
      "sga": 46458000,
      "fcf": -4224000,
      "ocf": -2500000,
      "capex": -1724000,
      "gross_margin": 0.4764802895631741,
      "op_margin": -0.19624326809404966,
      "fcf_margin": -0.06164893384123648,
      "incr_op_margin_yoy": -1.5420866750055184,
      "rev_growth_yoy": -0.28403640581406286,
      "rev_growth_yoy_accel": -0.3743098995422142,
      "op_leverage_ratio": Infinity,
      "fcf_margin_change": 0.1710619928530927
    },
    {
      "date": "2023-03-31T00:00:00",
      "quarter_label": "2023-03 (Q1)",
      "revenue": 51441000,
      "gross_profit": 21295000,
      "operating_income": -29440000,
      "net_income": -37680000,
      "opex": 80881000,
      "cogs": 30146000,
      "rd": null,
      "sga": 50927000,
      "fcf": -23271000,
      "ocf": -21450000,
      "capex": -1821000,
      "gross_margin": 0.413969401839,
      "op_margin": -0.5723061371279718,
      "fcf_margin": -0.4523823409342742,
      "incr_op_margin_yoy": 2.0253665607403692,
      "rev_growth_yoy": -0.25854017123583845,
      "rev_growth_yoy_accel": 0.02549623457822442,
      "fcf_margin_change": -0.3907334070930377
    },
    {
      "date": "2023-06-30T00:00:00",
      "quarter_label": "2023-06 (Q2)",
      "revenue": 35101000,
      "gross_profit": 24242000,
      "operating_income": -156206000,
      "net_income": -133883000,
      "opex": 191307000,
      "cogs": 10859000,
      "rd": null,
      "sga": 32592000,
      "fcf": -4104000,
      "ocf": -5173000,
      "capex": 1069000,
      "gross_margin": 0.6906355944275092,
      "op_margin": -4.450186604370246,
      "fcf_margin": -0.11691974587618587,
      "incr_op_margin_yoy": 4.94913073598786,
      "rev_growth_yoy": -0.4634023297765004,
      "rev_growth_yoy_accel": -0.20486215854066198,
      "fcf_margin_change": 0.33546259505808834
    },
    {
      "date": "2023-09-30T00:00:00",
      "quarter_label": "2023-09 (Q3)",
      "revenue": 33282000,
      "gross_profit": 22373000,
      "operating_income": -11336000,
      "net_income": -15074000,
      "opex": 44618000,
      "cogs": 10909000,
      "rd": null,
      "sga": 25514000,
      "fcf": -15431000,
      "ocf": -14746000,
      "capex": -685000,
      "gross_margin": 0.672225226849348,
      "op_margin": -0.34060453097770566,
      "fcf_margin": -0.46364401177813835,
      "incr_op_margin_yoy": -9.940313756509129,
      "rev_growth_yoy": -0.47689551112787626,
      "rev_growth_yoy_accel": -0.013493181351375838,
      "fcf_margin_change": -0.3467242659019525
    },
    {
      "date": "2023-12-31T00:00:00",
      "quarter_label": "2023-12 (Q4)",
      "revenue": 39364000,
      "gross_profit": 28132000,
      "operating_income": 5152000,
      "net_income": 6219000,
      "opex": 34212000,
      "cogs": 11232000,
      "rd": null,
      "sga": 23861000,
      "fcf": -4032000,
      "ocf": -1922000,
      "capex": -2110000,
      "gross_margin": 0.714663143989432,
      "op_margin": 0.13088100802763947,
      "fcf_margin": -0.10242861497815263,
      "incr_op_margin_yoy": -0.6379446369155833,
      "rev_growth_yoy": -0.4254856458980983,
      "rev_growth_yoy_accel": 0.05140986522977797,
      "op_leverage_ratio": Infinity,
      "fcf_margin_change": 0.3612153967999857
    },
    {
      "date": "2024-03-31T00:00:00",
      "quarter_label": "2024-03 (Q1)",
      "revenue": 28319000,
      "gross_profit": 15812000,
      "operating_income": -8917000,
      "net_income": -16447000,
      "opex": 37236000,
      "cogs": 12507000,
      "rd": null,
      "sga": 22312000,
      "fcf": -10345000,
      "ocf": -9751000,
      "capex": -594000,
      "gross_margin": 0.5583530491895901,
      "op_margin": -0.3148769377449769,
      "fcf_margin": -0.3653024471203079,
      "incr_op_margin_yoy": -0.8875962286999395,
      "rev_growth_yoy": -0.4494858187049241,
      "rev_growth_yoy_accel": -0.024000172806825815,
      "fcf_margin_change": -0.26287383214215526
    },
    {
      "date": "2024-06-30T00:00:00",
      "quarter_label": "2024-06 (Q2)",
      "revenue": 24885000,
      "gross_profit": 16867000,
      "operating_income": -9203000,
      "net_income": -16652000,
      "opex": 34088000,
      "cogs": 8018000,
      "rd": null,
      "sga": 25489000,
      "fcf": -3679000,
      "ocf": -3029000,
      "capex": -650000,
      "gross_margin": 0.6777978702029335,
      "op_margin": -0.36982117741611414,
      "fcf_margin": -0.1478400642957605,
      "incr_op_margin_yoy": -14.389487079091621,
      "rev_growth_yoy": -0.29104583914988175,
      "rev_growth_yoy_accel": 0.15843997955504235,
      "fcf_margin_change": 0.2174623828245474
    },
    {
      "date": "2024-09-30T00:00:00",
      "quarter_label": "2024-09 (Q3)",
      "revenue": 12864000,
      "gross_profit": 17963000,
      "operating_income": -28142000,
      "net_income": -33755000,
      "opex": 41006000,
      "cogs": 3820000,
      "rd": null,
      "sga": 15479000,
      "fcf": -6976000,
      "ocf": -6520000,
      "capex": -456000,
      "gross_margin": 1.396377487562189,
      "op_margin": -2.187655472636816,
      "fcf_margin": -0.5422885572139303,
      "incr_op_margin_yoy": 0.8230972671172495,
      "rev_growth_yoy": -0.6134847665404723,
      "rev_growth_yoy_accel": -0.3224389273905906,
      "fcf_margin_change": -0.39444849291816986
    },
    {
      "date": "2024-12-31T00:00:00",
      "quarter_label": "2024-12 (Q4)",
      "revenue": 83311000,
      "gross_profit": 23713000,
      "operating_income": -6544000,
      "net_income": -12543000,
      "opex": 89855000,
      "cogs": 32609000,
      "rd": null,
      "sga": 55473000,
      "fcf": -401000,
      "ocf": 161000,
      "capex": -562000,
      "gross_margin": 0.284632281451429,
      "op_margin": -0.07854905114570705,
      "fcf_margin": -0.004813289961709738,
      "incr_op_margin_yoy": -0.2661387580494687,
      "rev_growth_yoy": 1.1164261762016054,
      "rev_growth_yoy_accel": 1.7299109427420778,
      "op_leverage_ratio": 4.597039142681442,
      "fcf_margin_change": 0.5374752672522206
    },
    {
      "date": "2025-03-31T00:00:00",
      "quarter_label": "2025-03 (Q1)",
      "revenue": 28875000,
      "gross_profit": 19822000,
      "operating_income": -6260000,
      "net_income": -9041000,
      "opex": 35135000,
      "cogs": 9053000,
      "rd": null,
      "sga": 25397000,
      "fcf": -7654000,
      "ocf": -7620000,
      "capex": -34000,
      "gross_margin": 0.6864761904761905,
      "op_margin": -0.2167965367965368,
      "fcf_margin": -0.2650735930735931,
      "rev_growth_yoy": 0.019633461633532256,
      "rev_growth_yoy_accel": -1.0967927145680731,
      "fcf_margin_change": -0.2602603031118833
    },
    {
      "date": "2025-06-30T00:00:00",
      "quarter_label": "2025-06 (Q2)",
      "revenue": 28148000,
      "gross_profit": 18409000,
      "operating_income": -5883000,
      "net_income": -7679000,
      "opex": 34031000,
      "cogs": 9739000,
      "rd": null,
      "sga": 22366000,
      "fcf": -4282000,
      "ocf": -3887000,
      "capex": -395000,
      "gross_margin": 0.6540073895125764,
      "op_margin": -0.20900241580218842,
      "fcf_margin": -0.1521244848657098,
      "incr_op_margin_yoy": 1.0174685871897027,
      "rev_growth_yoy": 0.13112316656620454,
      "rev_growth_yoy_accel": 0.11148970493267228,
      "fcf_margin_change": 0.11294910820788326
    },
    {
      "date": "2025-09-30T00:00:00",
      "quarter_label": "2025-09 (Q3)",
      "revenue": 28994000,
      "gross_profit": 22040000,
      "operating_income": 1366000,
      "net_income": 460000,
      "opex": 27628000,
      "cogs": 6954000,
      "rd": null,
      "sga": 20434000,
      "fcf": 9812000,
      "ocf": 10129000,
      "capex": -317000,
      "gross_margin": 0.7601572739187418,
      "op_margin": 0.04711319583362075,
      "fcf_margin": 0.33841484445057596,
      "incr_op_margin_yoy": 1.8293862368257905,
      "rev_growth_yoy": 1.253886815920398,
      "rev_growth_yoy_accel": 1.1227636493541935,
      "op_leverage_ratio": Infinity,
      "fcf_margin_change": 0.49053932931628574
    }
  ],
  "signals": [
    {
      "quarter": "2025-09 (Q3)",
      "signal": "FCF TURNED POSITIVE",
      "detail": "FCF margin: -15.2% -> +33.8%",
      "severity": "HIGH"
    },
    {
      "quarter": "2025-09 (Q3)",
      "signal": "GROSS MARGIN INFLECTION",
      "detail": "GM: +68.6% -> +65.4% -> +76.0% (reversal +10.6%)",
      "severity": "HIGH"
    },
    {
      "quarter": "2025-09 (Q3)",
      "signal": "YoY REVENUE GROWTH ACCELERATION",
      "detail": "YoY growth: +125.4% vs prior quarter YoY: +13.1% (accel: +112.3%)",
      "severity": "HIGH"
    },
    {
      "quarter": "2025-09 (Q3)",
      "signal": "OP MARGIN TURNED POSITIVE (YoY)",
      "detail": "Op margin: -218.8% (year-ago) -> +4.7%",
      "severity": "HIGH"
    },
    {
      "quarter": "2025-09 (Q3)",
      "signal": "OP MARGIN TURNED POSITIVE (QoQ)",
      "detail": "Op margin: -20.9% -> +4.7%",
      "severity": "HIGH"
    },
    {
      "quarter": "2025-06 (Q2)",
      "signal": "FCF MARGIN EXPANSION",
      "detail": "FCF margin: -26.5% -> -15.2% (+11.3%)",
      "severity": "MEDIUM"
    },
    {
      "quarter": "2025-06 (Q2)",
      "signal": "YoY REVENUE GROWTH ACCELERATION",
      "detail": "YoY growth: +13.1% vs prior quarter YoY: +2.0% (accel: +11.1%)",
      "severity": "MEDIUM"
    },
    {
      "quarter": "2025-03 (Q1)",
      "signal": "GROSS MARGIN INFLECTION",
      "detail": "GM: +139.6% -> +28.5% -> +68.6% (reversal +40.2%)",
      "severity": "HIGH"
    },
    {
      "quarter": "2025-03 (Q1)",
      "signal": "YoY REVENUE GROWTH DECELERATION",
      "detail": "YoY growth: +2.0% vs prior quarter YoY: +111.6% (decel: -109.7%)",
      "severity": "WARNING"
    },
    {
      "quarter": "2024-12 (Q4)",
      "signal": "FCF MARGIN EXPANSION",
      "detail": "FCF margin: -54.2% -> -0.5% (+53.7%)",
      "severity": "MEDIUM"
    },
    {
      "quarter": "2024-12 (Q4)",
      "signal": "OPERATING LEVERAGE",
      "detail": "Rev growth +547.6% vs OpEx growth +119.1% (leverage: 4.6x)",
      "severity": "MEDIUM"
    },
    {
      "quarter": "2024-12 (Q4)",
      "signal": "YoY REVENUE GROWTH ACCELERATION",
      "detail": "YoY growth: +111.6% vs prior quarter YoY: -61.3% (accel: +173.0%)",
      "severity": "HIGH"
    },
    {
      "quarter": "2024-09 (Q3)",
      "signal": "YoY REVENUE GROWTH DECELERATION",
      "detail": "YoY growth: -61.3% vs prior quarter YoY: -29.1% (decel: -32.2%)",
      "severity": "WARNING"
    },
    {
      "quarter": "2024-06 (Q2)",
      "signal": "FCF MARGIN EXPANSION",
      "detail": "FCF margin: -36.5% -> -14.8% (+21.7%)",
      "severity": "MEDIUM"
    },
    {
      "quarter": "2024-06 (Q2)",
      "signal": "GROSS MARGIN INFLECTION",
      "detail": "GM: +71.5% -> +55.8% -> +67.8% (reversal +11.9%)",
      "severity": "HIGH"
    },
    {
      "quarter": "2024-06 (Q2)",
      "signal": "YoY REVENUE GROWTH ACCELERATION",
      "detail": "YoY growth: -29.1% vs prior quarter YoY: -44.9% (accel: +15.8%)",
      "severity": "HIGH"
    },
    {
      "quarter": "2023-12 (Q4)",
      "signal": "FCF MARGIN EXPANSION",
      "detail": "FCF margin: -46.4% -> -10.2% (+36.1%)",
      "severity": "MEDIUM"
    },
    {
      "quarter": "2023-12 (Q4)",
      "signal": "GROSS MARGIN INFLECTION",
      "detail": "GM: +69.1% -> +67.2% -> +71.5% (reversal +4.2%)",
      "severity": "MEDIUM"
    },
    {
      "quarter": "2023-12 (Q4)",
      "signal": "YoY REVENUE GROWTH ACCELERATION",
      "detail": "YoY growth: -42.5% vs prior quarter YoY: -47.7% (accel: +5.1%)",
      "severity": "MEDIUM"
    },
    {
      "quarter": "2023-12 (Q4)",
      "signal": "OP MARGIN TURNED POSITIVE (YoY)",
      "detail": "Op margin: -19.6% (year-ago) -> +13.1%",
      "severity": "HIGH"
    },
    {
      "quarter": "2023-12 (Q4)",
      "signal": "OP MARGIN TURNED POSITIVE (QoQ)",
      "detail": "Op margin: -34.1% -> +13.1%",
      "severity": "HIGH"
    },
    {
      "quarter": "2023-06 (Q2)",
      "signal": "FCF MARGIN EXPANSION",
      "detail": "FCF margin: -45.2% -> -11.7% (+33.5%)",
      "severity": "MEDIUM"
    },
    {
      "quarter": "2023-06 (Q2)",
      "signal": "GROSS MARGIN INFLECTION",
      "detail": "GM: +47.6% -> +41.4% -> +69.1% (reversal +27.7%)",
      "severity": "HIGH"
    },
    {
      "quarter": "2023-06 (Q2)",
      "signal": "YoY REVENUE GROWTH DECELERATION",
      "detail": "YoY growth: -46.3% vs prior quarter YoY: -25.9% (decel: -20.5%)",
      "severity": "WARNING"
    },
    {
      "quarter": "2022-12 (Q4)",
      "signal": "FCF MARGIN EXPANSION",
      "detail": "FCF margin: -23.3% -> -6.2% (+17.1%)",
      "severity": "MEDIUM"
    },
    {
      "quarter": "2022-12 (Q4)",
      "signal": "GROSS MARGIN INFLECTION",
      "detail": "GM: +57.1% -> +42.1% -> +47.6% (reversal +5.5%)",
      "severity": "HIGH"
    },
    {
      "quarter": "2022-12 (Q4)",
      "signal": "YoY REVENUE GROWTH DECELERATION",
      "detail": "YoY growth: -28.4% vs prior quarter YoY: +9.0% (decel: -37.4%)",
      "severity": "WARNING"
    },
    {
      "quarter": "2022-09 (Q3)",
      "signal": "YoY REVENUE GROWTH DECELERATION",
      "detail": "YoY growth: +9.0% vs prior quarter YoY: +31.2% (decel: -22.2%)",
      "severity": "WARNING"
    },
    {
      "quarter": "2022-06 (Q2)",
      "signal": "FCF MARGIN EXPANSION",
      "detail": "FCF margin: -51.2% -> -11.5% (+39.7%)",
      "severity": "MEDIUM"
    },
    {
      "quarter": "2022-06 (Q2)",
      "signal": "YoY REVENUE GROWTH DECELERATION",
      "detail": "YoY growth: +31.2% vs prior quarter YoY: +62.6% (decel: -31.3%)",
      "severity": "WARNING"
    },
    {
      "quarter": "2022-03 (Q1)",
      "signal": "GROSS MARGIN INFLECTION",
      "detail": "GM: +56.8% -> +51.7% -> +58.3% (reversal +6.7%)",
      "severity": "HIGH"
    },
    {
      "quarter": "2022-03 (Q1)",
      "signal": "YoY REVENUE GROWTH DECELERATION",
      "detail": "YoY growth: +62.6% vs prior quarter YoY: +106.6% (decel: -44.0%)",
      "severity": "WARNING"
    },
    {
      "quarter": "2022-03 (Q1)",
      "signal": "OP MARGIN TURNED POSITIVE (YoY)",
      "detail": "Op margin: -10.6% (year-ago) -> +9.9%",
      "severity": "HIGH"
    },
    {
      "quarter": "2022-03 (Q1)",
      "signal": "OP MARGIN TURNED POSITIVE (QoQ)",
      "detail": "Op margin: -57.9% -> +9.9%",
      "severity": "HIGH"
    },
    {
      "quarter": "2021-12 (Q4)",
      "signal": "FCF TURNED POSITIVE",
      "detail": "FCF margin: -36.8% -> +3.7%",
      "severity": "HIGH"
    },
    {
      "quarter": "2021-06 (Q2)",
      "signal": "FCF MARGIN EXPANSION",
      "detail": "FCF margin: -33.5% -> -14.7% (+18.8%)",
      "severity": "MEDIUM"
    }
  ],
  "data_quality": {
    "n_quarters": 20,
    "coverage": {
      "revenue": [
        20,
        20
      ],
      "gross_profit": [
        20,
        20
      ],
      "op_income": [
        20,
        20
      ],
      "fcf": [
        20,
        20
      ]
    },
    "gaps": [],
    "warnings": []
  },
  "market_cap": null,
  "source": "SEC EDGAR",
  "last_updated": "2026-02-02T23:04:18.522884"
}