{
  "ticker": "PLCE",
  "name": "THE CHILDREN\u2019S PLACE,\u00a0INC.",
  "quarters": [
    {
      "date": "2021-01-30T00:00:00",
      "quarter_label": "2021-01 (Q1)",
      "revenue": 472897000,
      "gross_profit": 139779000,
      "operating_income": 14389000,
      "net_income": 7764000,
      "opex": 125390000,
      "cogs": 333118000,
      "rd": null,
      "sga": 108792000,
      "fcf": 15014000,
      "ocf": 15014000,
      "capex": null,
      "gross_margin": 0.29558022148586266,
      "op_margin": 0.030427344643759634,
      "fcf_margin": 0.031748985508472244
    },
    {
      "date": "2021-05-01T00:00:00",
      "quarter_label": "2021-05 (Q2)",
      "revenue": 435481000,
      "gross_profit": 188206000,
      "operating_income": 65907000,
      "net_income": 45205000,
      "opex": 122299000,
      "cogs": 247275000,
      "rd": null,
      "sga": 106738000,
      "fcf": -23288000,
      "ocf": -16562000,
      "capex": -6726000,
      "gross_margin": 0.43217958992470396,
      "op_margin": 0.15134299774272586,
      "fcf_margin": -0.05347650069693052,
      "fcf_margin_change": -0.08522548620540277
    },
    {
      "date": "2021-07-31T00:00:00",
      "quarter_label": "2021-07 (Q3)",
      "revenue": 413855000,
      "gross_profit": 167861000,
      "operating_income": 37849000,
      "net_income": 24095000,
      "opex": 130012000,
      "cogs": 245994000,
      "rd": null,
      "sga": 115620000,
      "fcf": 6495000,
      "ocf": 13265000,
      "capex": -6770000,
      "gross_margin": 0.4056034118229815,
      "op_margin": 0.09145473656232256,
      "fcf_margin": 0.015693902453757957,
      "fcf_margin_change": 0.06917040315068848
    },
    {
      "date": "2021-10-30T00:00:00",
      "quarter_label": "2021-10 (Q4)",
      "revenue": 558225000,
      "gross_profit": 244831000,
      "operating_income": 113810000,
      "net_income": 78868000,
      "opex": 131021000,
      "cogs": 313394000,
      "rd": null,
      "sga": 115563000,
      "fcf": 62241000,
      "ocf": 70745000,
      "capex": -8504000,
      "gross_margin": 0.4385883828205473,
      "op_margin": 0.20387836445877558,
      "fcf_margin": 0.11149805186080881,
      "op_leverage_ratio": 44.94910232644334,
      "fcf_margin_change": 0.09580414940705086
    },
    {
      "date": "2022-01-29T00:00:00",
      "quarter_label": "2022-01 (Q1)",
      "revenue": 507803000,
      "gross_profit": 193842000,
      "operating_income": 58082000,
      "net_income": 39003000,
      "opex": 135760000,
      "cogs": 313961000,
      "rd": null,
      "sga": 121248000,
      "fcf": 58521000,
      "ocf": 65828000,
      "capex": -7307000,
      "gross_margin": 0.3817267719962269,
      "op_margin": 0.11437900130562442,
      "fcf_margin": 0.11524350978627539,
      "incr_op_margin_yoy": 1.251733226379419,
      "rev_growth_yoy": 0.07381311363785349,
      "fcf_margin_change": 0.003745457925466572
    },
    {
      "date": "2022-04-30T00:00:00",
      "quarter_label": "2022-04 (Q2)",
      "revenue": 362350000,
      "gross_profit": 141905000,
      "operating_income": 19254000,
      "net_income": 19831000,
      "opex": 122651000,
      "cogs": 220445000,
      "rd": null,
      "sga": 109036000,
      "fcf": -29560000,
      "ocf": -18837000,
      "capex": -10723000,
      "gross_margin": 0.39162412032565197,
      "op_margin": 0.053136470263557334,
      "fcf_margin": -0.08157858424175521,
      "incr_op_margin_yoy": 0.6379374000082044,
      "rev_growth_yoy": -0.16793155154874725,
      "rev_growth_yoy_accel": -0.24174466518660076,
      "fcf_margin_change": -0.19682209402803058
    },
    {
      "date": "2022-07-30T00:00:00",
      "quarter_label": "2022-07 (Q3)",
      "revenue": 380885000,
      "gross_profit": 115463000,
      "operating_income": -13829000,
      "net_income": -13298000,
      "opex": 129292000,
      "cogs": 265422000,
      "rd": null,
      "sga": 114672000,
      "fcf": -41995000,
      "ocf": -33952000,
      "capex": -8043000,
      "gross_margin": 0.3031439935938669,
      "op_margin": -0.03630754689735747,
      "fcf_margin": -0.11025637659661053,
      "incr_op_margin_yoy": 1.567424931756142,
      "rev_growth_yoy": -0.07966558335648959,
      "rev_growth_yoy_accel": 0.08826596819225767,
      "op_leverage_ratio": 0.9447174512725379,
      "fcf_margin_change": -0.02867779235485532
    },
    {
      "date": "2022-10-29T00:00:00",
      "quarter_label": "2022-10 (Q4)",
      "revenue": 509120000,
      "gross_profit": 176931000,
      "operating_income": 57837000,
      "net_income": 42855000,
      "opex": 119094000,
      "cogs": 332189000,
      "rd": null,
      "sga": 106631000,
      "fcf": 23396000,
      "ocf": 35824000,
      "capex": -12428000,
      "gross_margin": 0.3475231772470145,
      "op_margin": 0.11360190131992458,
      "fcf_margin": 0.045953802639849155,
      "incr_op_margin_yoy": 1.1398635576825171,
      "rev_growth_yoy": -0.08796632182363742,
      "rev_growth_yoy_accel": -0.008300738467147836,
      "op_leverage_ratio": Infinity,
      "fcf_margin_change": 0.1562101792364597
    },
    {
      "date": "2023-01-28T00:00:00",
      "quarter_label": "2023-01 (Q1)",
      "revenue": 456127000,
      "gross_profit": 79722000,
      "operating_income": -64791000,
      "net_income": -50525000,
      "opex": 144513000,
      "cogs": 376405000,
      "rd": null,
      "sga": 130492000,
      "fcf": -5637000,
      "ocf": 8747000,
      "capex": -14384000,
      "gross_margin": 0.17478026953019662,
      "op_margin": -0.14204596526844498,
      "fcf_margin": -0.01235840018240534,
      "incr_op_margin_yoy": 2.3777575663751063,
      "rev_growth_yoy": -0.10176387299799332,
      "rev_growth_yoy_accel": -0.013797551174355896,
      "fcf_margin_change": -0.058312202822254494
    },
    {
      "date": "2023-04-29T00:00:00",
      "quarter_label": "2023-04 (Q2)",
      "revenue": 321640000,
      "gross_profit": 96462000,
      "operating_income": -30067000,
      "net_income": -28834000,
      "opex": 126529000,
      "cogs": 225178000,
      "rd": null,
      "sga": 112931000,
      "fcf": -5848000,
      "ocf": 5134000,
      "capex": -10982000,
      "gross_margin": 0.2999067280189031,
      "op_margin": -0.0934802885213282,
      "fcf_margin": -0.01818181818181818,
      "incr_op_margin_yoy": 1.2115205109309752,
      "rev_growth_yoy": -0.11234993790534015,
      "rev_growth_yoy_accel": -0.010586064907346829,
      "fcf_margin_change": -0.0058234179994128416
    },
    {
      "date": "2023-07-29T00:00:00",
      "quarter_label": "2023-07 (Q3)",
      "revenue": 345599000,
      "gross_profit": 87759000,
      "operating_income": -36941000,
      "net_income": -35355000,
      "opex": 124700000,
      "cogs": 257840000,
      "rd": null,
      "sga": 111965000,
      "fcf": -45009000,
      "ocf": -37839000,
      "capex": -7170000,
      "gross_margin": 0.2539330264265811,
      "op_margin": -0.10688977688014144,
      "fcf_margin": -0.1302347518366662,
      "incr_op_margin_yoy": 0.6549906478490053,
      "rev_growth_yoy": -0.09264213607781877,
      "rev_growth_yoy_accel": 0.019707801827521382,
      "op_leverage_ratio": Infinity,
      "fcf_margin_change": -0.112052933654848
    },
    {
      "date": "2023-10-28T00:00:00",
      "quarter_label": "2023-10 (Q4)",
      "revenue": 480234000,
      "gross_profit": 162052000,
      "operating_income": 44967000,
      "net_income": 38482000,
      "opex": 117085000,
      "cogs": 318182000,
      "rd": null,
      "sga": 104770000,
      "fcf": -16144000,
      "ocf": -9927000,
      "capex": -6217000,
      "gross_margin": 0.33744382946646845,
      "op_margin": 0.0936356026437112,
      "fcf_margin": -0.033616945072610434,
      "incr_op_margin_yoy": 0.44554455445544555,
      "rev_growth_yoy": -0.05673711502199874,
      "rev_growth_yoy_accel": 0.035905021055820024,
      "op_leverage_ratio": Infinity,
      "fcf_margin_change": 0.09661780676405576
    },
    {
      "date": "2024-02-03T00:00:00",
      "quarter_label": "2024-02 (Q1)",
      "revenue": 455034000,
      "gross_profit": 98911000,
      "operating_income": -61756000,
      "net_income": -128836000,
      "opex": 160667000,
      "cogs": 356123000,
      "rd": null,
      "sga": 117587000,
      "fcf": 132242000,
      "ocf": 135432000,
      "capex": -3190000,
      "gross_margin": 0.21737057011124444,
      "op_margin": -0.13571733101262762,
      "fcf_margin": 0.29062004157931054,
      "incr_op_margin_yoy": -2.77676120768527,
      "rev_growth_yoy": -0.002396262444450778,
      "rev_growth_yoy_accel": 0.05434085257754796,
      "fcf_margin_change": 0.32423698665192097
    },
    {
      "date": "2024-05-04T00:00:00",
      "quarter_label": "2024-05 (Q2)",
      "revenue": 267878000,
      "gross_profit": 92741000,
      "operating_income": -27988000,
      "net_income": -37795000,
      "opex": 120729000,
      "cogs": 175137000,
      "rd": null,
      "sga": 109094000,
      "fcf": -115450000,
      "ocf": -110756000,
      "capex": -4694000,
      "gross_margin": 0.3462061087509986,
      "op_margin": -0.10448039779302519,
      "fcf_margin": -0.430979774374902,
      "incr_op_margin_yoy": -0.038670436367694655,
      "rev_growth_yoy": -0.16714960825767938,
      "rev_growth_yoy_accel": -0.1647533458132286,
      "fcf_margin_change": -0.7215998159542125
    },
    {
      "date": "2024-08-03T00:00:00",
      "quarter_label": "2024-08 (Q3)",
      "revenue": 319655000,
      "gross_profit": 111794000,
      "operating_income": -21776000,
      "net_income": -32114000,
      "opex": 133570000,
      "cogs": 207861000,
      "rd": null,
      "sga": 96065000,
      "fcf": -91715000,
      "ocf": -83931000,
      "capex": -7784000,
      "gross_margin": 0.34973330622076926,
      "op_margin": -0.06812344558977648,
      "fcf_margin": -0.28691870923339224,
      "incr_op_margin_yoy": -0.5845282146160962,
      "rev_growth_yoy": -0.07506966165990063,
      "rev_growth_yoy_accel": 0.09207994659777875,
      "op_leverage_ratio": 1.8172412778856724,
      "fcf_margin_change": 0.14406106514150974
    },
    {
      "date": "2024-11-02T00:00:00",
      "quarter_label": "2024-11 (Q4)",
      "revenue": 390173000,
      "gross_profit": 138341000,
      "operating_income": 29258000,
      "net_income": 20080000,
      "opex": 109083000,
      "cogs": 251832000,
      "rd": null,
      "sga": 99817000,
      "fcf": -47675000,
      "ocf": -44229000,
      "capex": -3446000,
      "gross_margin": 0.35456323220725167,
      "op_margin": 0.07498724924584735,
      "fcf_margin": -0.12218938778439307,
      "incr_op_margin_yoy": 0.17442622222715715,
      "rev_growth_yoy": -0.18753565969922995,
      "rev_growth_yoy_accel": -0.11246599803932932,
      "op_leverage_ratio": Infinity,
      "fcf_margin_change": 0.16472932144899916
    },
    {
      "date": "2025-02-01T00:00:00",
      "quarter_label": "2025-02 (Q1)",
      "revenue": 408563000,
      "gross_profit": 116585000,
      "operating_income": 6805000,
      "net_income": -7990000,
      "opex": 109780000,
      "cogs": 291978000,
      "rd": null,
      "sga": 100574000,
      "fcf": 121416000,
      "ocf": 121322000,
      "capex": 94000,
      "gross_margin": 0.28535378876697104,
      "op_margin": 0.016655938007112733,
      "fcf_margin": 0.2971781585704041,
      "incr_op_margin_yoy": -1.4753502184157863,
      "rev_growth_yoy": -0.1021264345081906,
      "rev_growth_yoy_accel": 0.08540922519103934,
      "op_leverage_ratio": 7.376473926341786,
      "fcf_margin_change": 0.41936754635479717
    },
    {
      "date": "2025-05-03T00:00:00",
      "quarter_label": "2025-05 (Q2)",
      "revenue": 242125000,
      "gross_profit": 70783000,
      "operating_income": -24117000,
      "net_income": -34023000,
      "opex": 94900000,
      "cogs": 171342000,
      "rd": null,
      "sga": 86670000,
      "fcf": -46371000,
      "ocf": -42958000,
      "capex": -3413000,
      "gross_margin": 0.29234073309241093,
      "op_margin": -0.09960557563242127,
      "fcf_margin": -0.19151677852348994,
      "incr_op_margin_yoy": -0.15031258494156022,
      "rev_growth_yoy": -0.0961370474619043,
      "rev_growth_yoy_accel": 0.005989387046286307,
      "fcf_margin_change": -0.488694937093894
    },
    {
      "date": "2025-08-02T00:00:00",
      "quarter_label": "2025-08 (Q3)",
      "revenue": 298006000,
      "gross_profit": 101272000,
      "operating_income": 4106000,
      "net_income": -5365000,
      "opex": 97166000,
      "cogs": 196734000,
      "rd": null,
      "sga": 89596000,
      "fcf": -31908000,
      "ocf": -30478000,
      "capex": -1430000,
      "gross_margin": 0.3398320839177735,
      "op_margin": 0.013778246075582371,
      "fcf_margin": -0.10707166969792555,
      "incr_op_margin_yoy": -1.1955286618319554,
      "rev_growth_yoy": -0.06772614224711017,
      "rev_growth_yoy_accel": 0.028410905214794127,
      "op_leverage_ratio": 9.665645047595918,
      "fcf_margin_change": 0.0844451088255644
    },
    {
      "date": "2025-11-01T00:00:00",
      "quarter_label": "2025-11 (Q4)",
      "revenue": 339466000,
      "gross_profit": 112304000,
      "operating_income": 3669000,
      "net_income": -4320000,
      "opex": 108635000,
      "cogs": 227162000,
      "rd": null,
      "sga": 101301000,
      "fcf": -3404000,
      "ocf": 6242000,
      "capex": -9646000,
      "gross_margin": 0.33082547294869,
      "op_margin": 0.0108081516263779,
      "fcf_margin": -0.01002751380108759,
      "incr_op_margin_yoy": 0.5046443291853195,
      "rev_growth_yoy": -0.12996029966194483,
      "rev_growth_yoy_accel": -0.062234157414834665,
      "op_leverage_ratio": 1.178672257122438,
      "fcf_margin_change": 0.09704415589683796
    }
  ],
  "signals": [
    {
      "quarter": "2025-11 (Q4)",
      "signal": "FCF MARGIN EXPANSION",
      "detail": "FCF margin: -10.7% -> -1.0% (+9.7%)",
      "severity": "MEDIUM"
    },
    {
      "quarter": "2025-11 (Q4)",
      "signal": "YoY REVENUE GROWTH DECELERATION",
      "detail": "YoY growth: -13.0% vs prior quarter YoY: -6.8% (decel: -6.2%)",
      "severity": "WARNING"
    },
    {
      "quarter": "2025-11 (Q4)",
      "signal": "INCREMENTAL MARGIN (YoY)",
      "detail": "YoY Incr OPM: +50.5% vs year-ago OPM: +7.5%",
      "severity": "HIGH"
    },
    {
      "quarter": "2025-08 (Q3)",
      "signal": "FCF MARGIN EXPANSION",
      "detail": "FCF margin: -19.2% -> -10.7% (+8.4%)",
      "severity": "MEDIUM"
    },
    {
      "quarter": "2025-08 (Q3)",
      "signal": "OPERATING LEVERAGE",
      "detail": "Rev growth +23.1% vs OpEx growth +2.4% (leverage: 9.7x)",
      "severity": "MEDIUM"
    },
    {
      "quarter": "2025-08 (Q3)",
      "signal": "OP MARGIN TURNED POSITIVE (YoY)",
      "detail": "Op margin: -6.8% (year-ago) -> +1.4%",
      "severity": "HIGH"
    },
    {
      "quarter": "2025-08 (Q3)",
      "signal": "OP MARGIN TURNED POSITIVE (QoQ)",
      "detail": "Op margin: -10.0% -> +1.4%",
      "severity": "HIGH"
    },
    {
      "quarter": "2025-02 (Q1)",
      "signal": "FCF TURNED POSITIVE",
      "detail": "FCF margin: -12.2% -> +29.7%",
      "severity": "HIGH"
    },
    {
      "quarter": "2025-02 (Q1)",
      "signal": "OPERATING LEVERAGE",
      "detail": "Rev growth +4.7% vs OpEx growth +0.6% (leverage: 7.4x)",
      "severity": "MEDIUM"
    },
    {
      "quarter": "2025-02 (Q1)",
      "signal": "YoY REVENUE GROWTH ACCELERATION",
      "detail": "YoY growth: -10.2% vs prior quarter YoY: -18.8% (accel: +8.5%)",
      "severity": "MEDIUM"
    },
    {
      "quarter": "2025-02 (Q1)",
      "signal": "OP MARGIN TURNED POSITIVE (YoY)",
      "detail": "Op margin: -13.6% (year-ago) -> +1.7%",
      "severity": "HIGH"
    },
    {
      "quarter": "2024-11 (Q4)",
      "signal": "FCF MARGIN EXPANSION",
      "detail": "FCF margin: -28.7% -> -12.2% (+16.5%)",
      "severity": "MEDIUM"
    },
    {
      "quarter": "2024-11 (Q4)",
      "signal": "YoY REVENUE GROWTH DECELERATION",
      "detail": "YoY growth: -18.8% vs prior quarter YoY: -7.5% (decel: -11.2%)",
      "severity": "WARNING"
    },
    {
      "quarter": "2024-11 (Q4)",
      "signal": "OP MARGIN TURNED POSITIVE (QoQ)",
      "detail": "Op margin: -6.8% -> +7.5%",
      "severity": "HIGH"
    },
    {
      "quarter": "2024-08 (Q3)",
      "signal": "FCF MARGIN EXPANSION",
      "detail": "FCF margin: -43.1% -> -28.7% (+14.4%)",
      "severity": "MEDIUM"
    },
    {
      "quarter": "2024-08 (Q3)",
      "signal": "OPERATING LEVERAGE",
      "detail": "Rev growth +19.3% vs OpEx growth +10.6% (leverage: 1.8x)",
      "severity": "MEDIUM"
    },
    {
      "quarter": "2024-08 (Q3)",
      "signal": "YoY REVENUE GROWTH ACCELERATION",
      "detail": "YoY growth: -7.5% vs prior quarter YoY: -16.7% (accel: +9.2%)",
      "severity": "MEDIUM"
    },
    {
      "quarter": "2024-05 (Q2)",
      "signal": "GROSS MARGIN INFLECTION",
      "detail": "GM: +33.7% -> +21.7% -> +34.6% (reversal +12.9%)",
      "severity": "HIGH"
    },
    {
      "quarter": "2024-05 (Q2)",
      "signal": "YoY REVENUE GROWTH DECELERATION",
      "detail": "YoY growth: -16.7% vs prior quarter YoY: -0.2% (decel: -16.5%)",
      "severity": "WARNING"
    },
    {
      "quarter": "2024-02 (Q1)",
      "signal": "FCF TURNED POSITIVE",
      "detail": "FCF margin: -3.4% -> +29.1%",
      "severity": "HIGH"
    },
    {
      "quarter": "2024-02 (Q1)",
      "signal": "YoY REVENUE GROWTH ACCELERATION",
      "detail": "YoY growth: -0.2% vs prior quarter YoY: -5.7% (accel: +5.4%)",
      "severity": "MEDIUM"
    },
    {
      "quarter": "2023-10 (Q4)",
      "signal": "FCF MARGIN EXPANSION",
      "detail": "FCF margin: -13.0% -> -3.4% (+9.7%)",
      "severity": "MEDIUM"
    },
    {
      "quarter": "2023-10 (Q4)",
      "signal": "GROSS MARGIN INFLECTION",
      "detail": "GM: +30.0% -> +25.4% -> +33.7% (reversal +8.4%)",
      "severity": "HIGH"
    },
    {
      "quarter": "2023-10 (Q4)",
      "signal": "INCREMENTAL MARGIN (YoY)",
      "detail": "YoY Incr OPM: +44.6% vs year-ago OPM: +11.4%",
      "severity": "HIGH"
    },
    {
      "quarter": "2023-10 (Q4)",
      "signal": "OP MARGIN TURNED POSITIVE (QoQ)",
      "detail": "Op margin: -10.7% -> +9.4%",
      "severity": "HIGH"
    },
    {
      "quarter": "2023-04 (Q2)",
      "signal": "GROSS MARGIN INFLECTION",
      "detail": "GM: +34.8% -> +17.5% -> +30.0% (reversal +12.5%)",
      "severity": "HIGH"
    },
    {
      "quarter": "2022-10 (Q4)",
      "signal": "FCF TURNED POSITIVE",
      "detail": "FCF margin: -11.0% -> +4.6%",
      "severity": "HIGH"
    },
    {
      "quarter": "2022-10 (Q4)",
      "signal": "GROSS MARGIN INFLECTION",
      "detail": "GM: +39.2% -> +30.3% -> +34.8% (reversal +4.4%)",
      "severity": "MEDIUM"
    },
    {
      "quarter": "2022-10 (Q4)",
      "signal": "INCREMENTAL MARGIN (YoY)",
      "detail": "YoY Incr OPM: +114.0% vs year-ago OPM: +20.4%",
      "severity": "HIGH"
    },
    {
      "quarter": "2022-10 (Q4)",
      "signal": "OP MARGIN TURNED POSITIVE (QoQ)",
      "detail": "Op margin: -3.6% -> +11.4%",
      "severity": "HIGH"
    },
    {
      "quarter": "2022-07 (Q3)",
      "signal": "YoY REVENUE GROWTH ACCELERATION",
      "detail": "YoY growth: -8.0% vs prior quarter YoY: -16.8% (accel: +8.8%)",
      "severity": "MEDIUM"
    },
    {
      "quarter": "2022-04 (Q2)",
      "signal": "YoY REVENUE GROWTH DECELERATION",
      "detail": "YoY growth: -16.8% vs prior quarter YoY: +7.4% (decel: -24.2%)",
      "severity": "WARNING"
    },
    {
      "quarter": "2022-04 (Q2)",
      "signal": "INCREMENTAL MARGIN (YoY)",
      "detail": "YoY Incr OPM: +63.8% vs year-ago OPM: +15.1%",
      "severity": "HIGH"
    },
    {
      "quarter": "2022-01 (Q1)",
      "signal": "INCREMENTAL MARGIN (YoY)",
      "detail": "YoY Incr OPM: +125.2% vs year-ago OPM: +3.0%",
      "severity": "HIGH"
    },
    {
      "quarter": "2021-10 (Q4)",
      "signal": "FCF MARGIN EXPANSION",
      "detail": "FCF margin: +1.6% -> +11.1% (+9.6%)",
      "severity": "MEDIUM"
    },
    {
      "quarter": "2021-10 (Q4)",
      "signal": "OPERATING LEVERAGE",
      "detail": "Rev growth +34.9% vs OpEx growth +0.8% (leverage: 44.9x)",
      "severity": "MEDIUM"
    },
    {
      "quarter": "2021-10 (Q4)",
      "signal": "GROSS MARGIN INFLECTION",
      "detail": "GM: +43.2% -> +40.6% -> +43.9% (reversal +3.3%)",
      "severity": "MEDIUM"
    },
    {
      "quarter": "2021-07 (Q3)",
      "signal": "FCF TURNED POSITIVE",
      "detail": "FCF margin: -5.3% -> +1.6%",
      "severity": "HIGH"
    }
  ],
  "data_quality": {
    "n_quarters": 20,
    "coverage": {
      "revenue": [
        20,
        20
      ],
      "gross_profit": [
        20,
        20
      ],
      "op_income": [
        20,
        20
      ],
      "fcf": [
        20,
        20
      ]
    },
    "gaps": [],
    "warnings": []
  },
  "market_cap": null,
  "source": "SEC EDGAR",
  "last_updated": "2026-02-02T23:23:04.818287"
}