{
  "ticker": "PLNT",
  "name": "Planet Fitness, Inc.",
  "quarters": [
    {
      "date": "2020-12-31T00:00:00",
      "quarter_label": "2020-12 (Q4)",
      "revenue": 133771000,
      "gross_profit": 108441000,
      "operating_income": 32172000,
      "net_income": 8690000,
      "opex": 101599000,
      "cogs": 25330000,
      "rd": null,
      "sga": 17442000,
      "fcf": 17412000,
      "ocf": 33253000,
      "capex": -15841000,
      "gross_margin": 0.8106465526907924,
      "op_margin": 0.24050055692190386,
      "fcf_margin": 0.13016274080331314
    },
    {
      "date": "2021-03-31T00:00:00",
      "quarter_label": "2021-03 (Q1)",
      "revenue": 111877000,
      "gross_profit": 103892000,
      "operating_income": 29406000,
      "net_income": 5581000,
      "opex": 82471000,
      "cogs": 7985000,
      "rd": null,
      "sga": 22490000,
      "fcf": 17164000,
      "ocf": 23523000,
      "capex": -6359000,
      "gross_margin": 0.9286269742663819,
      "op_margin": 0.2628422285188198,
      "fcf_margin": 0.15341848637342795,
      "fcf_margin_change": 0.02325574557011481
    },
    {
      "date": "2021-06-30T00:00:00",
      "quarter_label": "2021-06 (Q2)",
      "revenue": 137251000,
      "gross_profit": 118754000,
      "operating_income": 40252000,
      "net_income": 14010000,
      "opex": 96999000,
      "cogs": 18497000,
      "rd": null,
      "sga": 21789000,
      "fcf": 37707000,
      "ocf": 50743000,
      "capex": -13036000,
      "gross_margin": 0.865232311604287,
      "op_margin": 0.2932729087584061,
      "fcf_margin": 0.27473023875964475,
      "op_leverage_ratio": 1.2874890758234765,
      "fcf_margin_change": 0.1213117523862168
    },
    {
      "date": "2021-09-30T00:00:00",
      "quarter_label": "2021-09 (Q3)",
      "revenue": 154255000,
      "gross_profit": 127158000,
      "operating_income": 44547000,
      "net_income": 17443000,
      "opex": 109708000,
      "cogs": 27097000,
      "rd": null,
      "sga": 22969000,
      "fcf": 62828000,
      "ocf": 75224000,
      "capex": -12396000,
      "gross_margin": 0.8243363262130887,
      "op_margin": 0.2887880457683706,
      "fcf_margin": 0.40729960130952,
      "op_leverage_ratio": 0.9455651474917037,
      "fcf_margin_change": 0.13256936254987522
    },
    {
      "date": "2021-12-31T00:00:00",
      "quarter_label": "2021-12 (Q4)",
      "revenue": 183640000,
      "gross_profit": 136226000,
      "operating_income": 29190000,
      "net_income": 5740000,
      "opex": 154450000,
      "cogs": 47414000,
      "rd": null,
      "sga": 27292000,
      "fcf": 17516000,
      "ocf": 39799000,
      "capex": -22283000,
      "gross_margin": 0.741810063167066,
      "op_margin": 0.15895229797429755,
      "fcf_margin": 0.09538226965802657,
      "incr_op_margin_yoy": -0.059796667268242794,
      "rev_growth_yoy": 0.37279380433726295,
      "op_leverage_ratio": 0.4670994429193248,
      "fcf_margin_change": -0.3119173316514934
    },
    {
      "date": "2022-03-31T00:00:00",
      "quarter_label": "2022-03 (Q1)",
      "revenue": 186676000,
      "gross_profit": 164315000,
      "operating_income": 48657000,
      "net_income": 16464000,
      "opex": 138019000,
      "cogs": 22361000,
      "rd": null,
      "sga": 30826000,
      "fcf": 34138000,
      "ocf": 58010000,
      "capex": -23872000,
      "gross_margin": 0.8802149178255373,
      "op_margin": 0.26064946752662366,
      "fcf_margin": 0.1828729992071825,
      "incr_op_margin_yoy": 0.2573697509324991,
      "rev_growth_yoy": 0.6685824610956675,
      "rev_growth_yoy_accel": 0.2957886567584046,
      "op_leverage_ratio": Infinity,
      "fcf_margin_change": 0.08749072954915593
    },
    {
      "date": "2022-06-30T00:00:00",
      "quarter_label": "2022-06 (Q2)",
      "revenue": 224442000,
      "gross_profit": 191898000,
      "operating_income": 55092000,
      "net_income": 22342000,
      "opex": 169350000,
      "cogs": 32544000,
      "rd": null,
      "sga": 28202000,
      "fcf": 34702000,
      "ocf": 52253000,
      "capex": -17551000,
      "gross_margin": 0.8550004009944663,
      "op_margin": 0.24546207928997246,
      "fcf_margin": 0.15461455520802703,
      "incr_op_margin_yoy": 0.17020105286096043,
      "rev_growth_yoy": 0.6352667740125755,
      "rev_growth_yoy_accel": -0.03331568708309207,
      "op_leverage_ratio": 0.8912039899584926,
      "fcf_margin_change": -0.028258443999155475
    },
    {
      "date": "2022-09-30T00:00:00",
      "quarter_label": "2022-09 (Q3)",
      "revenue": 244386000,
      "gross_profit": 195855000,
      "operating_income": 61934000,
      "net_income": 26913000,
      "opex": 182452000,
      "cogs": 48531000,
      "rd": null,
      "sga": 27148000,
      "fcf": 56448000,
      "ocf": 80163000,
      "capex": -23715000,
      "gross_margin": 0.8014166114261865,
      "op_margin": 0.25342695571759427,
      "fcf_margin": 0.23097886130956766,
      "incr_op_margin_yoy": 0.192908100431594,
      "rev_growth_yoy": 0.5842987261352954,
      "rev_growth_yoy_accel": -0.05096804787728004,
      "op_leverage_ratio": 1.1485654320440228,
      "fcf_margin_change": 0.07636430610154063
    },
    {
      "date": "2022-12-31T00:00:00",
      "quarter_label": "2022-12 (Q4)",
      "revenue": 281268000,
      "gross_profit": 207504000,
      "operating_income": 64395000,
      "net_income": 33683000,
      "opex": 216873000,
      "cogs": 73764000,
      "rd": null,
      "sga": 28677000,
      "fcf": 14862000,
      "ocf": 49781000,
      "capex": -34919000,
      "gross_margin": 0.7377447843338026,
      "op_margin": 0.22894534749776013,
      "fcf_margin": 0.05283928495242971,
      "incr_op_margin_yoy": 0.3606035153849306,
      "rev_growth_yoy": 0.5316270964931388,
      "rev_growth_yoy_accel": -0.05267162964215666,
      "op_leverage_ratio": 0.7999508154679901,
      "fcf_margin_change": -0.17813957635713795
    },
    {
      "date": "2023-03-31T00:00:00",
      "quarter_label": "2023-03 (Q1)",
      "revenue": 222225000,
      "gross_profit": 202871000,
      "operating_income": 52156000,
      "net_income": 22705000,
      "opex": 170069000,
      "cogs": 19354000,
      "rd": null,
      "sga": 27767000,
      "fcf": 74913000,
      "ocf": 97910000,
      "capex": -22997000,
      "gross_margin": 0.9129080886488918,
      "op_margin": 0.23469906626167172,
      "fcf_margin": 0.3371042861964225,
      "incr_op_margin_yoy": 0.09842752257447467,
      "rev_growth_yoy": 0.19043154985107888,
      "rev_growth_yoy_accel": -0.34119554664205987,
      "fcf_margin_change": 0.2842650012439928
    },
    {
      "date": "2023-06-30T00:00:00",
      "quarter_label": "2023-06 (Q2)",
      "revenue": 286463000,
      "gross_profit": 227006000,
      "operating_income": 77002000,
      "net_income": 41135000,
      "opex": 209461000,
      "cogs": 59457000,
      "rd": null,
      "sga": 32646000,
      "fcf": 37274000,
      "ocf": 59420000,
      "capex": -22146000,
      "gross_margin": 0.792444399451238,
      "op_margin": 0.26880260277941653,
      "fcf_margin": 0.13011802571361747,
      "incr_op_margin_yoy": 0.35326744167298174,
      "rev_growth_yoy": 0.2763341976991829,
      "rev_growth_yoy_accel": 0.085902647848104,
      "op_leverage_ratio": 1.248004706069322,
      "fcf_margin_change": -0.20698626048280505
    },
    {
      "date": "2023-09-30T00:00:00",
      "quarter_label": "2023-09 (Q3)",
      "revenue": 277551000,
      "gross_profit": 223800000,
      "operating_income": 72351000,
      "net_income": 39134000,
      "opex": 205200000,
      "cogs": 53751000,
      "rd": null,
      "sga": 33290000,
      "fcf": 70097000,
      "ocf": 109590000,
      "capex": -39493000,
      "gross_margin": 0.8063382945836981,
      "op_margin": 0.2606764162262071,
      "fcf_margin": 0.25255538621730783,
      "incr_op_margin_yoy": 0.31409618573797676,
      "rev_growth_yoy": 0.13570744641673418,
      "rev_growth_yoy_accel": -0.1406267512824487,
      "fcf_margin_change": 0.12243736050369036
    },
    {
      "date": "2023-12-31T00:00:00",
      "quarter_label": "2023-12 (Q4)",
      "revenue": 285086000,
      "gross_profit": 227621000,
      "operating_income": 71356000,
      "net_income": 35340000,
      "opex": 213730000,
      "cogs": 57465000,
      "rd": null,
      "sga": 31225000,
      "fcf": 11984000,
      "ocf": 63334000,
      "capex": -51350000,
      "gross_margin": 0.79842924591176,
      "op_margin": 0.25029640178753076,
      "fcf_margin": 0.04203643812744225,
      "incr_op_margin_yoy": 1.8232058669460451,
      "rev_growth_yoy": 0.013574242359600096,
      "rev_growth_yoy_accel": -0.12213320405713408,
      "op_leverage_ratio": 0.6530836112233915,
      "fcf_margin_change": -0.2105189480898656
    },
    {
      "date": "2024-03-31T00:00:00",
      "quarter_label": "2024-03 (Q1)",
      "revenue": 248017000,
      "gross_profit": 229024000,
      "operating_income": 65822000,
      "net_income": 34309000,
      "opex": 182195000,
      "cogs": 18993000,
      "rd": null,
      "sga": 29193000,
      "fcf": 63421000,
      "ocf": 89732000,
      "capex": -26311000,
      "gross_margin": 0.923420571976921,
      "op_margin": 0.26539309805376243,
      "fcf_margin": 0.25571231004326317,
      "incr_op_margin_yoy": 0.5298542183622829,
      "rev_growth_yoy": 0.11606254921813478,
      "rev_growth_yoy_accel": 0.10248830685853468,
      "fcf_margin_change": 0.21367587191582094
    },
    {
      "date": "2024-06-30T00:00:00",
      "quarter_label": "2024-06 (Q2)",
      "revenue": 300941000,
      "gross_profit": 249007000,
      "operating_income": 87379000,
      "net_income": 48640000,
      "opex": 213562000,
      "cogs": 51934000,
      "rd": null,
      "sga": 31613000,
      "fcf": 40182000,
      "ocf": 78216000,
      "capex": -38034000,
      "gross_margin": 0.8274279676082688,
      "op_margin": 0.29035259403005903,
      "fcf_margin": 0.1335211885386172,
      "incr_op_margin_yoy": 0.7167426440116038,
      "rev_growth_yoy": 0.05054055846653844,
      "rev_growth_yoy_accel": -0.06552199075159634,
      "op_leverage_ratio": 1.2394661803361073,
      "fcf_margin_change": -0.12219112150464598
    },
    {
      "date": "2024-09-30T00:00:00",
      "quarter_label": "2024-09 (Q3)",
      "revenue": 292246000,
      "gross_profit": 246545000,
      "operating_income": 81251000,
      "net_income": 42009000,
      "opex": 210995000,
      "cogs": 45701000,
      "rd": null,
      "sga": 32647000,
      "fcf": 78171000,
      "ocf": 126794000,
      "capex": -48623000,
      "gross_margin": 0.8436214695838438,
      "op_margin": 0.2780226247750183,
      "fcf_margin": 0.2674835583720564,
      "incr_op_margin_yoy": 0.6056481796529432,
      "rev_growth_yoy": 0.052945224481266505,
      "rev_growth_yoy_accel": 0.0024046660147280657,
      "fcf_margin_change": 0.1339623698334392
    },
    {
      "date": "2024-12-31T00:00:00",
      "quarter_label": "2024-12 (Q4)",
      "revenue": 340450000,
      "gross_profit": 259956000,
      "operating_income": 89746000,
      "net_income": 47084000,
      "opex": 250704000,
      "cogs": 80494000,
      "rd": null,
      "sga": 35693000,
      "fcf": 7038000,
      "ocf": 49131000,
      "capex": -42093000,
      "gross_margin": 0.763565868703187,
      "op_margin": 0.26360992803642236,
      "fcf_margin": 0.020672639154060802,
      "incr_op_margin_yoy": 0.3321653059750018,
      "rev_growth_yoy": 0.19420104810478242,
      "rev_growth_yoy_accel": 0.1412558236235159,
      "op_leverage_ratio": 0.8764309701917705,
      "fcf_margin_change": -0.24681091921799558
    },
    {
      "date": "2025-03-31T00:00:00",
      "quarter_label": "2025-03 (Q1)",
      "revenue": 276662000,
      "gross_profit": 254177000,
      "operating_income": 79202000,
      "net_income": 41867000,
      "opex": 197460000,
      "cogs": 22485000,
      "rd": null,
      "sga": 34307000,
      "fcf": 110872000,
      "ocf": 133927000,
      "capex": -23055000,
      "gross_margin": 0.9187275448019605,
      "op_margin": 0.2862771179272903,
      "fcf_margin": 0.40074892829517605,
      "incr_op_margin_yoy": 0.4670972246465352,
      "rev_growth_yoy": 0.1154961151856526,
      "rev_growth_yoy_accel": -0.07870493291912982,
      "fcf_margin_change": 0.38007628914111524
    },
    {
      "date": "2025-06-30T00:00:00",
      "quarter_label": "2025-06 (Q2)",
      "revenue": 340879000,
      "gross_profit": 281456000,
      "operating_income": 102402000,
      "net_income": 58019000,
      "opex": 238477000,
      "cogs": 59423000,
      "rd": null,
      "sga": 35511000,
      "fcf": 8221000,
      "ocf": 43967000,
      "capex": -35746000,
      "gross_margin": 0.8256771464361254,
      "op_margin": 0.30040571581118225,
      "fcf_margin": 0.024117062066011694,
      "incr_op_margin_yoy": 0.37615804496970306,
      "rev_growth_yoy": 0.13271039838373636,
      "rev_growth_yoy_accel": 0.017214283198083755,
      "op_leverage_ratio": 1.1174182002112099,
      "fcf_margin_change": -0.37663186622916434
    },
    {
      "date": "2025-09-30T00:00:00",
      "quarter_label": "2025-09 (Q3)",
      "revenue": 330345000,
      "gross_profit": 272190000,
      "operating_income": 107068000,
      "net_income": 58829000,
      "opex": 223277000,
      "cogs": 58155000,
      "rd": null,
      "sga": 30525000,
      "fcf": 76691000,
      "ocf": 131467000,
      "capex": -54776000,
      "gross_margin": 0.8239567724651501,
      "op_margin": 0.3241096429490381,
      "fcf_margin": 0.23215426296750366,
      "incr_op_margin_yoy": 0.6776293341032573,
      "rev_growth_yoy": 0.13036619833975485,
      "rev_growth_yoy_accel": -0.0023442000439815036,
      "fcf_margin_change": 0.20803720090149197
    }
  ],
  "signals": [
    {
      "quarter": "2025-09 (Q3)",
      "signal": "FCF MARGIN EXPANSION",
      "detail": "FCF margin: +2.4% -> +23.2% (+20.8%)",
      "severity": "MEDIUM"
    },
    {
      "quarter": "2025-09 (Q3)",
      "signal": "INCREMENTAL MARGIN (YoY)",
      "detail": "YoY Incr OPM: +67.8% vs year-ago OPM: +27.8%",
      "severity": "HIGH"
    },
    {
      "quarter": "2025-03 (Q1)",
      "signal": "FCF MARGIN EXPANSION",
      "detail": "FCF margin: +2.1% -> +40.1% (+38.0%)",
      "severity": "MEDIUM"
    },
    {
      "quarter": "2025-03 (Q1)",
      "signal": "GROSS MARGIN INFLECTION",
      "detail": "GM: +84.4% -> +76.4% -> +91.9% (reversal +15.5%)",
      "severity": "HIGH"
    },
    {
      "quarter": "2025-03 (Q1)",
      "signal": "YoY REVENUE GROWTH DECELERATION",
      "detail": "YoY growth: +11.5% vs prior quarter YoY: +19.4% (decel: -7.9%)",
      "severity": "WARNING"
    },
    {
      "quarter": "2025-03 (Q1)",
      "signal": "INCREMENTAL MARGIN (YoY)",
      "detail": "YoY Incr OPM: +46.7% vs year-ago OPM: +26.5%",
      "severity": "HIGH"
    },
    {
      "quarter": "2024-12 (Q4)",
      "signal": "YoY REVENUE GROWTH ACCELERATION",
      "detail": "YoY growth: +19.4% vs prior quarter YoY: +5.3% (accel: +14.1%)",
      "severity": "MEDIUM"
    },
    {
      "quarter": "2024-09 (Q3)",
      "signal": "FCF MARGIN EXPANSION",
      "detail": "FCF margin: +13.4% -> +26.7% (+13.4%)",
      "severity": "MEDIUM"
    },
    {
      "quarter": "2024-09 (Q3)",
      "signal": "INCREMENTAL MARGIN (YoY)",
      "detail": "YoY Incr OPM: +60.6% vs year-ago OPM: +26.1%",
      "severity": "HIGH"
    },
    {
      "quarter": "2024-06 (Q2)",
      "signal": "YoY REVENUE GROWTH DECELERATION",
      "detail": "YoY growth: +5.1% vs prior quarter YoY: +11.6% (decel: -6.6%)",
      "severity": "WARNING"
    },
    {
      "quarter": "2024-06 (Q2)",
      "signal": "INCREMENTAL MARGIN (YoY)",
      "detail": "YoY Incr OPM: +71.7% vs year-ago OPM: +26.9%",
      "severity": "HIGH"
    },
    {
      "quarter": "2024-03 (Q1)",
      "signal": "FCF MARGIN EXPANSION",
      "detail": "FCF margin: +4.2% -> +25.6% (+21.4%)",
      "severity": "MEDIUM"
    },
    {
      "quarter": "2024-03 (Q1)",
      "signal": "GROSS MARGIN INFLECTION",
      "detail": "GM: +80.6% -> +79.8% -> +92.3% (reversal +12.5%)",
      "severity": "HIGH"
    },
    {
      "quarter": "2024-03 (Q1)",
      "signal": "YoY REVENUE GROWTH ACCELERATION",
      "detail": "YoY growth: +11.6% vs prior quarter YoY: +1.4% (accel: +10.2%)",
      "severity": "MEDIUM"
    },
    {
      "quarter": "2024-03 (Q1)",
      "signal": "INCREMENTAL MARGIN (YoY)",
      "detail": "YoY Incr OPM: +53.0% vs year-ago OPM: +23.5%",
      "severity": "HIGH"
    },
    {
      "quarter": "2023-12 (Q4)",
      "signal": "YoY REVENUE GROWTH DECELERATION",
      "detail": "YoY growth: +1.4% vs prior quarter YoY: +13.6% (decel: -12.2%)",
      "severity": "WARNING"
    },
    {
      "quarter": "2023-12 (Q4)",
      "signal": "INCREMENTAL MARGIN (YoY)",
      "detail": "YoY Incr OPM: +182.3% vs year-ago OPM: +22.9%",
      "severity": "HIGH"
    },
    {
      "quarter": "2023-09 (Q3)",
      "signal": "FCF MARGIN EXPANSION",
      "detail": "FCF margin: +13.0% -> +25.3% (+12.2%)",
      "severity": "MEDIUM"
    },
    {
      "quarter": "2023-09 (Q3)",
      "signal": "YoY REVENUE GROWTH DECELERATION",
      "detail": "YoY growth: +13.6% vs prior quarter YoY: +27.6% (decel: -14.1%)",
      "severity": "WARNING"
    },
    {
      "quarter": "2023-06 (Q2)",
      "signal": "YoY REVENUE GROWTH ACCELERATION",
      "detail": "YoY growth: +27.6% vs prior quarter YoY: +19.0% (accel: +8.6%)",
      "severity": "MEDIUM"
    },
    {
      "quarter": "2023-06 (Q2)",
      "signal": "INCREMENTAL MARGIN (YoY)",
      "detail": "YoY Incr OPM: +35.3% vs year-ago OPM: +24.5%",
      "severity": "MEDIUM"
    },
    {
      "quarter": "2023-03 (Q1)",
      "signal": "FCF MARGIN EXPANSION",
      "detail": "FCF margin: +5.3% -> +33.7% (+28.4%)",
      "severity": "MEDIUM"
    },
    {
      "quarter": "2023-03 (Q1)",
      "signal": "GROSS MARGIN INFLECTION",
      "detail": "GM: +80.1% -> +73.8% -> +91.3% (reversal +17.5%)",
      "severity": "HIGH"
    },
    {
      "quarter": "2023-03 (Q1)",
      "signal": "YoY REVENUE GROWTH DECELERATION",
      "detail": "YoY growth: +19.0% vs prior quarter YoY: +53.2% (decel: -34.1%)",
      "severity": "WARNING"
    },
    {
      "quarter": "2022-12 (Q4)",
      "signal": "YoY REVENUE GROWTH DECELERATION",
      "detail": "YoY growth: +53.2% vs prior quarter YoY: +58.4% (decel: -5.3%)",
      "severity": "WARNING"
    },
    {
      "quarter": "2022-12 (Q4)",
      "signal": "INCREMENTAL MARGIN (YoY)",
      "detail": "YoY Incr OPM: +36.1% vs year-ago OPM: +15.9%",
      "severity": "HIGH"
    },
    {
      "quarter": "2022-09 (Q3)",
      "signal": "FCF MARGIN EXPANSION",
      "detail": "FCF margin: +15.5% -> +23.1% (+7.6%)",
      "severity": "MEDIUM"
    },
    {
      "quarter": "2022-09 (Q3)",
      "signal": "YoY REVENUE GROWTH DECELERATION",
      "detail": "YoY growth: +58.4% vs prior quarter YoY: +63.5% (decel: -5.1%)",
      "severity": "WARNING"
    },
    {
      "quarter": "2022-03 (Q1)",
      "signal": "FCF MARGIN EXPANSION",
      "detail": "FCF margin: +9.5% -> +18.3% (+8.7%)",
      "severity": "MEDIUM"
    },
    {
      "quarter": "2022-03 (Q1)",
      "signal": "GROSS MARGIN INFLECTION",
      "detail": "GM: +82.4% -> +74.2% -> +88.0% (reversal +13.8%)",
      "severity": "HIGH"
    },
    {
      "quarter": "2022-03 (Q1)",
      "signal": "YoY REVENUE GROWTH ACCELERATION",
      "detail": "YoY growth: +66.9% vs prior quarter YoY: +37.3% (accel: +29.6%)",
      "severity": "HIGH"
    },
    {
      "quarter": "2021-09 (Q3)",
      "signal": "FCF MARGIN EXPANSION",
      "detail": "FCF margin: +27.5% -> +40.7% (+13.3%)",
      "severity": "MEDIUM"
    },
    {
      "quarter": "2021-06 (Q2)",
      "signal": "FCF MARGIN EXPANSION",
      "detail": "FCF margin: +15.3% -> +27.5% (+12.1%)",
      "severity": "MEDIUM"
    }
  ],
  "data_quality": {
    "n_quarters": 20,
    "coverage": {
      "revenue": [
        20,
        20
      ],
      "gross_profit": [
        20,
        20
      ],
      "op_income": [
        20,
        20
      ],
      "fcf": [
        20,
        20
      ]
    },
    "gaps": [],
    "warnings": []
  },
  "market_cap": null,
  "source": "SEC EDGAR",
  "last_updated": "2026-02-02T20:46:55.246109"
}