{
  "ticker": "PLOW",
  "name": "DOUGLAS DYNAMICS, INC",
  "quarters": [
    {
      "date": "2020-12-31T00:00:00",
      "quarter_label": "2020-12 (Q4)",
      "revenue": 158160000,
      "gross_profit": 47787000,
      "operating_income": 27888000,
      "net_income": null,
      "opex": 19899000,
      "cogs": 110373000,
      "rd": null,
      "sga": 17182000,
      "fcf": 80448000,
      "ocf": 80448000,
      "capex": null,
      "gross_margin": 0.3021433990895296,
      "op_margin": 0.1763277693474962,
      "fcf_margin": 0.508649468892261
    },
    {
      "date": "2021-03-31T00:00:00",
      "quarter_label": "2021-03 (Q1)",
      "revenue": 103342000,
      "gross_profit": 26252000,
      "operating_income": 3648000,
      "net_income": null,
      "opex": 22604000,
      "cogs": 77090000,
      "rd": null,
      "sga": 19899000,
      "fcf": 24149000,
      "ocf": 24149000,
      "capex": null,
      "gross_margin": 0.25403030713553054,
      "op_margin": 0.03530026513905286,
      "fcf_margin": 0.23368040099862591,
      "fcf_margin_change": -0.2749690678936351
    },
    {
      "date": "2021-06-30T00:00:00",
      "quarter_label": "2021-06 (Q2)",
      "revenue": 157530000,
      "gross_profit": 48798000,
      "operating_income": 24111000,
      "net_income": 14103000,
      "opex": 24687000,
      "cogs": 108732000,
      "rd": null,
      "sga": 21982000,
      "fcf": -13376000,
      "ocf": -11008000,
      "capex": -2368000,
      "gross_margin": 0.3097695677013902,
      "op_margin": 0.1530565606551133,
      "fcf_margin": -0.08491081063924331,
      "op_leverage_ratio": 5.690131308547832,
      "fcf_margin_change": -0.31859121163786924
    },
    {
      "date": "2021-09-30T00:00:00",
      "quarter_label": "2021-09 (Q3)",
      "revenue": 127636000,
      "gross_profit": 30635000,
      "operating_income": 10386000,
      "net_income": 7030000,
      "opex": 20249000,
      "cogs": 97001000,
      "rd": null,
      "sga": 17607000,
      "fcf": -35174000,
      "ocf": -32622000,
      "capex": -2552000,
      "gross_margin": 0.24001849008116832,
      "op_margin": 0.08137202670093077,
      "fcf_margin": -0.2755805572095647,
      "fcf_margin_change": -0.19066974657032137
    },
    {
      "date": "2021-12-31T00:00:00",
      "quarter_label": "2021-12 (Q4)",
      "revenue": 152945000,
      "gross_profit": 36187000,
      "operating_income": 12990000,
      "net_income": 8816000,
      "opex": 23197000,
      "cogs": 116758000,
      "rd": null,
      "sga": 19356000,
      "fcf": 75445000,
      "ocf": 80016000,
      "capex": -4571000,
      "gross_margin": 0.23660139265749125,
      "op_margin": 0.08493249207231357,
      "fcf_margin": 0.4932818987217627,
      "incr_op_margin_yoy": 2.8567593480345157,
      "rev_growth_yoy": -0.032972938796155794,
      "op_leverage_ratio": 1.3620024903970256,
      "fcf_margin_change": 0.7688624559313274
    },
    {
      "date": "2022-03-31T00:00:00",
      "quarter_label": "2022-03 (Q1)",
      "revenue": 102601000,
      "gross_profit": 21064000,
      "operating_income": -2939000,
      "net_income": -3908000,
      "opex": 24003000,
      "cogs": 81537000,
      "rd": null,
      "sga": 21373000,
      "fcf": -27349000,
      "ocf": -25993000,
      "capex": -1356000,
      "gross_margin": 0.20530014327345739,
      "op_margin": -0.02864494498104307,
      "fcf_margin": -0.2665568561709925,
      "rev_growth_yoy": -0.007170366356370111,
      "rev_growth_yoy_accel": 0.025802572439785683,
      "fcf_margin_change": -0.7598387548927552
    },
    {
      "date": "2022-06-30T00:00:00",
      "quarter_label": "2022-06 (Q2)",
      "revenue": 187561000,
      "gross_profit": 51233000,
      "operating_income": 25579000,
      "net_income": 17725000,
      "opex": 25654000,
      "cogs": 136328000,
      "rd": null,
      "sga": 23024000,
      "fcf": -35502000,
      "ocf": -32211000,
      "capex": -3291000,
      "gross_margin": 0.27315380063019495,
      "op_margin": 0.13637696536060268,
      "fcf_margin": -0.18928242011932117,
      "incr_op_margin_yoy": 0.04888282108487896,
      "rev_growth_yoy": 0.19063670411985018,
      "rev_growth_yoy_accel": 0.1978070704762203,
      "op_leverage_ratio": 12.038749060025657,
      "fcf_margin_change": 0.07727443605167134
    },
    {
      "date": "2022-09-30T00:00:00",
      "quarter_label": "2022-09 (Q3)",
      "revenue": 166100000,
      "gross_profit": 41269000,
      "operating_income": 19458000,
      "net_income": 13280000,
      "opex": 21811000,
      "cogs": 124831000,
      "rd": null,
      "sga": 19181000,
      "fcf": -19653000,
      "ocf": -16282000,
      "capex": -3371000,
      "gross_margin": 0.2484587597832631,
      "op_margin": 0.11714629741119807,
      "fcf_margin": -0.11832028898254064,
      "incr_op_margin_yoy": 0.2358569051580699,
      "rev_growth_yoy": 0.3013569839230311,
      "rev_growth_yoy_accel": 0.11072027980318094,
      "fcf_margin_change": 0.07096213113678053
    },
    {
      "date": "2022-12-31T00:00:00",
      "quarter_label": "2022-12 (Q4)",
      "revenue": 159806000,
      "gross_profit": 37890000,
      "operating_income": 16655000,
      "net_income": 11512000,
      "opex": 21235000,
      "cogs": 121916000,
      "rd": null,
      "sga": 18605000,
      "fcf": 110132000,
      "ocf": 114516000,
      "capex": -4384000,
      "gross_margin": 0.23709998373027297,
      "op_margin": 0.10422011689173122,
      "fcf_margin": 0.689160607236274,
      "incr_op_margin_yoy": 0.5341786911528932,
      "rev_growth_yoy": 0.04485926313380627,
      "rev_growth_yoy_accel": -0.25649772078922484,
      "fcf_margin_change": 0.8074808962188147
    },
    {
      "date": "2023-03-31T00:00:00",
      "quarter_label": "2023-03 (Q1)",
      "revenue": 82545000,
      "gross_profit": 11275000,
      "operating_income": -13797000,
      "net_income": -13110000,
      "opex": 25072000,
      "cogs": 71270000,
      "rd": null,
      "sga": 22442000,
      "fcf": -58384000,
      "ocf": -56916000,
      "capex": -1468000,
      "gross_margin": 0.1365921618511115,
      "op_margin": -0.16714519353080137,
      "fcf_margin": -0.7072990490035738,
      "incr_op_margin_yoy": 0.5413841244515357,
      "rev_growth_yoy": -0.19547567762497442,
      "rev_growth_yoy_accel": -0.2403349407587807,
      "fcf_margin_change": -1.396459656239848
    },
    {
      "date": "2023-06-30T00:00:00",
      "quarter_label": "2023-06 (Q2)",
      "revenue": 207267000,
      "gross_profit": 61363000,
      "operating_income": 34561000,
      "net_income": 23964000,
      "opex": 26802000,
      "cogs": 145904000,
      "rd": null,
      "sga": 24172000,
      "fcf": -12080000,
      "ocf": -9311000,
      "capex": -2769000,
      "gross_margin": 0.29605774194637835,
      "op_margin": 0.16674627412950446,
      "fcf_margin": -0.05828231218669638,
      "incr_op_margin_yoy": 0.4558002638790216,
      "rev_growth_yoy": 0.10506448568732306,
      "rev_growth_yoy_accel": 0.3005401633122975,
      "op_leverage_ratio": 21.897532045053723,
      "fcf_margin_change": 0.6490167368168773
    },
    {
      "date": "2023-09-30T00:00:00",
      "quarter_label": "2023-09 (Q3)",
      "revenue": 144121000,
      "gross_profit": 32129000,
      "operating_income": 11501000,
      "net_income": 5792000,
      "opex": 20628000,
      "cogs": 111992000,
      "rd": null,
      "sga": 17998000,
      "fcf": -576000,
      "ocf": 2079000,
      "capex": -2655000,
      "gross_margin": 0.22293073181562714,
      "op_margin": 0.07980100054815051,
      "fcf_margin": -0.003996641710784688,
      "incr_op_margin_yoy": 0.36202738978115473,
      "rev_growth_yoy": -0.1323239012642986,
      "rev_growth_yoy_accel": -0.23738838695162168,
      "fcf_margin_change": 0.05428567047591169
    },
    {
      "date": "2023-12-31T00:00:00",
      "quarter_label": "2023-12 (Q4)",
      "revenue": 134245000,
      "gross_profit": 29503000,
      "operating_income": 12644000,
      "net_income": 7077000,
      "opex": 16859000,
      "cogs": 104742000,
      "rd": null,
      "sga": 14229000,
      "fcf": 73743000,
      "ocf": 76617000,
      "capex": -2874000,
      "gross_margin": 0.21976982382956534,
      "op_margin": 0.0941860032030988,
      "fcf_margin": 0.5493165481023502,
      "incr_op_margin_yoy": 0.1569187433981456,
      "rev_growth_yoy": -0.15995018960489593,
      "rev_growth_yoy_accel": -0.027626288340597327,
      "fcf_margin_change": 0.5533131898131349
    },
    {
      "date": "2024-03-31T00:00:00",
      "quarter_label": "2024-03 (Q1)",
      "revenue": 95655000,
      "gross_profit": 18920000,
      "operating_income": -6422000,
      "net_income": -8352000,
      "opex": 25342000,
      "cogs": 76735000,
      "rd": null,
      "sga": 21488000,
      "fcf": -22395000,
      "ocf": -21621000,
      "capex": -774000,
      "gross_margin": 0.19779415608175213,
      "op_margin": -0.06713710731273849,
      "fcf_margin": -0.23412262819507607,
      "incr_op_margin_yoy": 0.5625476735316552,
      "rev_growth_yoy": 0.15882246047610393,
      "rev_growth_yoy_accel": 0.31877265008099986,
      "fcf_margin_change": -0.7834391762974262
    },
    {
      "date": "2024-06-30T00:00:00",
      "quarter_label": "2024-06 (Q2)",
      "revenue": 199902000,
      "gross_profit": 61303000,
      "operating_income": 36303000,
      "net_income": 24338000,
      "opex": 25000000,
      "cogs": 138599000,
      "rd": null,
      "sga": 23370000,
      "fcf": 836000,
      "ocf": 2507000,
      "capex": -1671000,
      "gross_margin": 0.30666526598033034,
      "op_margin": 0.18160398595311703,
      "fcf_margin": 0.004182049204110014,
      "incr_op_margin_yoy": -0.23652410047522063,
      "rev_growth_yoy": -0.03553387659395852,
      "rev_growth_yoy_accel": -0.19435633707006245,
      "op_leverage_ratio": Infinity,
      "fcf_margin_change": 0.2383046773991861
    },
    {
      "date": "2024-09-30T00:00:00",
      "quarter_label": "2024-09 (Q3)",
      "revenue": 129398000,
      "gross_profit": 30875000,
      "operating_income": 45855000,
      "net_income": 32258000,
      "opex": -14980000,
      "cogs": 98523000,
      "rd": null,
      "sga": 25688000,
      "fcf": -15245000,
      "ocf": -14159000,
      "capex": -1086000,
      "gross_margin": 0.23860492434195274,
      "op_margin": 0.35437178318057466,
      "fcf_margin": -0.11781480393823707,
      "incr_op_margin_yoy": -2.3333559736466754,
      "rev_growth_yoy": -0.10215721511785236,
      "rev_growth_yoy_accel": -0.06662333852389385,
      "fcf_margin_change": -0.12199685314234708
    },
    {
      "date": "2024-12-31T00:00:00",
      "quarter_label": "2024-12 (Q4)",
      "revenue": 143549000,
      "gross_profit": 35739000,
      "operating_income": 12973000,
      "net_income": 7907000,
      "opex": 22766000,
      "cogs": 107810000,
      "rd": null,
      "sga": 21136000,
      "fcf": 70171000,
      "ocf": 74404000,
      "capex": -4233000,
      "gross_margin": 0.2489672516004988,
      "op_margin": 0.0903733220015465,
      "fcf_margin": 0.4888295982556479,
      "incr_op_margin_yoy": 0.035361134995700774,
      "rev_growth_yoy": 0.06930611940854407,
      "rev_growth_yoy_accel": 0.17146333452639645,
      "op_leverage_ratio": Infinity,
      "fcf_margin_change": 0.606644402193885
    },
    {
      "date": "2025-03-31T00:00:00",
      "quarter_label": "2025-03 (Q1)",
      "revenue": 115067000,
      "gross_profit": 28139000,
      "operating_income": 3202000,
      "net_income": 148000,
      "opex": 24937000,
      "cogs": 86928000,
      "rd": null,
      "sga": 23387000,
      "fcf": -1337000,
      "ocf": -1337000,
      "capex": null,
      "gross_margin": 0.24454448277959798,
      "op_margin": 0.02782726585380691,
      "fcf_margin": -0.011619317441142986,
      "incr_op_margin_yoy": 0.4957758087780754,
      "rev_growth_yoy": 0.20293764047880403,
      "rev_growth_yoy_accel": 0.13363152107025994,
      "fcf_margin_change": -0.500448915696791
    },
    {
      "date": "2025-06-30T00:00:00",
      "quarter_label": "2025-06 (Q2)",
      "revenue": 194327000,
      "gross_profit": 60296000,
      "operating_income": 36995000,
      "net_income": 25954000,
      "opex": 23301000,
      "cogs": 134031000,
      "rd": null,
      "sga": 21751000,
      "fcf": -11384000,
      "ocf": -11384000,
      "capex": null,
      "gross_margin": 0.3102811240846614,
      "op_margin": 0.19037498649184106,
      "fcf_margin": -0.05858166904238732,
      "incr_op_margin_yoy": -0.12412556053811659,
      "rev_growth_yoy": -0.027888665446068574,
      "rev_growth_yoy_accel": -0.2308263059248726,
      "op_leverage_ratio": Infinity,
      "fcf_margin_change": -0.04696235160124433
    },
    {
      "date": "2025-09-30T00:00:00",
      "quarter_label": "2025-09 (Q3)",
      "revenue": 162121000,
      "gross_profit": 38107000,
      "operating_income": 14084000,
      "net_income": 7960000,
      "opex": 24023000,
      "cogs": 124014000,
      "rd": null,
      "sga": 22473000,
      "fcf": -8516000,
      "ocf": -8516000,
      "capex": null,
      "gross_margin": 0.23505283091024606,
      "op_margin": 0.0868733846941482,
      "fcf_margin": -0.05252866685993795,
      "incr_op_margin_yoy": -0.9709073128991841,
      "rev_growth_yoy": 0.25288644337625,
      "rev_growth_yoy_accel": 0.28077510882231854,
      "fcf_margin_change": 0.00605300218244937
    }
  ],
  "signals": [
    {
      "quarter": "2025-09 (Q3)",
      "signal": "YoY REVENUE GROWTH ACCELERATION",
      "detail": "YoY growth: +25.3% vs prior quarter YoY: -2.8% (accel: +28.1%)",
      "severity": "HIGH"
    },
    {
      "quarter": "2025-06 (Q2)",
      "signal": "GROSS MARGIN INFLECTION",
      "detail": "GM: +24.9% -> +24.5% -> +31.0% (reversal +6.6%)",
      "severity": "HIGH"
    },
    {
      "quarter": "2025-06 (Q2)",
      "signal": "YoY REVENUE GROWTH DECELERATION",
      "detail": "YoY growth: -2.8% vs prior quarter YoY: +20.3% (decel: -23.1%)",
      "severity": "WARNING"
    },
    {
      "quarter": "2025-03 (Q1)",
      "signal": "YoY REVENUE GROWTH ACCELERATION",
      "detail": "YoY growth: +20.3% vs prior quarter YoY: +6.9% (accel: +13.4%)",
      "severity": "MEDIUM"
    },
    {
      "quarter": "2025-03 (Q1)",
      "signal": "OP MARGIN TURNED POSITIVE (YoY)",
      "detail": "Op margin: -6.7% (year-ago) -> +2.8%",
      "severity": "HIGH"
    },
    {
      "quarter": "2024-12 (Q4)",
      "signal": "FCF TURNED POSITIVE",
      "detail": "FCF margin: -11.8% -> +48.9%",
      "severity": "HIGH"
    },
    {
      "quarter": "2024-12 (Q4)",
      "signal": "YoY REVENUE GROWTH ACCELERATION",
      "detail": "YoY growth: +6.9% vs prior quarter YoY: -10.2% (accel: +17.1%)",
      "severity": "HIGH"
    },
    {
      "quarter": "2024-09 (Q3)",
      "signal": "YoY REVENUE GROWTH DECELERATION",
      "detail": "YoY growth: -10.2% vs prior quarter YoY: -3.6% (decel: -6.7%)",
      "severity": "WARNING"
    },
    {
      "quarter": "2024-06 (Q2)",
      "signal": "FCF TURNED POSITIVE",
      "detail": "FCF margin: -23.4% -> +0.4%",
      "severity": "HIGH"
    },
    {
      "quarter": "2024-06 (Q2)",
      "signal": "GROSS MARGIN INFLECTION",
      "detail": "GM: +22.0% -> +19.8% -> +30.7% (reversal +10.9%)",
      "severity": "HIGH"
    },
    {
      "quarter": "2024-06 (Q2)",
      "signal": "YoY REVENUE GROWTH DECELERATION",
      "detail": "YoY growth: -3.6% vs prior quarter YoY: +15.9% (decel: -19.4%)",
      "severity": "WARNING"
    },
    {
      "quarter": "2024-06 (Q2)",
      "signal": "OP MARGIN TURNED POSITIVE (QoQ)",
      "detail": "Op margin: -6.7% -> +18.2%",
      "severity": "HIGH"
    },
    {
      "quarter": "2024-03 (Q1)",
      "signal": "YoY REVENUE GROWTH ACCELERATION",
      "detail": "YoY growth: +15.9% vs prior quarter YoY: -16.0% (accel: +31.9%)",
      "severity": "HIGH"
    },
    {
      "quarter": "2023-12 (Q4)",
      "signal": "FCF TURNED POSITIVE",
      "detail": "FCF margin: -0.4% -> +54.9%",
      "severity": "HIGH"
    },
    {
      "quarter": "2023-09 (Q3)",
      "signal": "FCF MARGIN EXPANSION",
      "detail": "FCF margin: -5.8% -> -0.4% (+5.4%)",
      "severity": "MEDIUM"
    },
    {
      "quarter": "2023-09 (Q3)",
      "signal": "YoY REVENUE GROWTH DECELERATION",
      "detail": "YoY growth: -13.2% vs prior quarter YoY: +10.5% (decel: -23.7%)",
      "severity": "WARNING"
    },
    {
      "quarter": "2023-09 (Q3)",
      "signal": "INCREMENTAL MARGIN (YoY)",
      "detail": "YoY Incr OPM: +36.2% vs year-ago OPM: +11.7%",
      "severity": "HIGH"
    },
    {
      "quarter": "2023-06 (Q2)",
      "signal": "FCF MARGIN EXPANSION",
      "detail": "FCF margin: -70.7% -> -5.8% (+64.9%)",
      "severity": "MEDIUM"
    },
    {
      "quarter": "2023-06 (Q2)",
      "signal": "OPERATING LEVERAGE",
      "detail": "Rev growth +151.1% vs OpEx growth +6.9% (leverage: 21.9x)",
      "severity": "MEDIUM"
    },
    {
      "quarter": "2023-06 (Q2)",
      "signal": "GROSS MARGIN INFLECTION",
      "detail": "GM: +23.7% -> +13.7% -> +29.6% (reversal +15.9%)",
      "severity": "HIGH"
    },
    {
      "quarter": "2023-06 (Q2)",
      "signal": "YoY REVENUE GROWTH ACCELERATION",
      "detail": "YoY growth: +10.5% vs prior quarter YoY: -19.5% (accel: +30.1%)",
      "severity": "HIGH"
    },
    {
      "quarter": "2023-06 (Q2)",
      "signal": "INCREMENTAL MARGIN (YoY)",
      "detail": "YoY Incr OPM: +45.6% vs year-ago OPM: +13.6%",
      "severity": "HIGH"
    },
    {
      "quarter": "2023-06 (Q2)",
      "signal": "OP MARGIN TURNED POSITIVE (QoQ)",
      "detail": "Op margin: -16.7% -> +16.7%",
      "severity": "HIGH"
    },
    {
      "quarter": "2023-03 (Q1)",
      "signal": "YoY REVENUE GROWTH DECELERATION",
      "detail": "YoY growth: -19.5% vs prior quarter YoY: +4.5% (decel: -24.0%)",
      "severity": "WARNING"
    },
    {
      "quarter": "2022-12 (Q4)",
      "signal": "FCF TURNED POSITIVE",
      "detail": "FCF margin: -11.8% -> +68.9%",
      "severity": "HIGH"
    },
    {
      "quarter": "2022-12 (Q4)",
      "signal": "YoY REVENUE GROWTH DECELERATION",
      "detail": "YoY growth: +4.5% vs prior quarter YoY: +30.1% (decel: -25.6%)",
      "severity": "WARNING"
    },
    {
      "quarter": "2022-12 (Q4)",
      "signal": "INCREMENTAL MARGIN (YoY)",
      "detail": "YoY Incr OPM: +53.4% vs year-ago OPM: +8.5%",
      "severity": "HIGH"
    },
    {
      "quarter": "2022-09 (Q3)",
      "signal": "FCF MARGIN EXPANSION",
      "detail": "FCF margin: -18.9% -> -11.8% (+7.1%)",
      "severity": "MEDIUM"
    },
    {
      "quarter": "2022-09 (Q3)",
      "signal": "YoY REVENUE GROWTH ACCELERATION",
      "detail": "YoY growth: +30.1% vs prior quarter YoY: +19.1% (accel: +11.1%)",
      "severity": "MEDIUM"
    },
    {
      "quarter": "2022-09 (Q3)",
      "signal": "INCREMENTAL MARGIN (YoY)",
      "detail": "YoY Incr OPM: +23.6% vs year-ago OPM: +8.1%",
      "severity": "MEDIUM"
    },
    {
      "quarter": "2022-06 (Q2)",
      "signal": "FCF MARGIN EXPANSION",
      "detail": "FCF margin: -26.7% -> -18.9% (+7.7%)",
      "severity": "MEDIUM"
    },
    {
      "quarter": "2022-06 (Q2)",
      "signal": "OPERATING LEVERAGE",
      "detail": "Rev growth +82.8% vs OpEx growth +6.9% (leverage: 12.0x)",
      "severity": "MEDIUM"
    },
    {
      "quarter": "2022-06 (Q2)",
      "signal": "GROSS MARGIN INFLECTION",
      "detail": "GM: +23.7% -> +20.5% -> +27.3% (reversal +6.8%)",
      "severity": "HIGH"
    },
    {
      "quarter": "2022-06 (Q2)",
      "signal": "YoY REVENUE GROWTH ACCELERATION",
      "detail": "YoY growth: +19.1% vs prior quarter YoY: -0.7% (accel: +19.8%)",
      "severity": "HIGH"
    },
    {
      "quarter": "2022-06 (Q2)",
      "signal": "OP MARGIN TURNED POSITIVE (QoQ)",
      "detail": "Op margin: -2.9% -> +13.6%",
      "severity": "HIGH"
    },
    {
      "quarter": "2021-12 (Q4)",
      "signal": "FCF TURNED POSITIVE",
      "detail": "FCF margin: -27.6% -> +49.3%",
      "severity": "HIGH"
    },
    {
      "quarter": "2021-12 (Q4)",
      "signal": "INCREMENTAL MARGIN (YoY)",
      "detail": "YoY Incr OPM: +285.7% vs year-ago OPM: +17.6%",
      "severity": "HIGH"
    },
    {
      "quarter": "2021-06 (Q2)",
      "signal": "OPERATING LEVERAGE",
      "detail": "Rev growth +52.4% vs OpEx growth +9.2% (leverage: 5.7x)",
      "severity": "MEDIUM"
    },
    {
      "quarter": "2021-06 (Q2)",
      "signal": "GROSS MARGIN INFLECTION",
      "detail": "GM: +30.2% -> +25.4% -> +31.0% (reversal +5.6%)",
      "severity": "HIGH"
    }
  ],
  "data_quality": {
    "n_quarters": 20,
    "coverage": {
      "revenue": [
        20,
        20
      ],
      "gross_profit": [
        20,
        20
      ],
      "op_income": [
        20,
        20
      ],
      "fcf": [
        20,
        20
      ]
    },
    "gaps": [],
    "warnings": []
  },
  "market_cap": null,
  "source": "SEC EDGAR",
  "last_updated": "2026-02-02T22:05:55.813202"
}