{
  "ticker": "PLPC",
  "name": "Preformed Line Products Company",
  "quarters": [
    {
      "date": "2020-12-31T00:00:00",
      "quarter_label": "2020-12 (Q4)",
      "revenue": 118505000,
      "gross_profit": 36623000,
      "operating_income": 3867000,
      "net_income": 2670000,
      "opex": 32756000,
      "cogs": 81882000,
      "rd": null,
      "sga": null,
      "fcf": 7735000,
      "ocf": 8085000,
      "capex": -350000,
      "gross_margin": 0.3090418125817476,
      "op_margin": 0.032631534534407834,
      "fcf_margin": 0.0652715075313278
    },
    {
      "date": "2021-03-31T00:00:00",
      "quarter_label": "2021-03 (Q1)",
      "revenue": 117553000,
      "gross_profit": 40192000,
      "operating_income": 10768000,
      "net_income": 7179000,
      "opex": 29424000,
      "cogs": 77361000,
      "rd": null,
      "sga": null,
      "fcf": 9767000,
      "ocf": 13236000,
      "capex": -3469000,
      "gross_margin": 0.34190535332998734,
      "op_margin": 0.09160123518753244,
      "fcf_margin": 0.08308592719879544,
      "fcf_margin_change": 0.01781441966746765
    },
    {
      "date": "2021-06-30T00:00:00",
      "quarter_label": "2021-06 (Q2)",
      "revenue": 133038000,
      "gross_profit": 43039000,
      "operating_income": 12738000,
      "net_income": 8869000,
      "opex": 30301000,
      "cogs": 89999000,
      "rd": null,
      "sga": null,
      "fcf": -3044000,
      "ocf": 825000,
      "capex": -3869000,
      "gross_margin": 0.3235090725957997,
      "op_margin": 0.0957470797817165,
      "fcf_margin": -0.022880680707767706,
      "op_leverage_ratio": 4.419565871648705,
      "fcf_margin_change": -0.10596660790656315
    },
    {
      "date": "2021-09-30T00:00:00",
      "quarter_label": "2021-09 (Q3)",
      "revenue": 135380000,
      "gross_profit": 43163000,
      "operating_income": 13078000,
      "net_income": 10708000,
      "opex": 30085000,
      "cogs": 92217000,
      "rd": null,
      "sga": null,
      "fcf": 4758000,
      "ocf": 10025000,
      "capex": -5267000,
      "gross_margin": 0.318828482789186,
      "op_margin": 0.09660215689171221,
      "fcf_margin": 0.03514551632442015,
      "op_leverage_ratio": Infinity,
      "fcf_margin_change": 0.05802619703218786
    },
    {
      "date": "2021-12-31T00:00:00",
      "quarter_label": "2021-12 (Q4)",
      "revenue": 131446000,
      "gross_profit": 39848000,
      "operating_income": 10965000,
      "net_income": 8974000,
      "opex": 28883000,
      "cogs": 91598000,
      "rd": null,
      "sga": null,
      "fcf": 3733000,
      "ocf": 9512000,
      "capex": -5779000,
      "gross_margin": 0.30315110387535565,
      "op_margin": 0.0834182858360087,
      "fcf_margin": 0.028399494849596033,
      "incr_op_margin_yoy": 0.5484892975813307,
      "rev_growth_yoy": 0.10920214336947807,
      "fcf_margin_change": -0.006746021474824119
    },
    {
      "date": "2022-03-31T00:00:00",
      "quarter_label": "2022-03 (Q1)",
      "revenue": 138223000,
      "gross_profit": 41951000,
      "operating_income": 9451000,
      "net_income": 12285000,
      "opex": 32500000,
      "cogs": 96272000,
      "rd": null,
      "sga": null,
      "fcf": -13185000,
      "ocf": -5175000,
      "capex": -8010000,
      "gross_margin": 0.3035023114821701,
      "op_margin": 0.0683750171823792,
      "fcf_margin": -0.09538933462593056,
      "incr_op_margin_yoy": -0.0637155297532656,
      "rev_growth_yoy": 0.17583558054664705,
      "rev_growth_yoy_accel": 0.06663343717716898,
      "op_leverage_ratio": 0.411702877482072,
      "fcf_margin_change": -0.1237888294755266
    },
    {
      "date": "2022-06-30T00:00:00",
      "quarter_label": "2022-06 (Q2)",
      "revenue": 163471000,
      "gross_profit": 52706000,
      "operating_income": 17949000,
      "net_income": 13712000,
      "opex": 34757000,
      "cogs": 110765000,
      "rd": null,
      "sga": null,
      "fcf": -6801000,
      "ocf": -1002000,
      "capex": -5799000,
      "gross_margin": 0.3224180435673606,
      "op_margin": 0.10979929161747344,
      "fcf_margin": -0.04160370952646035,
      "incr_op_margin_yoy": 0.1712286005323169,
      "rev_growth_yoy": 0.22875419053202845,
      "rev_growth_yoy_accel": 0.05291860998538139,
      "op_leverage_ratio": 2.6302587179801153,
      "fcf_margin_change": 0.05378562509947021
    },
    {
      "date": "2022-09-30T00:00:00",
      "quarter_label": "2022-09 (Q3)",
      "revenue": 165402000,
      "gross_profit": 58293000,
      "operating_income": 17374000,
      "net_income": 11887000,
      "opex": 40919000,
      "cogs": 107109000,
      "rd": null,
      "sga": null,
      "fcf": 3933000,
      "ocf": 15299000,
      "capex": -11366000,
      "gross_margin": 0.3524322559582109,
      "op_margin": 0.10504105149877269,
      "fcf_margin": 0.02377843073239743,
      "incr_op_margin_yoy": 0.14309506362001198,
      "rev_growth_yoy": 0.2217609691239474,
      "rev_growth_yoy_accel": -0.006993221408081035,
      "op_leverage_ratio": 0.06662882343642194,
      "fcf_margin_change": 0.06538214025885777
    },
    {
      "date": "2022-12-31T00:00:00",
      "quarter_label": "2022-12 (Q4)",
      "revenue": 169924000,
      "gross_profit": 62230000,
      "operating_income": 24587000,
      "net_income": 16511000,
      "opex": 37643000,
      "cogs": 107694000,
      "rd": null,
      "sga": null,
      "fcf": 1608000,
      "ocf": 17031000,
      "capex": -15423000,
      "gross_margin": 0.36622254655022246,
      "op_margin": 0.14469409853817,
      "fcf_margin": 0.009463054071231845,
      "incr_op_margin_yoy": 0.35402047923488744,
      "rev_growth_yoy": 0.2927285729501088,
      "rev_growth_yoy_accel": 0.07096760382616138,
      "op_leverage_ratio": Infinity,
      "fcf_margin_change": -0.014315376661165585
    },
    {
      "date": "2023-03-31T00:00:00",
      "quarter_label": "2023-03 (Q1)",
      "revenue": 181824000,
      "gross_profit": 66283000,
      "operating_income": 28981000,
      "net_income": 21398000,
      "opex": 37302000,
      "cogs": 115541000,
      "rd": null,
      "sga": null,
      "fcf": 17079000,
      "ocf": 25430000,
      "capex": -8351000,
      "gross_margin": 0.3645448345652939,
      "op_margin": 0.15939039950721576,
      "fcf_margin": 0.09393149419218585,
      "incr_op_margin_yoy": 0.44792550629572714,
      "rev_growth_yoy": 0.31543954334662105,
      "rev_growth_yoy_accel": 0.022710970396512264,
      "op_leverage_ratio": Infinity,
      "fcf_margin_change": 0.084468440120954
    },
    {
      "date": "2023-06-30T00:00:00",
      "quarter_label": "2023-06 (Q2)",
      "revenue": 181813000,
      "gross_profit": 66327000,
      "operating_income": 28148000,
      "net_income": 20472000,
      "opex": 38179000,
      "cogs": 115486000,
      "rd": null,
      "sga": null,
      "fcf": 11594000,
      "ocf": 20420000,
      "capex": -8826000,
      "gross_margin": 0.364808897053566,
      "op_margin": 0.15481841232475124,
      "fcf_margin": 0.06376881741129622,
      "incr_op_margin_yoy": 0.5560462326900011,
      "rev_growth_yoy": 0.11220338775684983,
      "rev_growth_yoy_accel": -0.2032361555897712,
      "fcf_margin_change": -0.03016267678088963
    },
    {
      "date": "2023-09-30T00:00:00",
      "quarter_label": "2023-09 (Q3)",
      "revenue": 160438000,
      "gross_profit": 54137000,
      "operating_income": 20078000,
      "net_income": 15130000,
      "opex": 34059000,
      "cogs": 106301000,
      "rd": null,
      "sga": null,
      "fcf": 32563000,
      "ocf": 42504000,
      "capex": -9941000,
      "gross_margin": 0.3374325284533589,
      "op_margin": 0.12514491579301662,
      "fcf_margin": 0.20296313840860644,
      "incr_op_margin_yoy": -0.5447219983883964,
      "rev_growth_yoy": -0.03001172899964934,
      "rev_growth_yoy_accel": -0.14221511675649917,
      "fcf_margin_change": 0.13919432099731022
    },
    {
      "date": "2023-12-31T00:00:00",
      "quarter_label": "2023-12 (Q4)",
      "revenue": 145603000,
      "gross_profit": 48100000,
      "operating_income": 6946000,
      "net_income": 6332000,
      "opex": 41154000,
      "cogs": 97503000,
      "rd": null,
      "sga": null,
      "fcf": 11074000,
      "ocf": 19288000,
      "capex": -8214000,
      "gross_margin": 0.330350336188128,
      "op_margin": 0.047705061022094326,
      "fcf_margin": 0.07605612521720019,
      "incr_op_margin_yoy": 0.7253402409440401,
      "rev_growth_yoy": -0.14312869282738166,
      "rev_growth_yoy_accel": -0.11311696382773233,
      "fcf_margin_change": -0.12690701319140624
    },
    {
      "date": "2024-03-31T00:00:00",
      "quarter_label": "2024-03 (Q1)",
      "revenue": 140904000,
      "gross_profit": 44131000,
      "operating_income": 11559000,
      "net_income": 9596000,
      "opex": 32572000,
      "cogs": 96773000,
      "rd": null,
      "sga": null,
      "fcf": 1835000,
      "ocf": 5753000,
      "capex": -3918000,
      "gross_margin": 0.313199057514336,
      "op_margin": 0.08203457673309487,
      "fcf_margin": 0.013023051155396582,
      "incr_op_margin_yoy": 0.4257575757575758,
      "rev_growth_yoy": -0.22505279831045408,
      "rev_growth_yoy_accel": -0.08192410548307241,
      "fcf_margin_change": -0.06303307406180361
    },
    {
      "date": "2024-06-30T00:00:00",
      "quarter_label": "2024-06 (Q2)",
      "revenue": 138720000,
      "gross_profit": 44273000,
      "operating_income": 11292000,
      "net_income": 9366000,
      "opex": 32981000,
      "cogs": 94447000,
      "rd": null,
      "sga": null,
      "fcf": 24566000,
      "ocf": 28294000,
      "capex": -3728000,
      "gross_margin": 0.31915369088811996,
      "op_margin": 0.08140138408304498,
      "fcf_margin": 0.17709054209919262,
      "incr_op_margin_yoy": 0.3911540157334138,
      "rev_growth_yoy": -0.23701825502026808,
      "rev_growth_yoy_accel": -0.011965456709813999,
      "fcf_margin_change": 0.16406749094379602
    },
    {
      "date": "2024-09-30T00:00:00",
      "quarter_label": "2024-09 (Q3)",
      "revenue": 146973000,
      "gross_profit": 45778000,
      "operating_income": 10392000,
      "net_income": 7680000,
      "opex": 35386000,
      "cogs": 101195000,
      "rd": null,
      "sga": null,
      "fcf": 5792000,
      "ocf": 9366000,
      "capex": -3574000,
      "gross_margin": 0.3114721751614242,
      "op_margin": 0.07070686452613745,
      "fcf_margin": 0.0394085988582937,
      "incr_op_margin_yoy": 0.7193464537690308,
      "rev_growth_yoy": -0.0839265012029569,
      "rev_growth_yoy_accel": 0.15309175381731116,
      "op_leverage_ratio": 0.8158710137473113,
      "fcf_margin_change": -0.1376819432408989
    },
    {
      "date": "2024-12-31T00:00:00",
      "quarter_label": "2024-12 (Q4)",
      "revenue": 167117000,
      "gross_profit": 55629000,
      "operating_income": 17513000,
      "net_income": 10452000,
      "opex": 38116000,
      "cogs": 111488000,
      "rd": null,
      "sga": null,
      "fcf": 20636000,
      "ocf": 24067000,
      "capex": -3431000,
      "gross_margin": 0.33287457290401334,
      "op_margin": 0.10479484433061867,
      "fcf_margin": 0.12348235068843984,
      "incr_op_margin_yoy": 0.49116854141489263,
      "rev_growth_yoy": 0.14775794454784585,
      "rev_growth_yoy_accel": 0.23168444575080277,
      "op_leverage_ratio": 1.7765481382553905,
      "fcf_margin_change": 0.08407375183014613
    },
    {
      "date": "2025-03-31T00:00:00",
      "quarter_label": "2025-03 (Q1)",
      "revenue": 148541000,
      "gross_profit": 48671000,
      "operating_income": 13130000,
      "net_income": 11517000,
      "opex": 35541000,
      "cogs": 99870000,
      "rd": null,
      "sga": null,
      "fcf": -5321000,
      "ocf": 5655000,
      "capex": -10976000,
      "gross_margin": 0.3276603765963606,
      "op_margin": 0.08839310358756168,
      "fcf_margin": -0.03582175964885116,
      "incr_op_margin_yoy": 0.20570904805551918,
      "rev_growth_yoy": 0.054200022710497925,
      "rev_growth_yoy_accel": -0.09355792183734793,
      "fcf_margin_change": -0.159304110337291
    },
    {
      "date": "2025-06-30T00:00:00",
      "quarter_label": "2025-06 (Q2)",
      "revenue": 169601000,
      "gross_profit": 55399000,
      "operating_income": 17124000,
      "net_income": 12705000,
      "opex": 38275000,
      "cogs": 114202000,
      "rd": null,
      "sga": null,
      "fcf": 18550000,
      "ocf": 26928000,
      "capex": -8378000,
      "gross_margin": 0.32664312120801176,
      "op_margin": 0.10096638581140441,
      "fcf_margin": 0.1093743551040383,
      "incr_op_margin_yoy": 0.18885398788899324,
      "rev_growth_yoy": 0.2226138985005767,
      "rev_growth_yoy_accel": 0.16841387579007877,
      "op_leverage_ratio": 1.843075628955854,
      "fcf_margin_change": 0.14519611475288946
    },
    {
      "date": "2025-09-30T00:00:00",
      "quarter_label": "2025-09 (Q3)",
      "revenue": 178087000,
      "gross_profit": 52849000,
      "operating_income": 13132000,
      "net_income": 2626000,
      "opex": 39717000,
      "cogs": 125238000,
      "rd": null,
      "sga": null,
      "fcf": 8317000,
      "ocf": 18940000,
      "capex": -10623000,
      "gross_margin": 0.2967594490333376,
      "op_margin": 0.0737392398097559,
      "fcf_margin": 0.04670189289504568,
      "incr_op_margin_yoy": 0.08806325126952497,
      "rev_growth_yoy": 0.2116987473889762,
      "rev_growth_yoy_accel": -0.01091515111160049,
      "op_leverage_ratio": 1.3280809823686615,
      "fcf_margin_change": -0.06267246220899261
    }
  ],
  "signals": [
    {
      "quarter": "2025-06 (Q2)",
      "signal": "FCF TURNED POSITIVE",
      "detail": "FCF margin: -3.6% -> +10.9%",
      "severity": "HIGH"
    },
    {
      "quarter": "2025-06 (Q2)",
      "signal": "OPERATING LEVERAGE",
      "detail": "Rev growth +14.2% vs OpEx growth +7.7% (leverage: 1.8x)",
      "severity": "MEDIUM"
    },
    {
      "quarter": "2025-06 (Q2)",
      "signal": "YoY REVENUE GROWTH ACCELERATION",
      "detail": "YoY growth: +22.3% vs prior quarter YoY: +5.4% (accel: +16.8%)",
      "severity": "HIGH"
    },
    {
      "quarter": "2025-06 (Q2)",
      "signal": "INCREMENTAL MARGIN (YoY)",
      "detail": "YoY Incr OPM: +18.9% vs year-ago OPM: +8.1%",
      "severity": "MEDIUM"
    },
    {
      "quarter": "2025-03 (Q1)",
      "signal": "YoY REVENUE GROWTH DECELERATION",
      "detail": "YoY growth: +5.4% vs prior quarter YoY: +14.8% (decel: -9.4%)",
      "severity": "WARNING"
    },
    {
      "quarter": "2025-03 (Q1)",
      "signal": "INCREMENTAL MARGIN (YoY)",
      "detail": "YoY Incr OPM: +20.6% vs year-ago OPM: +8.2%",
      "severity": "MEDIUM"
    },
    {
      "quarter": "2024-12 (Q4)",
      "signal": "FCF MARGIN EXPANSION",
      "detail": "FCF margin: +3.9% -> +12.3% (+8.4%)",
      "severity": "MEDIUM"
    },
    {
      "quarter": "2024-12 (Q4)",
      "signal": "OPERATING LEVERAGE",
      "detail": "Rev growth +13.7% vs OpEx growth +7.7% (leverage: 1.8x)",
      "severity": "MEDIUM"
    },
    {
      "quarter": "2024-12 (Q4)",
      "signal": "GROSS MARGIN INFLECTION",
      "detail": "GM: +31.9% -> +31.1% -> +33.3% (reversal +2.1%)",
      "severity": "MEDIUM"
    },
    {
      "quarter": "2024-12 (Q4)",
      "signal": "YoY REVENUE GROWTH ACCELERATION",
      "detail": "YoY growth: +14.8% vs prior quarter YoY: -8.4% (accel: +23.2%)",
      "severity": "HIGH"
    },
    {
      "quarter": "2024-12 (Q4)",
      "signal": "INCREMENTAL MARGIN (YoY)",
      "detail": "YoY Incr OPM: +49.1% vs year-ago OPM: +4.8%",
      "severity": "HIGH"
    },
    {
      "quarter": "2024-09 (Q3)",
      "signal": "YoY REVENUE GROWTH ACCELERATION",
      "detail": "YoY growth: -8.4% vs prior quarter YoY: -23.7% (accel: +15.3%)",
      "severity": "HIGH"
    },
    {
      "quarter": "2024-09 (Q3)",
      "signal": "INCREMENTAL MARGIN (YoY)",
      "detail": "YoY Incr OPM: +71.9% vs year-ago OPM: +12.5%",
      "severity": "HIGH"
    },
    {
      "quarter": "2024-06 (Q2)",
      "signal": "FCF MARGIN EXPANSION",
      "detail": "FCF margin: +1.3% -> +17.7% (+16.4%)",
      "severity": "MEDIUM"
    },
    {
      "quarter": "2024-06 (Q2)",
      "signal": "INCREMENTAL MARGIN (YoY)",
      "detail": "YoY Incr OPM: +39.1% vs year-ago OPM: +15.5%",
      "severity": "HIGH"
    },
    {
      "quarter": "2024-03 (Q1)",
      "signal": "YoY REVENUE GROWTH DECELERATION",
      "detail": "YoY growth: -22.5% vs prior quarter YoY: -14.3% (decel: -8.2%)",
      "severity": "WARNING"
    },
    {
      "quarter": "2024-03 (Q1)",
      "signal": "INCREMENTAL MARGIN (YoY)",
      "detail": "YoY Incr OPM: +42.6% vs year-ago OPM: +15.9%",
      "severity": "HIGH"
    },
    {
      "quarter": "2023-12 (Q4)",
      "signal": "YoY REVENUE GROWTH DECELERATION",
      "detail": "YoY growth: -14.3% vs prior quarter YoY: -3.0% (decel: -11.3%)",
      "severity": "WARNING"
    },
    {
      "quarter": "2023-12 (Q4)",
      "signal": "INCREMENTAL MARGIN (YoY)",
      "detail": "YoY Incr OPM: +72.5% vs year-ago OPM: +14.5%",
      "severity": "HIGH"
    },
    {
      "quarter": "2023-09 (Q3)",
      "signal": "FCF MARGIN EXPANSION",
      "detail": "FCF margin: +6.4% -> +20.3% (+13.9%)",
      "severity": "MEDIUM"
    },
    {
      "quarter": "2023-09 (Q3)",
      "signal": "YoY REVENUE GROWTH DECELERATION",
      "detail": "YoY growth: -3.0% vs prior quarter YoY: +11.2% (decel: -14.2%)",
      "severity": "WARNING"
    },
    {
      "quarter": "2023-06 (Q2)",
      "signal": "YoY REVENUE GROWTH DECELERATION",
      "detail": "YoY growth: +11.2% vs prior quarter YoY: +31.5% (decel: -20.3%)",
      "severity": "WARNING"
    },
    {
      "quarter": "2023-06 (Q2)",
      "signal": "INCREMENTAL MARGIN (YoY)",
      "detail": "YoY Incr OPM: +55.6% vs year-ago OPM: +11.0%",
      "severity": "HIGH"
    },
    {
      "quarter": "2023-03 (Q1)",
      "signal": "FCF MARGIN EXPANSION",
      "detail": "FCF margin: +0.9% -> +9.4% (+8.4%)",
      "severity": "MEDIUM"
    },
    {
      "quarter": "2023-03 (Q1)",
      "signal": "INCREMENTAL MARGIN (YoY)",
      "detail": "YoY Incr OPM: +44.8% vs year-ago OPM: +6.8%",
      "severity": "HIGH"
    },
    {
      "quarter": "2022-12 (Q4)",
      "signal": "YoY REVENUE GROWTH ACCELERATION",
      "detail": "YoY growth: +29.3% vs prior quarter YoY: +22.2% (accel: +7.1%)",
      "severity": "MEDIUM"
    },
    {
      "quarter": "2022-12 (Q4)",
      "signal": "INCREMENTAL MARGIN (YoY)",
      "detail": "YoY Incr OPM: +35.4% vs year-ago OPM: +8.3%",
      "severity": "HIGH"
    },
    {
      "quarter": "2022-09 (Q3)",
      "signal": "FCF TURNED POSITIVE",
      "detail": "FCF margin: -4.2% -> +2.4%",
      "severity": "HIGH"
    },
    {
      "quarter": "2022-06 (Q2)",
      "signal": "FCF MARGIN EXPANSION",
      "detail": "FCF margin: -9.5% -> -4.2% (+5.4%)",
      "severity": "MEDIUM"
    },
    {
      "quarter": "2022-06 (Q2)",
      "signal": "OPERATING LEVERAGE",
      "detail": "Rev growth +18.3% vs OpEx growth +6.9% (leverage: 2.6x)",
      "severity": "MEDIUM"
    },
    {
      "quarter": "2022-06 (Q2)",
      "signal": "YoY REVENUE GROWTH ACCELERATION",
      "detail": "YoY growth: +22.9% vs prior quarter YoY: +17.6% (accel: +5.3%)",
      "severity": "MEDIUM"
    },
    {
      "quarter": "2022-03 (Q1)",
      "signal": "YoY REVENUE GROWTH ACCELERATION",
      "detail": "YoY growth: +17.6% vs prior quarter YoY: +10.9% (accel: +6.7%)",
      "severity": "MEDIUM"
    },
    {
      "quarter": "2021-12 (Q4)",
      "signal": "INCREMENTAL MARGIN (YoY)",
      "detail": "YoY Incr OPM: +54.8% vs year-ago OPM: +3.3%",
      "severity": "HIGH"
    },
    {
      "quarter": "2021-09 (Q3)",
      "signal": "FCF TURNED POSITIVE",
      "detail": "FCF margin: -2.3% -> +3.5%",
      "severity": "HIGH"
    },
    {
      "quarter": "2021-06 (Q2)",
      "signal": "OPERATING LEVERAGE",
      "detail": "Rev growth +13.2% vs OpEx growth +3.0% (leverage: 4.4x)",
      "severity": "MEDIUM"
    }
  ],
  "data_quality": {
    "n_quarters": 20,
    "coverage": {
      "revenue": [
        20,
        20
      ],
      "gross_profit": [
        20,
        20
      ],
      "op_income": [
        20,
        20
      ],
      "fcf": [
        20,
        20
      ]
    },
    "gaps": [],
    "warnings": []
  },
  "market_cap": null,
  "source": "SEC EDGAR",
  "last_updated": "2026-02-02T21:56:14.902174"
}