{
  "ticker": "PLTR",
  "name": "Palantir Technologies Inc.",
  "quarters": [
    {
      "date": "2020-12-31T00:00:00",
      "quarter_label": "2020-12 (Q4)",
      "revenue": 322091000,
      "gross_profit": 251588000,
      "operating_income": -156572000,
      "net_income": -148343000,
      "opex": 408160000,
      "cogs": 70503000,
      "rd": 94130000,
      "sga": null,
      "fcf": -23049000,
      "ocf": -18288000,
      "capex": -4761000,
      "gross_margin": 0.7811084445079186,
      "op_margin": -0.4861110679901022,
      "fcf_margin": -0.07156052171591258
    },
    {
      "date": "2021-03-31T00:00:00",
      "quarter_label": "2021-03 (Q1)",
      "revenue": 341234000,
      "gross_profit": 267123000,
      "operating_income": -114014000,
      "net_income": -123474000,
      "opex": 381137000,
      "cogs": 74111000,
      "rd": 98471000,
      "sga": null,
      "fcf": 116173000,
      "ocf": 116881000,
      "capex": -708000,
      "gross_margin": 0.7828147253790654,
      "op_margin": -0.3341226255296952,
      "fcf_margin": 0.3404496621086996,
      "op_leverage_ratio": Infinity,
      "fcf_margin_change": 0.4120101838246122
    },
    {
      "date": "2021-06-30T00:00:00",
      "quarter_label": "2021-06 (Q2)",
      "revenue": 375642000,
      "gross_profit": 284716000,
      "operating_income": -146148000,
      "net_income": -138580000,
      "opex": 430864000,
      "cogs": 90926000,
      "rd": 110524000,
      "sga": null,
      "fcf": 22053000,
      "ocf": 22750000,
      "capex": -697000,
      "gross_margin": 0.7579450647158731,
      "op_margin": -0.3890619259827176,
      "fcf_margin": 0.05870749277237369,
      "op_leverage_ratio": 0.7728513759138622,
      "fcf_margin_change": -0.2817421693363259
    },
    {
      "date": "2021-09-30T00:00:00",
      "quarter_label": "2021-09 (Q3)",
      "revenue": 392146000,
      "gross_profit": 305342000,
      "operating_income": -91941000,
      "net_income": -102137000,
      "opex": 397283000,
      "cogs": 86804000,
      "rd": 94316000,
      "sga": null,
      "fcf": 95415000,
      "ocf": 100793000,
      "capex": -5378000,
      "gross_margin": 0.7786436684296155,
      "op_margin": -0.2344560444324308,
      "fcf_margin": 0.24331498982521815,
      "op_leverage_ratio": Infinity,
      "fcf_margin_change": 0.18460749705284446
    },
    {
      "date": "2021-12-31T00:00:00",
      "quarter_label": "2021-12 (Q4)",
      "revenue": 432867000,
      "gross_profit": 345304000,
      "operating_income": -58943000,
      "net_income": -156188000,
      "opex": 404247000,
      "cogs": 87563000,
      "rd": 84176000,
      "sga": null,
      "fcf": 87583000,
      "ocf": 93427000,
      "capex": -5844000,
      "gross_margin": 0.7977138474404378,
      "op_margin": -0.13616884632000129,
      "fcf_margin": 0.20233235612786377,
      "incr_op_margin_yoy": 0.8813190582797717,
      "rev_growth_yoy": 0.34392764777656004,
      "op_leverage_ratio": 5.9239565490315025,
      "fcf_margin_change": -0.04098263369735439
    },
    {
      "date": "2022-03-31T00:00:00",
      "quarter_label": "2022-03 (Q1)",
      "revenue": 446357000,
      "gross_profit": 351954000,
      "operating_income": -39439000,
      "net_income": -101379000,
      "opex": 391393000,
      "cogs": 94403000,
      "rd": 88601000,
      "sga": null,
      "fcf": 20262000,
      "ocf": 35477000,
      "capex": -15215000,
      "gross_margin": 0.788503372860737,
      "op_margin": -0.08835752547848472,
      "fcf_margin": 0.04539415759134505,
      "incr_op_margin_yoy": 0.7094070755210563,
      "rev_growth_yoy": 0.30806719142875566,
      "rev_growth_yoy_accel": -0.03586045634780438,
      "op_leverage_ratio": Infinity,
      "fcf_margin_change": -0.15693819853651872
    },
    {
      "date": "2022-06-30T00:00:00",
      "quarter_label": "2022-06 (Q2)",
      "revenue": 473010000,
      "gross_profit": 370786000,
      "operating_income": -41745000,
      "net_income": -179329000,
      "opex": 412531000,
      "cogs": 102224000,
      "rd": 88171000,
      "sga": null,
      "fcf": 56973000,
      "ocf": 62431000,
      "capex": -5458000,
      "gross_margin": 0.7838861757679542,
      "op_margin": -0.08825394811949007,
      "fcf_margin": 0.12044777066023975,
      "incr_op_margin_yoy": 1.0722516637909785,
      "rev_growth_yoy": 0.25920424233711886,
      "rev_growth_yoy_accel": -0.0488629490916368,
      "op_leverage_ratio": 1.105637880756707,
      "fcf_margin_change": 0.0750536130688947
    },
    {
      "date": "2022-09-30T00:00:00",
      "quarter_label": "2022-09 (Q3)",
      "revenue": 477880000,
      "gross_profit": 370269000,
      "operating_income": -62191000,
      "net_income": -123875000,
      "opex": 432460000,
      "cogs": 107611000,
      "rd": 100863000,
      "sga": null,
      "fcf": 32630000,
      "ocf": 47066000,
      "capex": -14436000,
      "gross_margin": 0.7748158533523061,
      "op_margin": -0.13013936553109567,
      "fcf_margin": 0.06828073993471165,
      "incr_op_margin_yoy": 0.34700352252315303,
      "rev_growth_yoy": 0.21862775598884088,
      "rev_growth_yoy_accel": -0.040576486348277985,
      "op_leverage_ratio": 0.21312270577208356,
      "fcf_margin_change": -0.0521670307255281
    },
    {
      "date": "2022-12-31T00:00:00",
      "quarter_label": "2022-12 (Q4)",
      "revenue": 508624000,
      "gross_profit": 404313000,
      "operating_income": -17826000,
      "net_income": 30878000,
      "opex": 422139000,
      "cogs": 104311000,
      "rd": 82044000,
      "sga": null,
      "fcf": 73845000,
      "ocf": 78763000,
      "capex": -4918000,
      "gross_margin": 0.7949153008902451,
      "op_margin": -0.035047500707792,
      "fcf_margin": 0.14518583472270283,
      "incr_op_margin_yoy": 0.5427485248887891,
      "rev_growth_yoy": 0.17501218619113953,
      "rev_growth_yoy_accel": -0.04361556979770134,
      "op_leverage_ratio": Infinity,
      "fcf_margin_change": 0.07690509478799118
    },
    {
      "date": "2023-03-31T00:00:00",
      "quarter_label": "2023-03 (Q1)",
      "revenue": 525186000,
      "gross_profit": 417541000,
      "operating_income": 4115000,
      "net_income": 16802000,
      "opex": 413426000,
      "cogs": 107645000,
      "rd": 90100000,
      "sga": null,
      "fcf": 182621000,
      "ocf": 187376000,
      "capex": -4755000,
      "gross_margin": 0.7950345211029997,
      "op_margin": 0.007835319296401655,
      "fcf_margin": 0.3477263293385581,
      "incr_op_margin_yoy": 0.552512400258788,
      "rev_growth_yoy": 0.17660527335742465,
      "rev_growth_yoy_accel": 0.0015930871662851176,
      "op_leverage_ratio": Infinity,
      "fcf_margin_change": 0.2025404946158553
    },
    {
      "date": "2023-06-30T00:00:00",
      "quarter_label": "2023-06 (Q2)",
      "revenue": 533317000,
      "gross_profit": 426418000,
      "operating_income": 10074000,
      "net_income": 28127000,
      "opex": 416344000,
      "cogs": 106899000,
      "rd": 99533000,
      "sga": null,
      "fcf": 86258000,
      "ocf": 90192000,
      "capex": -3934000,
      "gross_margin": 0.7995582364709919,
      "op_margin": 0.018889328485684875,
      "fcf_margin": 0.16173870324778697,
      "incr_op_margin_yoy": 0.8592534863282869,
      "rev_growth_yoy": 0.12749624743662924,
      "rev_growth_yoy_accel": -0.04910902592079541,
      "op_leverage_ratio": 2.1935286874192768,
      "fcf_margin_change": -0.18598762609077116
    },
    {
      "date": "2023-09-30T00:00:00",
      "quarter_label": "2023-09 (Q3)",
      "revenue": 558159000,
      "gross_profit": 450237000,
      "operating_income": 39983000,
      "net_income": 71505000,
      "opex": 410254000,
      "cogs": 107922000,
      "rd": 105708000,
      "sga": null,
      "fcf": 131878000,
      "ocf": 133443000,
      "capex": -1565000,
      "gross_margin": 0.8066464932035495,
      "op_margin": 0.07163371010769333,
      "fcf_margin": 0.23627317663963135,
      "incr_op_margin_yoy": 1.2727363320420035,
      "rev_growth_yoy": 0.16798987193437684,
      "rev_growth_yoy_accel": 0.0404936244977476,
      "op_leverage_ratio": Infinity,
      "fcf_margin_change": 0.07453447339184438
    },
    {
      "date": "2023-12-31T00:00:00",
      "quarter_label": "2023-12 (Q4)",
      "revenue": 608350000,
      "gross_profit": 499711000,
      "operating_income": 65794000,
      "net_income": 93391000,
      "opex": 433917000,
      "cogs": 108639000,
      "rd": 109283000,
      "sga": null,
      "fcf": 296312000,
      "ocf": 301172000,
      "capex": -4860000,
      "gross_margin": 0.8214202350620531,
      "op_margin": 0.10815155749157557,
      "fcf_margin": 0.4870748746609682,
      "incr_op_margin_yoy": 0.8384974831037042,
      "rev_growth_yoy": 0.19607018150932712,
      "rev_growth_yoy_accel": 0.02808030957495028,
      "op_leverage_ratio": 1.559017309570389,
      "fcf_margin_change": 0.2508016980213369
    },
    {
      "date": "2024-03-31T00:00:00",
      "quarter_label": "2024-03 (Q1)",
      "revenue": 634338000,
      "gross_profit": 518082000,
      "operating_income": 80881000,
      "net_income": 105530000,
      "opex": 437201000,
      "cogs": 116256000,
      "rd": 110040000,
      "sga": null,
      "fcf": 126915000,
      "ocf": 129579000,
      "capex": -2664000,
      "gross_margin": 0.8167286210190782,
      "op_margin": 0.12750457957744923,
      "fcf_margin": 0.2000747235700841,
      "incr_op_margin_yoy": 0.7032944884198182,
      "rev_growth_yoy": 0.20783493847893889,
      "rev_growth_yoy_accel": 0.011764756969611767,
      "op_leverage_ratio": 5.644466014829955,
      "fcf_margin_change": -0.2870001510908841
    },
    {
      "date": "2024-06-30T00:00:00",
      "quarter_label": "2024-06 (Q2)",
      "revenue": 678134000,
      "gross_profit": 549572000,
      "operating_income": 105339000,
      "net_income": 134126000,
      "opex": 444233000,
      "cogs": 128562000,
      "rd": 108781000,
      "sga": null,
      "fcf": 141308000,
      "ocf": 144187000,
      "capex": -2879000,
      "gross_margin": 0.8104179999823043,
      "op_margin": 0.15533655590193088,
      "fcf_margin": 0.20837769526376793,
      "incr_op_margin_yoy": 0.65783022711422,
      "rev_growth_yoy": 0.27154019091834686,
      "rev_growth_yoy_accel": 0.06370525243940797,
      "op_leverage_ratio": 4.292556330912626,
      "fcf_margin_change": 0.008302971693683825
    },
    {
      "date": "2024-09-30T00:00:00",
      "quarter_label": "2024-09 (Q3)",
      "revenue": 725516000,
      "gross_profit": 578877000,
      "operating_income": 113140000,
      "net_income": 143525000,
      "opex": 465737000,
      "cogs": 146639000,
      "rd": 117555000,
      "sga": null,
      "fcf": 415787000,
      "ocf": 419772000,
      "capex": -3985000,
      "gross_margin": 0.797883161777273,
      "op_margin": 0.1559441831744579,
      "fcf_margin": 0.5730914273427464,
      "incr_op_margin_yoy": 0.4371314017340177,
      "rev_growth_yoy": 0.2998375015004685,
      "rev_growth_yoy_accel": 0.02829731058212165,
      "op_leverage_ratio": 1.443409085910354,
      "fcf_margin_change": 0.3647137320789785
    },
    {
      "date": "2024-12-31T00:00:00",
      "quarter_label": "2024-12 (Q4)",
      "revenue": 827519000,
      "gross_profit": 652986000,
      "operating_income": 11043000,
      "net_income": 79009000,
      "opex": 641943000,
      "cogs": 174533000,
      "rd": 171502000,
      "sga": null,
      "fcf": 457221000,
      "ocf": 460327000,
      "capex": -3106000,
      "gross_margin": 0.7890888305887841,
      "op_margin": 0.013344708701552473,
      "fcf_margin": 0.5525202442481684,
      "incr_op_margin_yoy": -0.24981178907600984,
      "rev_growth_yoy": 0.36026793786471606,
      "rev_growth_yoy_accel": 0.06043043636424755,
      "op_leverage_ratio": 0.37160880806795993,
      "fcf_margin_change": -0.02057118309457806
    },
    {
      "date": "2025-03-31T00:00:00",
      "quarter_label": "2025-03 (Q1)",
      "revenue": 883855000,
      "gross_profit": 710885000,
      "operating_income": 176048000,
      "net_income": 214031000,
      "opex": 534837000,
      "cogs": 172970000,
      "rd": 134889000,
      "sga": null,
      "fcf": 304079000,
      "ocf": 310263000,
      "capex": -6184000,
      "gross_margin": 0.804300479150992,
      "op_margin": 0.19918199252139773,
      "fcf_margin": 0.34403720067205595,
      "incr_op_margin_yoy": 0.3814048742169872,
      "rev_growth_yoy": 0.3933502328411667,
      "rev_growth_yoy_accel": 0.033082294976450655,
      "op_leverage_ratio": Infinity,
      "fcf_margin_change": -0.20848304357611241
    },
    {
      "date": "2025-06-30T00:00:00",
      "quarter_label": "2025-06 (Q2)",
      "revenue": 1003697000,
      "gross_profit": 810763000,
      "operating_income": 269317000,
      "net_income": 326727000,
      "opex": 541446000,
      "cogs": 192934000,
      "rd": 135043000,
      "sga": null,
      "fcf": 531617000,
      "ocf": 539251000,
      "capex": -7634000,
      "gross_margin": 0.8077766497259631,
      "op_margin": 0.26832500246588364,
      "fcf_margin": 0.5296588512270137,
      "incr_op_margin_yoy": 0.5036751719329285,
      "rev_growth_yoy": 0.48008653157045655,
      "rev_growth_yoy_accel": 0.08673629872928984,
      "op_leverage_ratio": 10.972705352498688,
      "fcf_margin_change": 0.18562165055495777
    },
    {
      "date": "2025-09-30T00:00:00",
      "quarter_label": "2025-09 (Q3)",
      "revenue": 1181092000,
      "gross_profit": 973785000,
      "operating_income": 393256000,
      "net_income": 475599000,
      "opex": 580529000,
      "cogs": 207307000,
      "rd": 144191000,
      "sga": null,
      "fcf": 500872000,
      "ocf": 507664000,
      "capex": -6792000,
      "gross_margin": 0.8244785334249999,
      "op_margin": 0.3329596678328191,
      "fcf_margin": 0.4240753472210463,
      "incr_op_margin_yoy": 0.6148611867174741,
      "rev_growth_yoy": 0.6279337740311723,
      "rev_growth_yoy_accel": 0.1478472424607158,
      "op_leverage_ratio": 2.4485332488729576,
      "fcf_margin_change": -0.10558350400596744
    }
  ],
  "signals": [
    {
      "quarter": "2025-09 (Q3)",
      "signal": "OPERATING LEVERAGE",
      "detail": "Rev growth +17.7% vs OpEx growth +7.2% (leverage: 2.4x)",
      "severity": "MEDIUM"
    },
    {
      "quarter": "2025-09 (Q3)",
      "signal": "YoY REVENUE GROWTH ACCELERATION",
      "detail": "YoY growth: +62.8% vs prior quarter YoY: +48.0% (accel: +14.8%)",
      "severity": "MEDIUM"
    },
    {
      "quarter": "2025-09 (Q3)",
      "signal": "INCREMENTAL MARGIN (YoY)",
      "detail": "YoY Incr OPM: +61.5% vs year-ago OPM: +15.6%",
      "severity": "HIGH"
    },
    {
      "quarter": "2025-06 (Q2)",
      "signal": "FCF MARGIN EXPANSION",
      "detail": "FCF margin: +34.4% -> +53.0% (+18.6%)",
      "severity": "MEDIUM"
    },
    {
      "quarter": "2025-06 (Q2)",
      "signal": "OPERATING LEVERAGE",
      "detail": "Rev growth +13.6% vs OpEx growth +1.2% (leverage: 11.0x)",
      "severity": "MEDIUM"
    },
    {
      "quarter": "2025-06 (Q2)",
      "signal": "YoY REVENUE GROWTH ACCELERATION",
      "detail": "YoY growth: +48.0% vs prior quarter YoY: +39.3% (accel: +8.7%)",
      "severity": "MEDIUM"
    },
    {
      "quarter": "2025-06 (Q2)",
      "signal": "INCREMENTAL MARGIN (YoY)",
      "detail": "YoY Incr OPM: +50.4% vs year-ago OPM: +15.5%",
      "severity": "HIGH"
    },
    {
      "quarter": "2025-03 (Q1)",
      "signal": "INCREMENTAL MARGIN (YoY)",
      "detail": "YoY Incr OPM: +38.1% vs year-ago OPM: +12.8%",
      "severity": "HIGH"
    },
    {
      "quarter": "2024-12 (Q4)",
      "signal": "YoY REVENUE GROWTH ACCELERATION",
      "detail": "YoY growth: +36.0% vs prior quarter YoY: +30.0% (accel: +6.0%)",
      "severity": "MEDIUM"
    },
    {
      "quarter": "2024-09 (Q3)",
      "signal": "FCF MARGIN EXPANSION",
      "detail": "FCF margin: +20.8% -> +57.3% (+36.5%)",
      "severity": "MEDIUM"
    },
    {
      "quarter": "2024-09 (Q3)",
      "signal": "INCREMENTAL MARGIN (YoY)",
      "detail": "YoY Incr OPM: +43.7% vs year-ago OPM: +7.2%",
      "severity": "HIGH"
    },
    {
      "quarter": "2024-06 (Q2)",
      "signal": "OPERATING LEVERAGE",
      "detail": "Rev growth +6.9% vs OpEx growth +1.6% (leverage: 4.3x)",
      "severity": "MEDIUM"
    },
    {
      "quarter": "2024-06 (Q2)",
      "signal": "YoY REVENUE GROWTH ACCELERATION",
      "detail": "YoY growth: +27.2% vs prior quarter YoY: +20.8% (accel: +6.4%)",
      "severity": "MEDIUM"
    },
    {
      "quarter": "2024-06 (Q2)",
      "signal": "INCREMENTAL MARGIN (YoY)",
      "detail": "YoY Incr OPM: +65.8% vs year-ago OPM: +1.9%",
      "severity": "HIGH"
    },
    {
      "quarter": "2024-03 (Q1)",
      "signal": "OPERATING LEVERAGE",
      "detail": "Rev growth +4.3% vs OpEx growth +0.8% (leverage: 5.6x)",
      "severity": "MEDIUM"
    },
    {
      "quarter": "2024-03 (Q1)",
      "signal": "INCREMENTAL MARGIN (YoY)",
      "detail": "YoY Incr OPM: +70.3% vs year-ago OPM: +0.8%",
      "severity": "HIGH"
    },
    {
      "quarter": "2023-12 (Q4)",
      "signal": "FCF MARGIN EXPANSION",
      "detail": "FCF margin: +23.6% -> +48.7% (+25.1%)",
      "severity": "MEDIUM"
    },
    {
      "quarter": "2023-12 (Q4)",
      "signal": "OPERATING LEVERAGE",
      "detail": "Rev growth +9.0% vs OpEx growth +5.8% (leverage: 1.6x)",
      "severity": "MEDIUM"
    },
    {
      "quarter": "2023-12 (Q4)",
      "signal": "OP MARGIN TURNED POSITIVE (YoY)",
      "detail": "Op margin: -3.5% (year-ago) -> +10.8%",
      "severity": "HIGH"
    },
    {
      "quarter": "2023-09 (Q3)",
      "signal": "FCF MARGIN EXPANSION",
      "detail": "FCF margin: +16.2% -> +23.6% (+7.5%)",
      "severity": "MEDIUM"
    },
    {
      "quarter": "2023-09 (Q3)",
      "signal": "OP MARGIN TURNED POSITIVE (YoY)",
      "detail": "Op margin: -13.0% (year-ago) -> +7.2%",
      "severity": "HIGH"
    },
    {
      "quarter": "2023-06 (Q2)",
      "signal": "OPERATING LEVERAGE",
      "detail": "Rev growth +1.5% vs OpEx growth +0.7% (leverage: 2.2x)",
      "severity": "MEDIUM"
    },
    {
      "quarter": "2023-06 (Q2)",
      "signal": "OP MARGIN TURNED POSITIVE (YoY)",
      "detail": "Op margin: -8.8% (year-ago) -> +1.9%",
      "severity": "HIGH"
    },
    {
      "quarter": "2023-03 (Q1)",
      "signal": "FCF MARGIN EXPANSION",
      "detail": "FCF margin: +14.5% -> +34.8% (+20.3%)",
      "severity": "MEDIUM"
    },
    {
      "quarter": "2023-03 (Q1)",
      "signal": "OP MARGIN TURNED POSITIVE (YoY)",
      "detail": "Op margin: -8.8% (year-ago) -> +0.8%",
      "severity": "HIGH"
    },
    {
      "quarter": "2023-03 (Q1)",
      "signal": "OP MARGIN TURNED POSITIVE (QoQ)",
      "detail": "Op margin: -3.5% -> +0.8%",
      "severity": "HIGH"
    },
    {
      "quarter": "2022-12 (Q4)",
      "signal": "FCF MARGIN EXPANSION",
      "detail": "FCF margin: +6.8% -> +14.5% (+7.7%)",
      "severity": "MEDIUM"
    },
    {
      "quarter": "2022-12 (Q4)",
      "signal": "GROSS MARGIN INFLECTION",
      "detail": "GM: +78.4% -> +77.5% -> +79.5% (reversal +2.0%)",
      "severity": "MEDIUM"
    },
    {
      "quarter": "2022-06 (Q2)",
      "signal": "FCF MARGIN EXPANSION",
      "detail": "FCF margin: +4.5% -> +12.0% (+7.5%)",
      "severity": "MEDIUM"
    },
    {
      "quarter": "2021-12 (Q4)",
      "signal": "OPERATING LEVERAGE",
      "detail": "Rev growth +10.4% vs OpEx growth +1.8% (leverage: 5.9x)",
      "severity": "MEDIUM"
    },
    {
      "quarter": "2021-09 (Q3)",
      "signal": "FCF MARGIN EXPANSION",
      "detail": "FCF margin: +5.9% -> +24.3% (+18.5%)",
      "severity": "MEDIUM"
    },
    {
      "quarter": "2021-09 (Q3)",
      "signal": "GROSS MARGIN INFLECTION",
      "detail": "GM: +78.3% -> +75.8% -> +77.9% (reversal +2.1%)",
      "severity": "MEDIUM"
    },
    {
      "quarter": "2021-03 (Q1)",
      "signal": "FCF TURNED POSITIVE",
      "detail": "FCF margin: -7.2% -> +34.0%",
      "severity": "HIGH"
    }
  ],
  "data_quality": {
    "n_quarters": 20,
    "coverage": {
      "revenue": [
        20,
        20
      ],
      "gross_profit": [
        20,
        20
      ],
      "op_income": [
        20,
        20
      ],
      "fcf": [
        20,
        20
      ]
    },
    "gaps": [],
    "warnings": []
  },
  "market_cap": null,
  "source": "SEC EDGAR",
  "last_updated": "2026-02-02T19:46:05.177528"
}