{
  "ticker": "PLUG",
  "name": "Plug Power Inc.",
  "quarters": [
    {
      "date": "2020-12-31T00:00:00",
      "quarter_label": "2020-12 (Q4)",
      "revenue": -309099000,
      "gross_profit": -431114000,
      "operating_income": -477774000,
      "net_income": -510641000,
      "opex": 46660000,
      "cogs": 159622000,
      "rd": -4285000,
      "sga": 32400000,
      "fcf": -10231000,
      "ocf": 1030000,
      "capex": -11261000,
      "gross_margin": 1.3947440787579384,
      "op_margin": 1.5456989508215815,
      "fcf_margin": 0.033099427691451605
    },
    {
      "date": "2021-03-31T00:00:00",
      "quarter_label": "2021-03 (Q1)",
      "revenue": 71958000,
      "gross_profit": -12171000,
      "operating_income": -48282000,
      "net_income": -60746000,
      "opex": 36111000,
      "cogs": 84129000,
      "rd": 9742000,
      "sga": 25579000,
      "fcf": -126978000,
      "ocf": -117099000,
      "capex": -9879000,
      "gross_margin": -0.16914033186025182,
      "op_margin": -0.6709747352622363,
      "fcf_margin": -1.764612690736263,
      "fcf_margin_change": -1.7977121184277145
    },
    {
      "date": "2021-06-30T00:00:00",
      "quarter_label": "2021-06 (Q2)",
      "revenue": 124557000,
      "gross_profit": -40298000,
      "operating_income": -89637000,
      "net_income": -99634000,
      "opex": 49339000,
      "cogs": 164855000,
      "rd": 11247000,
      "sga": 38652000,
      "fcf": -152719000,
      "ocf": -129536000,
      "capex": -23183000,
      "gross_margin": -0.32353059241953486,
      "op_margin": -0.7196464269370649,
      "fcf_margin": -1.226097288791477,
      "op_leverage_ratio": 1.9954632434639386,
      "fcf_margin_change": 0.538515401944786
    },
    {
      "date": "2021-09-30T00:00:00",
      "quarter_label": "2021-09 (Q3)",
      "revenue": 143922000,
      "gross_profit": -31078000,
      "operating_income": -98663000,
      "net_income": -106671000,
      "opex": 67585000,
      "cogs": 175000000,
      "rd": 16634000,
      "sga": 42421000,
      "fcf": -160188000,
      "ocf": -101866000,
      "capex": -58322000,
      "gross_margin": -0.21593640999986102,
      "op_margin": -0.6855310515418074,
      "fcf_margin": -1.1130195522574728,
      "op_leverage_ratio": 0.42040902857787854,
      "fcf_margin_change": 0.1130777365340041
    },
    {
      "date": "2021-12-31T00:00:00",
      "quarter_label": "2021-12 (Q4)",
      "revenue": 161905000,
      "gross_profit": -87763000,
      "operating_income": -200742000,
      "net_income": -192914000,
      "opex": 112979000,
      "cogs": 249668000,
      "rd": 27139000,
      "sga": 73200000,
      "fcf": -90457000,
      "ocf": -9675000,
      "capex": -80782000,
      "gross_margin": -0.5420647910811895,
      "op_margin": -1.2398752354775948,
      "fcf_margin": -0.5587041783762082,
      "incr_op_margin_yoy": 0.5881733488462944,
      "op_leverage_ratio": 0.1860316438042213,
      "fcf_margin_change": 0.5543153738812646
    },
    {
      "date": "2022-03-31T00:00:00",
      "quarter_label": "2022-03 (Q1)",
      "revenue": 140804000,
      "gross_profit": -35349000,
      "operating_income": -139161000,
      "net_income": -156489000,
      "opex": 103812000,
      "cogs": 176153000,
      "rd": 20461000,
      "sga": 80890000,
      "fcf": -288313000,
      "ocf": -209919000,
      "capex": -78394000,
      "gross_margin": -0.25105110650265616,
      "op_margin": -0.9883312974063236,
      "fcf_margin": -2.047619385812903,
      "incr_op_margin_yoy": -1.3200331173924411,
      "rev_growth_yoy": 0.9567525500986687,
      "fcf_margin_change": -1.488915207436695
    },
    {
      "date": "2022-06-30T00:00:00",
      "quarter_label": "2022-06 (Q2)",
      "revenue": 151267000,
      "gross_profit": -32465000,
      "operating_income": -146909000,
      "net_income": -173296000,
      "opex": 114444000,
      "cogs": 183732000,
      "rd": 23557000,
      "sga": 95953000,
      "fcf": -274638000,
      "ocf": -195194000,
      "capex": -79444000,
      "gross_margin": -0.2146205054638487,
      "op_margin": -0.9711900150065778,
      "fcf_margin": -1.8155843640714762,
      "incr_op_margin_yoy": -2.1442156495694498,
      "rev_growth_yoy": 0.21443997527236527,
      "rev_growth_yoy_accel": -0.7423125748263034,
      "op_leverage_ratio": 0.7255608199233515,
      "fcf_margin_change": 0.23203502174142687
    },
    {
      "date": "2022-09-30T00:00:00",
      "quarter_label": "2022-09 (Q3)",
      "revenue": 188628000,
      "gross_profit": -46063000,
      "operating_income": -159746000,
      "net_income": -170758000,
      "opex": 113683000,
      "cogs": 234691000,
      "rd": 28105000,
      "sga": 85578000,
      "fcf": -276651000,
      "ocf": -116936000,
      "capex": -159715000,
      "gross_margin": -0.24420022478105052,
      "op_margin": -0.8468838136437856,
      "fcf_margin": -1.466648641771105,
      "incr_op_margin_yoy": -1.3663266675614012,
      "rev_growth_yoy": 0.3106265894025931,
      "rev_growth_yoy_accel": 0.0961866141302278,
      "op_leverage_ratio": Infinity,
      "fcf_margin_change": 0.34893572230037107
    },
    {
      "date": "2022-12-31T00:00:00",
      "quarter_label": "2022-12 (Q4)",
      "revenue": 220742000,
      "gross_profit": -80478000,
      "operating_income": -233734000,
      "net_income": -223465000,
      "opex": 153256000,
      "cogs": 301220000,
      "rd": 27456000,
      "sga": 101509000,
      "fcf": -425631000,
      "ocf": -306574000,
      "capex": -119057000,
      "gross_margin": -0.36457946380842793,
      "op_margin": -1.0588560400829927,
      "fcf_margin": -1.9281831278143715,
      "incr_op_margin_yoy": -0.5607355915495351,
      "rev_growth_yoy": 0.3634044655816683,
      "rev_growth_yoy_accel": 0.0527778761790752,
      "op_leverage_ratio": 0.4890855071068121,
      "fcf_margin_change": -0.4615344860432664
    },
    {
      "date": "2023-03-31T00:00:00",
      "quarter_label": "2023-03 (Q1)",
      "revenue": 210286000,
      "gross_profit": -69396000,
      "operating_income": -209799000,
      "net_income": -206561000,
      "opex": 140403000,
      "cogs": 279682000,
      "rd": 26535000,
      "sga": 104016000,
      "fcf": -445484000,
      "ocf": -276919000,
      "capex": -168565000,
      "gross_margin": -0.3300077037938807,
      "op_margin": -0.9976841064074641,
      "fcf_margin": -2.118467230343437,
      "incr_op_margin_yoy": -1.0166374024927318,
      "rev_growth_yoy": 0.4934660947132184,
      "rev_growth_yoy_accel": 0.13006162913155012,
      "fcf_margin_change": -0.19028410252906558
    },
    {
      "date": "2023-06-30T00:00:00",
      "quarter_label": "2023-06 (Q2)",
      "revenue": 260182000,
      "gross_profit": -78143000,
      "operating_income": -233842000,
      "net_income": -236398000,
      "opex": 155699000,
      "cogs": 338325000,
      "rd": 29251000,
      "sga": 101154000,
      "fcf": -498849000,
      "ocf": -348092000,
      "capex": -150757000,
      "gross_margin": -0.30033976216648345,
      "op_margin": -0.8987631734708781,
      "fcf_margin": -1.9173078844808633,
      "incr_op_margin_yoy": -0.7981728871138043,
      "rev_growth_yoy": 0.7200182458831074,
      "rev_growth_yoy_accel": 0.22655215116988897,
      "op_leverage_ratio": 2.177979980701318,
      "fcf_margin_change": 0.20115934586257378
    },
    {
      "date": "2023-09-30T00:00:00",
      "quarter_label": "2023-09 (Q3)",
      "revenue": 198711000,
      "gross_profit": -137965000,
      "operating_income": -273971000,
      "net_income": -283479000,
      "opex": 136006000,
      "cogs": 336676000,
      "rd": 27651000,
      "sga": 105451000,
      "fcf": -403616000,
      "ocf": -238908000,
      "capex": -164708000,
      "gross_margin": -0.6942997619658701,
      "op_margin": -1.3787409856525306,
      "fcf_margin": -2.0311708964274753,
      "incr_op_margin_yoy": -11.328473668551027,
      "rev_growth_yoy": 0.05345441821998855,
      "rev_growth_yoy_accel": -0.6665638276631188,
      "fcf_margin_change": -0.11386301194661197
    },
    {
      "date": "2023-12-31T00:00:00",
      "quarter_label": "2023-12 (Q4)",
      "revenue": 222161000,
      "gross_profit": -222287000,
      "operating_income": -625911000,
      "net_income": -642395000,
      "opex": 403624000,
      "cogs": 444448000,
      "rd": 30308000,
      "sga": 111848000,
      "fcf": -423829000,
      "ocf": -242651000,
      "capex": -181178000,
      "gross_margin": -1.0005671562515472,
      "op_margin": -2.817375687001769,
      "fcf_margin": -1.9077560868019139,
      "incr_op_margin_yoy": -276.3756166314306,
      "rev_growth_yoy": 0.006428319033079341,
      "rev_growth_yoy_accel": -0.04702609918690921,
      "op_leverage_ratio": 0.05997409253283482,
      "fcf_margin_change": 0.1234148096255614
    },
    {
      "date": "2024-03-31T00:00:00",
      "quarter_label": "2024-03 (Q1)",
      "revenue": 120264000,
      "gross_profit": -159075000,
      "operating_income": -259409000,
      "net_income": -295776000,
      "opex": 100334000,
      "cogs": 279339000,
      "rd": 25280000,
      "sga": 77959000,
      "fcf": -260349000,
      "ocf": -167728000,
      "capex": -92621000,
      "gross_margin": -1.3227150269407304,
      "op_margin": -2.1569962748619704,
      "fcf_margin": -2.1648124126920774,
      "incr_op_margin_yoy": 0.5510875119415254,
      "rev_growth_yoy": -0.42809316835167344,
      "rev_growth_yoy_accel": -0.43452148738475277,
      "fcf_margin_change": -0.2570563258901635
    },
    {
      "date": "2024-06-30T00:00:00",
      "quarter_label": "2024-06 (Q2)",
      "revenue": 143350000,
      "gross_profit": -131255000,
      "operating_income": -244673000,
      "net_income": -262333000,
      "opex": 113418000,
      "cogs": 274605000,
      "rd": 18940000,
      "sga": 85144000,
      "fcf": -356040000,
      "ocf": -254738000,
      "capex": -101302000,
      "gross_margin": -0.9156260899895361,
      "op_margin": -1.70682246250436,
      "fcf_margin": -2.4837111963725147,
      "incr_op_margin_yoy": 0.09270576554368666,
      "rev_growth_yoy": -0.4490395184909025,
      "rev_growth_yoy_accel": -0.020946350139229075,
      "op_leverage_ratio": 1.4720434797852144,
      "fcf_margin_change": -0.31889878368043734
    },
    {
      "date": "2024-09-30T00:00:00",
      "quarter_label": "2024-09 (Q3)",
      "revenue": 173730000,
      "gross_profit": -100025000,
      "operating_income": -216168000,
      "net_income": -211168000,
      "opex": 116143000,
      "cogs": 273755000,
      "rd": 19712000,
      "sga": 91586000,
      "fcf": -234161000,
      "ocf": -174936000,
      "capex": -59225000,
      "gross_margin": -0.5757497265872331,
      "op_margin": -1.2442756000690727,
      "fcf_margin": -1.3478443561848845,
      "incr_op_margin_yoy": -2.313878547696249,
      "rev_growth_yoy": -0.12571523468756132,
      "rev_growth_yoy_accel": 0.3233242838033412,
      "op_leverage_ratio": 8.820750751192788,
      "fcf_margin_change": 1.1358668401876302
    },
    {
      "date": "2024-12-31T00:00:00",
      "quarter_label": "2024-12 (Q4)",
      "revenue": 191470000,
      "gross_profit": -234532000,
      "operating_income": -1299594000,
      "net_income": -1335424000,
      "opex": 1065062000,
      "cogs": 426002000,
      "rd": 13294000,
      "sga": 121421000,
      "fcf": -165191000,
      "ocf": -131241000,
      "capex": -33950000,
      "gross_margin": -1.2249020734318692,
      "op_margin": -6.78745495377866,
      "fcf_margin": -0.8627513448582024,
      "incr_op_margin_yoy": 21.950506663191163,
      "rev_growth_yoy": -0.13814755965268433,
      "rev_growth_yoy_accel": -0.012432324965123004,
      "op_leverage_ratio": 0.012498062527536949,
      "fcf_margin_change": 0.48509301132668214
    },
    {
      "date": "2025-03-31T00:00:00",
      "quarter_label": "2025-03 (Q1)",
      "revenue": 133674000,
      "gross_profit": -73861000,
      "operating_income": -178456000,
      "net_income": -196656000,
      "opex": 104595000,
      "cogs": 207535000,
      "rd": 17357000,
      "sga": 80839000,
      "fcf": -146019000,
      "ocf": -105568000,
      "capex": -40451000,
      "gross_margin": -0.5525457456199411,
      "op_margin": -1.3350090518724658,
      "fcf_margin": -1.0923515418106737,
      "incr_op_margin_yoy": 6.03676360924683,
      "rev_growth_yoy": 0.11150468968269807,
      "rev_growth_yoy_accel": 0.24965224933538238,
      "fcf_margin_change": -0.22960019695247136
    },
    {
      "date": "2025-06-30T00:00:00",
      "quarter_label": "2025-06 (Q2)",
      "revenue": 173970000,
      "gross_profit": -53465000,
      "operating_income": -176946000,
      "net_income": -227099000,
      "opex": 123481000,
      "cogs": 227435000,
      "rd": 12193000,
      "sga": 87893000,
      "fcf": -230428000,
      "ocf": -191810000,
      "capex": -38618000,
      "gross_margin": -0.3073231016841984,
      "op_margin": -1.017106397654768,
      "fcf_margin": -1.3245272173363223,
      "incr_op_margin_yoy": 2.2118549967341607,
      "rev_growth_yoy": 0.21360306941053367,
      "rev_growth_yoy_accel": 0.1020983797278356,
      "op_leverage_ratio": 1.669498114410237,
      "fcf_margin_change": -0.23217567552564855
    },
    {
      "date": "2025-09-30T00:00:00",
      "quarter_label": "2025-09 (Q3)",
      "revenue": 177055000,
      "gross_profit": -120165000,
      "operating_income": -348789000,
      "net_income": -361869000,
      "opex": 228624000,
      "cogs": 297220000,
      "rd": 16118000,
      "sga": 110592000,
      "fcf": -117519000,
      "ocf": -89814000,
      "capex": -27705000,
      "gross_margin": -0.6786874135155743,
      "op_margin": -1.9699471915506481,
      "fcf_margin": -0.6637429047471125,
      "incr_op_margin_yoy": -39.886015037593985,
      "rev_growth_yoy": 0.0191388936856041,
      "rev_growth_yoy_accel": -0.19446417572492958,
      "op_leverage_ratio": 0.02082574653632869,
      "fcf_margin_change": 0.6607843125892098
    }
  ],
  "signals": [
    {
      "quarter": "2025-09 (Q3)",
      "signal": "FCF MARGIN EXPANSION",
      "detail": "FCF margin: -132.5% -> -66.4% (+66.1%)",
      "severity": "MEDIUM"
    },
    {
      "quarter": "2025-09 (Q3)",
      "signal": "YoY REVENUE GROWTH DECELERATION",
      "detail": "YoY growth: +1.9% vs prior quarter YoY: +21.4% (decel: -19.4%)",
      "severity": "WARNING"
    },
    {
      "quarter": "2025-06 (Q2)",
      "signal": "OPERATING LEVERAGE",
      "detail": "Rev growth +30.1% vs OpEx growth +18.1% (leverage: 1.7x)",
      "severity": "MEDIUM"
    },
    {
      "quarter": "2025-06 (Q2)",
      "signal": "YoY REVENUE GROWTH ACCELERATION",
      "detail": "YoY growth: +21.4% vs prior quarter YoY: +11.2% (accel: +10.2%)",
      "severity": "MEDIUM"
    },
    {
      "quarter": "2025-03 (Q1)",
      "signal": "GROSS MARGIN INFLECTION",
      "detail": "GM: -57.6% -> -122.5% -> -55.3% (reversal +67.2%)",
      "severity": "HIGH"
    },
    {
      "quarter": "2025-03 (Q1)",
      "signal": "YoY REVENUE GROWTH ACCELERATION",
      "detail": "YoY growth: +11.2% vs prior quarter YoY: -13.8% (accel: +25.0%)",
      "severity": "HIGH"
    },
    {
      "quarter": "2024-12 (Q4)",
      "signal": "FCF MARGIN EXPANSION",
      "detail": "FCF margin: -134.8% -> -86.3% (+48.5%)",
      "severity": "MEDIUM"
    },
    {
      "quarter": "2024-09 (Q3)",
      "signal": "FCF MARGIN EXPANSION",
      "detail": "FCF margin: -248.4% -> -134.8% (+113.6%)",
      "severity": "MEDIUM"
    },
    {
      "quarter": "2024-09 (Q3)",
      "signal": "OPERATING LEVERAGE",
      "detail": "Rev growth +21.2% vs OpEx growth +2.4% (leverage: 8.8x)",
      "severity": "MEDIUM"
    },
    {
      "quarter": "2024-09 (Q3)",
      "signal": "YoY REVENUE GROWTH ACCELERATION",
      "detail": "YoY growth: -12.6% vs prior quarter YoY: -44.9% (accel: +32.3%)",
      "severity": "HIGH"
    },
    {
      "quarter": "2024-06 (Q2)",
      "signal": "GROSS MARGIN INFLECTION",
      "detail": "GM: -100.1% -> -132.3% -> -91.6% (reversal +40.7%)",
      "severity": "HIGH"
    },
    {
      "quarter": "2024-03 (Q1)",
      "signal": "YoY REVENUE GROWTH DECELERATION",
      "detail": "YoY growth: -42.8% vs prior quarter YoY: +0.6% (decel: -43.5%)",
      "severity": "WARNING"
    },
    {
      "quarter": "2023-12 (Q4)",
      "signal": "FCF MARGIN EXPANSION",
      "detail": "FCF margin: -203.1% -> -190.8% (+12.3%)",
      "severity": "MEDIUM"
    },
    {
      "quarter": "2023-09 (Q3)",
      "signal": "YoY REVENUE GROWTH DECELERATION",
      "detail": "YoY growth: +5.3% vs prior quarter YoY: +72.0% (decel: -66.7%)",
      "severity": "WARNING"
    },
    {
      "quarter": "2023-06 (Q2)",
      "signal": "FCF MARGIN EXPANSION",
      "detail": "FCF margin: -211.8% -> -191.7% (+20.1%)",
      "severity": "MEDIUM"
    },
    {
      "quarter": "2023-06 (Q2)",
      "signal": "OPERATING LEVERAGE",
      "detail": "Rev growth +23.7% vs OpEx growth +10.9% (leverage: 2.2x)",
      "severity": "MEDIUM"
    },
    {
      "quarter": "2023-06 (Q2)",
      "signal": "YoY REVENUE GROWTH ACCELERATION",
      "detail": "YoY growth: +72.0% vs prior quarter YoY: +49.3% (accel: +22.7%)",
      "severity": "HIGH"
    },
    {
      "quarter": "2023-03 (Q1)",
      "signal": "GROSS MARGIN INFLECTION",
      "detail": "GM: -24.4% -> -36.5% -> -33.0% (reversal +3.5%)",
      "severity": "MEDIUM"
    },
    {
      "quarter": "2023-03 (Q1)",
      "signal": "YoY REVENUE GROWTH ACCELERATION",
      "detail": "YoY growth: +49.3% vs prior quarter YoY: +36.3% (accel: +13.0%)",
      "severity": "MEDIUM"
    },
    {
      "quarter": "2022-12 (Q4)",
      "signal": "YoY REVENUE GROWTH ACCELERATION",
      "detail": "YoY growth: +36.3% vs prior quarter YoY: +31.1% (accel: +5.3%)",
      "severity": "MEDIUM"
    },
    {
      "quarter": "2022-09 (Q3)",
      "signal": "FCF MARGIN EXPANSION",
      "detail": "FCF margin: -181.6% -> -146.7% (+34.9%)",
      "severity": "MEDIUM"
    },
    {
      "quarter": "2022-09 (Q3)",
      "signal": "YoY REVENUE GROWTH ACCELERATION",
      "detail": "YoY growth: +31.1% vs prior quarter YoY: +21.4% (accel: +9.6%)",
      "severity": "MEDIUM"
    },
    {
      "quarter": "2022-06 (Q2)",
      "signal": "FCF MARGIN EXPANSION",
      "detail": "FCF margin: -204.8% -> -181.6% (+23.2%)",
      "severity": "MEDIUM"
    },
    {
      "quarter": "2022-06 (Q2)",
      "signal": "YoY REVENUE GROWTH DECELERATION",
      "detail": "YoY growth: +21.4% vs prior quarter YoY: +95.7% (decel: -74.2%)",
      "severity": "WARNING"
    },
    {
      "quarter": "2022-03 (Q1)",
      "signal": "GROSS MARGIN INFLECTION",
      "detail": "GM: -21.6% -> -54.2% -> -25.1% (reversal +29.1%)",
      "severity": "HIGH"
    },
    {
      "quarter": "2021-12 (Q4)",
      "signal": "FCF MARGIN EXPANSION",
      "detail": "FCF margin: -111.3% -> -55.9% (+55.4%)",
      "severity": "MEDIUM"
    },
    {
      "quarter": "2021-09 (Q3)",
      "signal": "FCF MARGIN EXPANSION",
      "detail": "FCF margin: -122.6% -> -111.3% (+11.3%)",
      "severity": "MEDIUM"
    },
    {
      "quarter": "2021-09 (Q3)",
      "signal": "GROSS MARGIN INFLECTION",
      "detail": "GM: -16.9% -> -32.4% -> -21.6% (reversal +10.8%)",
      "severity": "HIGH"
    },
    {
      "quarter": "2021-06 (Q2)",
      "signal": "FCF MARGIN EXPANSION",
      "detail": "FCF margin: -176.5% -> -122.6% (+53.9%)",
      "severity": "MEDIUM"
    },
    {
      "quarter": "2021-06 (Q2)",
      "signal": "OPERATING LEVERAGE",
      "detail": "Rev growth +73.1% vs OpEx growth +36.6% (leverage: 2.0x)",
      "severity": "MEDIUM"
    }
  ],
  "data_quality": {
    "n_quarters": 20,
    "coverage": {
      "revenue": [
        20,
        20
      ],
      "gross_profit": [
        20,
        20
      ],
      "op_income": [
        20,
        20
      ],
      "fcf": [
        20,
        20
      ]
    },
    "gaps": [],
    "warnings": []
  },
  "market_cap": null,
  "source": "SEC EDGAR",
  "last_updated": "2026-02-02T21:18:53.443355"
}