{
  "ticker": "PLUS",
  "name": "ePlus inc.",
  "quarters": [
    {
      "date": "2020-12-31T00:00:00",
      "quarter_label": "2020-12 (Q4)",
      "revenue": 427604000,
      "gross_profit": 98151000,
      "operating_income": 29263000,
      "net_income": 21638000,
      "opex": 68888000,
      "cogs": 329453000,
      "rd": null,
      "sga": 65390000,
      "fcf": -3164000,
      "ocf": -3164000,
      "capex": null,
      "gross_margin": 0.2295371418415169,
      "op_margin": 0.06843481351905034,
      "fcf_margin": -0.0073993695101074826
    },
    {
      "date": "2021-03-31T00:00:00",
      "quarter_label": "2021-03 (Q1)",
      "revenue": 352607000,
      "gross_profit": 97884000,
      "operating_income": 23590000,
      "net_income": 15553000,
      "opex": 74294000,
      "cogs": 254723000,
      "rd": null,
      "sga": 69517000,
      "fcf": 124263000,
      "ocf": 124263000,
      "capex": null,
      "gross_margin": 0.27760084173031163,
      "op_margin": 0.06690167807218801,
      "fcf_margin": 0.35241217559492577,
      "fcf_margin_change": 0.35981154510503327
    },
    {
      "date": "2021-06-30T00:00:00",
      "quarter_label": "2021-06 (Q2)",
      "revenue": 416649000,
      "gross_profit": 105512000,
      "operating_income": 32452000,
      "net_income": 23518000,
      "opex": 73060000,
      "cogs": 311137000,
      "rd": null,
      "sga": 68775000,
      "fcf": -65136000,
      "ocf": -65136000,
      "capex": null,
      "gross_margin": 0.25323953735638394,
      "op_margin": 0.07788810245554412,
      "fcf_margin": -0.15633302852040926,
      "op_leverage_ratio": Infinity,
      "fcf_margin_change": -0.5087452041153351
    },
    {
      "date": "2021-09-30T00:00:00",
      "quarter_label": "2021-09 (Q3)",
      "revenue": 458017000,
      "gross_profit": 123002000,
      "operating_income": 44303000,
      "net_income": 31413000,
      "opex": 78699000,
      "cogs": 335015000,
      "rd": null,
      "sga": 74504000,
      "fcf": -69868000,
      "ocf": -69868000,
      "capex": null,
      "gross_margin": 0.2685533506398234,
      "op_margin": 0.0967278507129648,
      "fcf_margin": -0.152544556206429,
      "op_leverage_ratio": 1.286387330905824,
      "fcf_margin_change": 0.0037884723139802456
    },
    {
      "date": "2021-12-31T00:00:00",
      "quarter_label": "2021-12 (Q4)",
      "revenue": 494834000,
      "gross_profit": 117117000,
      "operating_income": 36085000,
      "net_income": 26424000,
      "opex": 81032000,
      "cogs": 377717000,
      "rd": null,
      "sga": 76874000,
      "fcf": 13462000,
      "ocf": 13462000,
      "capex": null,
      "gross_margin": 0.2366793712638986,
      "op_margin": 0.07292344503409225,
      "fcf_margin": 0.027205082916695295,
      "incr_op_margin_yoy": 0.10147255689424364,
      "rev_growth_yoy": 0.15722490902797917,
      "op_leverage_ratio": 2.7115728378941935,
      "fcf_margin_change": 0.1797496391231243
    },
    {
      "date": "2022-03-31T00:00:00",
      "quarter_label": "2022-03 (Q1)",
      "revenue": 451519000,
      "gross_profit": 115351000,
      "operating_income": 34476000,
      "net_income": 24245000,
      "opex": 80875000,
      "cogs": 336168000,
      "rd": null,
      "sga": 76964000,
      "fcf": 100971000,
      "ocf": 100971000,
      "capex": null,
      "gross_margin": 0.25547319160434,
      "op_margin": 0.0763555907946288,
      "fcf_margin": 0.22362514091322847,
      "incr_op_margin_yoy": 0.11005742478162407,
      "rev_growth_yoy": 0.2805162688205282,
      "rev_growth_yoy_accel": 0.12329135979254904,
      "fcf_margin_change": 0.19642005799653317
    },
    {
      "date": "2022-06-30T00:00:00",
      "quarter_label": "2022-06 (Q2)",
      "revenue": 458359000,
      "gross_profit": 113523000,
      "operating_income": 33183000,
      "net_income": 22339000,
      "opex": 80340000,
      "cogs": 344836000,
      "rd": null,
      "sga": 76767000,
      "fcf": -102943000,
      "ocf": -102943000,
      "capex": null,
      "gross_margin": 0.2476726757847015,
      "op_margin": 0.07239521859503141,
      "fcf_margin": -0.2245903320323153,
      "incr_op_margin_yoy": 0.01752577319587629,
      "rev_growth_yoy": 0.1001082445895706,
      "rev_growth_yoy_accel": -0.18040802423095761,
      "op_leverage_ratio": Infinity,
      "fcf_margin_change": -0.44821547294554376
    },
    {
      "date": "2022-09-30T00:00:00",
      "quarter_label": "2022-09 (Q3)",
      "revenue": 493706000,
      "gross_profit": 133304000,
      "operating_income": 44107000,
      "net_income": 28469000,
      "opex": 89197000,
      "cogs": 360402000,
      "rd": null,
      "sga": 84704000,
      "fcf": -16728000,
      "ocf": -16728000,
      "capex": null,
      "gross_margin": 0.2700068461797102,
      "op_margin": 0.08933859422409288,
      "fcf_margin": -0.03388251307458285,
      "incr_op_margin_yoy": -0.005491888256885875,
      "rev_growth_yoy": 0.07792068853339505,
      "rev_growth_yoy_accel": -0.022187556056175547,
      "op_leverage_ratio": 0.6995068622878254,
      "fcf_margin_change": 0.19070781895773245
    },
    {
      "date": "2022-12-31T00:00:00",
      "quarter_label": "2022-12 (Q4)",
      "revenue": 623476000,
      "gross_profit": 138372000,
      "operating_income": 46458000,
      "net_income": 35694000,
      "opex": 91914000,
      "cogs": 485104000,
      "rd": null,
      "sga": 86730000,
      "fcf": -27367000,
      "ocf": -27367000,
      "capex": null,
      "gross_margin": 0.2219363696437393,
      "op_margin": 0.07451449614740584,
      "fcf_margin": -0.04389423169456402,
      "incr_op_margin_yoy": 0.0806346294367314,
      "rev_growth_yoy": 0.25997001014481624,
      "rev_growth_yoy_accel": 0.18204932161142118,
      "op_leverage_ratio": 8.629120005992071,
      "fcf_margin_change": -0.010011718619981173
    },
    {
      "date": "2023-03-31T00:00:00",
      "quarter_label": "2023-03 (Q1)",
      "revenue": 492177000,
      "gross_profit": 132325000,
      "operating_income": 42414000,
      "net_income": 32854000,
      "opex": 89911000,
      "cogs": 359852000,
      "rd": null,
      "sga": 85319000,
      "fcf": 131613000,
      "ocf": 131613000,
      "capex": null,
      "gross_margin": 0.26885652925675113,
      "op_margin": 0.08617631461852139,
      "fcf_margin": 0.26740989522062186,
      "incr_op_margin_yoy": 0.19523832948005312,
      "rev_growth_yoy": 0.09004715194709415,
      "rev_growth_yoy_accel": -0.1699228581977221,
      "fcf_margin_change": 0.3113041269151859
    },
    {
      "date": "2023-06-30T00:00:00",
      "quarter_label": "2023-06 (Q2)",
      "revenue": 574175000,
      "gross_profit": 142273000,
      "operating_income": 46332000,
      "net_income": 33847000,
      "opex": 95941000,
      "cogs": 431902000,
      "rd": null,
      "sga": 90298000,
      "fcf": -20900000,
      "ocf": -20900000,
      "capex": null,
      "gross_margin": 0.24778682457438933,
      "op_margin": 0.08069316845909348,
      "fcf_margin": -0.03640005224887883,
      "incr_op_margin_yoy": 0.11353353595358154,
      "rev_growth_yoy": 0.2526753047283898,
      "rev_growth_yoy_accel": 0.16262815278129564,
      "op_leverage_ratio": 2.4841479668168427,
      "fcf_margin_change": -0.3038099474695007
    },
    {
      "date": "2023-09-30T00:00:00",
      "quarter_label": "2023-09 (Q3)",
      "revenue": 587611000,
      "gross_profit": 144365000,
      "operating_income": 44863000,
      "net_income": 32664000,
      "opex": 99502000,
      "cogs": 443246000,
      "rd": null,
      "sga": 92652000,
      "fcf": 31236000,
      "ocf": 31236000,
      "capex": null,
      "gross_margin": 0.24568124150160564,
      "op_margin": 0.07634812826853139,
      "fcf_margin": 0.05315761617804977,
      "incr_op_margin_yoy": 0.008050689526649273,
      "rev_growth_yoy": 0.1902042916229497,
      "rev_growth_yoy_accel": -0.06247101310544009,
      "op_leverage_ratio": 0.6304606468871428,
      "fcf_margin_change": 0.0895576684269286
    },
    {
      "date": "2023-12-31T00:00:00",
      "quarter_label": "2023-12 (Q4)",
      "revenue": 509055000,
      "gross_profit": 133810000,
      "operating_income": 38047000,
      "net_income": 27282000,
      "opex": 95763000,
      "cogs": 375245000,
      "rd": null,
      "sga": 89381000,
      "fcf": 133156000,
      "ocf": 133156000,
      "capex": null,
      "gross_margin": 0.2628596124190903,
      "op_margin": 0.07474045044248658,
      "fcf_margin": 0.261574878942354,
      "incr_op_margin_yoy": 0.07350923344490959,
      "rev_growth_yoy": -0.18352109784498521,
      "rev_growth_yoy_accel": -0.3737253894679349,
      "fcf_margin_change": 0.20841726276430422
    },
    {
      "date": "2024-03-31T00:00:00",
      "quarter_label": "2024-03 (Q1)",
      "revenue": 554461000,
      "gross_profit": 130345000,
      "operating_income": 29015000,
      "net_income": 21983000,
      "opex": 101330000,
      "cogs": 424116000,
      "rd": null,
      "sga": 95403000,
      "fcf": 104957000,
      "ocf": 104957000,
      "capex": null,
      "gross_margin": 0.2350841628175832,
      "op_margin": 0.05233010076452627,
      "fcf_margin": 0.1892955500927928,
      "incr_op_margin_yoy": -0.2151274805728598,
      "rev_growth_yoy": 0.1265479695312865,
      "rev_growth_yoy_accel": 0.3100690673762717,
      "op_leverage_ratio": 1.5343521948463568,
      "fcf_margin_change": -0.07227932884956118
    },
    {
      "date": "2024-06-30T00:00:00",
      "quarter_label": "2024-06 (Q2)",
      "revenue": 544538000,
      "gross_profit": 134481000,
      "operating_income": 35469000,
      "net_income": 27339000,
      "opex": 99012000,
      "cogs": 410057000,
      "rd": null,
      "sga": 93608000,
      "fcf": 97127000,
      "ocf": 97127000,
      "capex": null,
      "gross_margin": 0.24696348096918855,
      "op_margin": 0.06513595010816509,
      "fcf_margin": 0.17836588080170712,
      "incr_op_margin_yoy": 0.36653507440024297,
      "rev_growth_yoy": -0.051616667392345536,
      "rev_growth_yoy_accel": -0.17816463692363205,
      "fcf_margin_change": -0.010929669291085686
    },
    {
      "date": "2024-09-30T00:00:00",
      "quarter_label": "2024-09 (Q3)",
      "revenue": 515172000,
      "gross_profit": 147991000,
      "operating_income": 42718000,
      "net_income": 31310000,
      "opex": 105273000,
      "cogs": 367181000,
      "rd": null,
      "sga": 98971000,
      "fcf": -21628000,
      "ocf": -21628000,
      "capex": null,
      "gross_margin": 0.28726522404167926,
      "op_margin": 0.08291987918598061,
      "fcf_margin": -0.041982095300210416,
      "incr_op_margin_yoy": 0.02961112108118555,
      "rev_growth_yoy": -0.1232771340223379,
      "rev_growth_yoy_accel": -0.07166046662999237,
      "fcf_margin_change": -0.22034797610191753
    },
    {
      "date": "2024-12-31T00:00:00",
      "quarter_label": "2024-12 (Q4)",
      "revenue": 510965000,
      "gross_profit": 140885000,
      "operating_income": 28511000,
      "net_income": 24133000,
      "opex": 112374000,
      "cogs": 370080000,
      "rd": null,
      "sga": 104181000,
      "fcf": 65699000,
      "ocf": 65699000,
      "capex": null,
      "gross_margin": 0.27572338614190794,
      "op_margin": 0.0557983423522159,
      "fcf_margin": 0.12857827835566038,
      "incr_op_margin_yoy": -4.992670157068063,
      "rev_growth_yoy": 0.0037520503678384457,
      "rev_growth_yoy_accel": 0.12702918439017635,
      "fcf_margin_change": 0.1705603736558708
    },
    {
      "date": "2025-03-31T00:00:00",
      "quarter_label": "2025-03 (Q1)",
      "revenue": 498114000,
      "gross_profit": 145764000,
      "operating_income": 34715000,
      "net_income": 25196000,
      "opex": 111049000,
      "cogs": 352350000,
      "rd": null,
      "sga": 102984000,
      "fcf": 160947000,
      "ocf": 160947000,
      "capex": null,
      "gross_margin": 0.2926318071766704,
      "op_margin": 0.0696928815492036,
      "fcf_margin": 0.32311278141148414,
      "incr_op_margin_yoy": -0.10115889044669636,
      "rev_growth_yoy": -0.10162482122277311,
      "rev_growth_yoy_accel": -0.10537687159061156,
      "fcf_margin_change": 0.19453450305582376
    },
    {
      "date": "2025-06-30T00:00:00",
      "quarter_label": "2025-06 (Q2)",
      "revenue": 637315000,
      "gross_profit": 148216000,
      "operating_income": 36200000,
      "net_income": 37697000,
      "opex": 112016000,
      "cogs": 489099000,
      "rd": null,
      "sga": 104947000,
      "fcf": -98967000,
      "ocf": -98967000,
      "capex": null,
      "gross_margin": 0.23256317519593922,
      "op_margin": 0.05680079709405867,
      "fcf_margin": -0.1552874167405443,
      "incr_op_margin_yoy": 0.007879107968569797,
      "rev_growth_yoy": 0.1703774575879002,
      "rev_growth_yoy_accel": 0.2720022788106733,
      "op_leverage_ratio": 32.092369582491216,
      "fcf_margin_change": -0.47840019815202844
    },
    {
      "date": "2025-09-30T00:00:00",
      "quarter_label": "2025-09 (Q3)",
      "revenue": 608826000,
      "gross_profit": 162124000,
      "operating_income": 48835000,
      "net_income": 34855000,
      "opex": 113289000,
      "cogs": 446702000,
      "rd": null,
      "sga": 106479000,
      "fcf": -34775000,
      "ocf": -34775000,
      "capex": null,
      "gross_margin": 0.26628954742405875,
      "op_margin": 0.08021175179772218,
      "fcf_margin": -0.0571181257042242,
      "incr_op_margin_yoy": 0.06531488243961817,
      "rev_growth_yoy": 0.18179171228249982,
      "rev_growth_yoy_accel": 0.011414254694599613,
      "fcf_margin_change": 0.0981692910363201
    }
  ],
  "signals": [
    {
      "quarter": "2025-09 (Q3)",
      "signal": "FCF MARGIN EXPANSION",
      "detail": "FCF margin: -15.5% -> -5.7% (+9.8%)",
      "severity": "MEDIUM"
    },
    {
      "quarter": "2025-09 (Q3)",
      "signal": "GROSS MARGIN INFLECTION",
      "detail": "GM: +29.3% -> +23.3% -> +26.6% (reversal +3.4%)",
      "severity": "MEDIUM"
    },
    {
      "quarter": "2025-06 (Q2)",
      "signal": "OPERATING LEVERAGE",
      "detail": "Rev growth +27.9% vs OpEx growth +0.9% (leverage: 32.1x)",
      "severity": "MEDIUM"
    },
    {
      "quarter": "2025-06 (Q2)",
      "signal": "YoY REVENUE GROWTH ACCELERATION",
      "detail": "YoY growth: +17.0% vs prior quarter YoY: -10.2% (accel: +27.2%)",
      "severity": "HIGH"
    },
    {
      "quarter": "2025-03 (Q1)",
      "signal": "FCF MARGIN EXPANSION",
      "detail": "FCF margin: +12.9% -> +32.3% (+19.5%)",
      "severity": "MEDIUM"
    },
    {
      "quarter": "2025-03 (Q1)",
      "signal": "YoY REVENUE GROWTH DECELERATION",
      "detail": "YoY growth: -10.2% vs prior quarter YoY: +0.4% (decel: -10.5%)",
      "severity": "WARNING"
    },
    {
      "quarter": "2024-12 (Q4)",
      "signal": "FCF TURNED POSITIVE",
      "detail": "FCF margin: -4.2% -> +12.9%",
      "severity": "HIGH"
    },
    {
      "quarter": "2024-12 (Q4)",
      "signal": "YoY REVENUE GROWTH ACCELERATION",
      "detail": "YoY growth: +0.4% vs prior quarter YoY: -12.3% (accel: +12.7%)",
      "severity": "MEDIUM"
    },
    {
      "quarter": "2024-09 (Q3)",
      "signal": "YoY REVENUE GROWTH DECELERATION",
      "detail": "YoY growth: -12.3% vs prior quarter YoY: -5.2% (decel: -7.2%)",
      "severity": "WARNING"
    },
    {
      "quarter": "2024-06 (Q2)",
      "signal": "YoY REVENUE GROWTH DECELERATION",
      "detail": "YoY growth: -5.2% vs prior quarter YoY: +12.7% (decel: -17.8%)",
      "severity": "WARNING"
    },
    {
      "quarter": "2024-06 (Q2)",
      "signal": "INCREMENTAL MARGIN (YoY)",
      "detail": "YoY Incr OPM: +36.7% vs year-ago OPM: +8.1%",
      "severity": "HIGH"
    },
    {
      "quarter": "2024-03 (Q1)",
      "signal": "OPERATING LEVERAGE",
      "detail": "Rev growth +8.9% vs OpEx growth +5.8% (leverage: 1.5x)",
      "severity": "MEDIUM"
    },
    {
      "quarter": "2024-03 (Q1)",
      "signal": "YoY REVENUE GROWTH ACCELERATION",
      "detail": "YoY growth: +12.7% vs prior quarter YoY: -18.4% (accel: +31.0%)",
      "severity": "HIGH"
    },
    {
      "quarter": "2023-12 (Q4)",
      "signal": "FCF MARGIN EXPANSION",
      "detail": "FCF margin: +5.3% -> +26.2% (+20.8%)",
      "severity": "MEDIUM"
    },
    {
      "quarter": "2023-12 (Q4)",
      "signal": "YoY REVENUE GROWTH DECELERATION",
      "detail": "YoY growth: -18.4% vs prior quarter YoY: +19.0% (decel: -37.4%)",
      "severity": "WARNING"
    },
    {
      "quarter": "2023-09 (Q3)",
      "signal": "FCF TURNED POSITIVE",
      "detail": "FCF margin: -3.6% -> +5.3%",
      "severity": "HIGH"
    },
    {
      "quarter": "2023-09 (Q3)",
      "signal": "YoY REVENUE GROWTH DECELERATION",
      "detail": "YoY growth: +19.0% vs prior quarter YoY: +25.3% (decel: -6.2%)",
      "severity": "WARNING"
    },
    {
      "quarter": "2023-06 (Q2)",
      "signal": "OPERATING LEVERAGE",
      "detail": "Rev growth +16.7% vs OpEx growth +6.7% (leverage: 2.5x)",
      "severity": "MEDIUM"
    },
    {
      "quarter": "2023-06 (Q2)",
      "signal": "YoY REVENUE GROWTH ACCELERATION",
      "detail": "YoY growth: +25.3% vs prior quarter YoY: +9.0% (accel: +16.3%)",
      "severity": "HIGH"
    },
    {
      "quarter": "2023-03 (Q1)",
      "signal": "FCF TURNED POSITIVE",
      "detail": "FCF margin: -4.4% -> +26.7%",
      "severity": "HIGH"
    },
    {
      "quarter": "2023-03 (Q1)",
      "signal": "GROSS MARGIN INFLECTION",
      "detail": "GM: +27.0% -> +22.2% -> +26.9% (reversal +4.7%)",
      "severity": "MEDIUM"
    },
    {
      "quarter": "2023-03 (Q1)",
      "signal": "YoY REVENUE GROWTH DECELERATION",
      "detail": "YoY growth: +9.0% vs prior quarter YoY: +26.0% (decel: -17.0%)",
      "severity": "WARNING"
    },
    {
      "quarter": "2023-03 (Q1)",
      "signal": "INCREMENTAL MARGIN (YoY)",
      "detail": "YoY Incr OPM: +19.5% vs year-ago OPM: +7.6%",
      "severity": "MEDIUM"
    },
    {
      "quarter": "2022-12 (Q4)",
      "signal": "OPERATING LEVERAGE",
      "detail": "Rev growth +26.3% vs OpEx growth +3.0% (leverage: 8.6x)",
      "severity": "MEDIUM"
    },
    {
      "quarter": "2022-12 (Q4)",
      "signal": "YoY REVENUE GROWTH ACCELERATION",
      "detail": "YoY growth: +26.0% vs prior quarter YoY: +7.8% (accel: +18.2%)",
      "severity": "HIGH"
    },
    {
      "quarter": "2022-09 (Q3)",
      "signal": "FCF MARGIN EXPANSION",
      "detail": "FCF margin: -22.5% -> -3.4% (+19.1%)",
      "severity": "MEDIUM"
    },
    {
      "quarter": "2022-09 (Q3)",
      "signal": "GROSS MARGIN INFLECTION",
      "detail": "GM: +25.5% -> +24.8% -> +27.0% (reversal +2.2%)",
      "severity": "MEDIUM"
    },
    {
      "quarter": "2022-06 (Q2)",
      "signal": "YoY REVENUE GROWTH DECELERATION",
      "detail": "YoY growth: +10.0% vs prior quarter YoY: +28.1% (decel: -18.0%)",
      "severity": "WARNING"
    },
    {
      "quarter": "2022-03 (Q1)",
      "signal": "FCF MARGIN EXPANSION",
      "detail": "FCF margin: +2.7% -> +22.4% (+19.6%)",
      "severity": "MEDIUM"
    },
    {
      "quarter": "2022-03 (Q1)",
      "signal": "YoY REVENUE GROWTH ACCELERATION",
      "detail": "YoY growth: +28.1% vs prior quarter YoY: +15.7% (accel: +12.3%)",
      "severity": "MEDIUM"
    },
    {
      "quarter": "2021-12 (Q4)",
      "signal": "FCF TURNED POSITIVE",
      "detail": "FCF margin: -15.3% -> +2.7%",
      "severity": "HIGH"
    },
    {
      "quarter": "2021-12 (Q4)",
      "signal": "OPERATING LEVERAGE",
      "detail": "Rev growth +8.0% vs OpEx growth +3.0% (leverage: 2.7x)",
      "severity": "MEDIUM"
    },
    {
      "quarter": "2021-03 (Q1)",
      "signal": "FCF TURNED POSITIVE",
      "detail": "FCF margin: -0.7% -> +35.2%",
      "severity": "HIGH"
    }
  ],
  "data_quality": {
    "n_quarters": 20,
    "coverage": {
      "revenue": [
        20,
        20
      ],
      "gross_profit": [
        20,
        20
      ],
      "op_income": [
        20,
        20
      ],
      "fcf": [
        20,
        20
      ]
    },
    "gaps": [],
    "warnings": []
  },
  "market_cap": null,
  "source": "SEC EDGAR",
  "last_updated": "2026-02-02T21:32:31.106116"
}