{
  "ticker": "PLX",
  "name": "Protalix BioTherapeutics, Inc.",
  "quarters": [
    {
      "date": "2020-12-31T00:00:00",
      "quarter_label": "2020-12 (Q4)",
      "revenue": 19495000,
      "gross_profit": 16743000,
      "operating_income": 2839000,
      "net_income": 397000,
      "opex": 13904000,
      "cogs": 2752000,
      "rd": 10953000,
      "sga": 2951000,
      "fcf": -7825000,
      "ocf": -7550000,
      "capex": -275000,
      "gross_margin": 0.8588355988715055,
      "op_margin": 0.14562708386765838,
      "fcf_margin": -0.40138497050525773
    },
    {
      "date": "2021-03-31T00:00:00",
      "quarter_label": "2021-03 (Q1)",
      "revenue": 11320000,
      "gross_profit": 6555000,
      "operating_income": -3705000,
      "net_income": -5475000,
      "opex": 10260000,
      "cogs": 4765000,
      "rd": 7122000,
      "sga": 3138000,
      "fcf": -10220000,
      "ocf": -9834000,
      "capex": -386000,
      "gross_margin": 0.5790636042402827,
      "op_margin": -0.32729681978798586,
      "fcf_margin": -0.9028268551236749,
      "fcf_margin_change": -0.5014418846184172
    },
    {
      "date": "2021-06-30T00:00:00",
      "quarter_label": "2021-06 (Q2)",
      "revenue": 6427000,
      "gross_profit": 1694000,
      "operating_income": -9166000,
      "net_income": -11241000,
      "opex": 10860000,
      "cogs": 4733000,
      "rd": 7689000,
      "sga": 3171000,
      "fcf": 6235000,
      "ocf": 6516000,
      "capex": -281000,
      "gross_margin": 0.26357554068772365,
      "op_margin": -1.4261708417613195,
      "fcf_margin": 0.9701260308075307,
      "fcf_margin_change": 1.8729528859312055
    },
    {
      "date": "2021-09-30T00:00:00",
      "quarter_label": "2021-09 (Q3)",
      "revenue": 12054000,
      "gross_profit": 8351000,
      "operating_income": -1885000,
      "net_income": -4199000,
      "opex": 10236000,
      "cogs": 3703000,
      "rd": 7282000,
      "sga": 2954000,
      "fcf": -2224000,
      "ocf": -1880000,
      "capex": -344000,
      "gross_margin": 0.6927990708478513,
      "op_margin": -0.15637962502074002,
      "fcf_margin": -0.18450306952049111,
      "op_leverage_ratio": Infinity,
      "fcf_margin_change": -1.1546291003280218
    },
    {
      "date": "2021-12-31T00:00:00",
      "quarter_label": "2021-12 (Q4)",
      "revenue": 8549000,
      "gross_profit": 5401000,
      "operating_income": -5706000,
      "net_income": -6667000,
      "opex": 11107000,
      "cogs": 3148000,
      "rd": 7641000,
      "sga": 3466000,
      "fcf": -5535000,
      "ocf": -5087000,
      "capex": -448000,
      "gross_margin": 0.6317697976371506,
      "op_margin": -0.6674464849690023,
      "fcf_margin": -0.6474441455140952,
      "incr_op_margin_yoy": 0.7806504659236251,
      "rev_growth_yoy": -0.561477301872275,
      "fcf_margin_change": -0.4629410759936041
    },
    {
      "date": "2022-03-31T00:00:00",
      "quarter_label": "2022-03 (Q1)",
      "revenue": 16085000,
      "gross_profit": 10051000,
      "operating_income": -1870000,
      "net_income": -2286000,
      "opex": 11921000,
      "cogs": 6034000,
      "rd": 8767000,
      "sga": 3154000,
      "fcf": -6058000,
      "ocf": -5829000,
      "capex": -229000,
      "gross_margin": 0.6248678893378925,
      "op_margin": -0.11625738265464719,
      "fcf_margin": -0.3766241840223811,
      "incr_op_margin_yoy": 0.385099685204617,
      "rev_growth_yoy": 0.4209363957597173,
      "rev_growth_yoy_accel": 0.9824136976319923,
      "op_leverage_ratio": 12.028125191302172,
      "fcf_margin_change": 0.2708199614917141
    },
    {
      "date": "2022-06-30T00:00:00",
      "quarter_label": "2022-06 (Q2)",
      "revenue": 8753000,
      "gross_profit": 4666000,
      "operating_income": -5524000,
      "net_income": -5334000,
      "opex": 10190000,
      "cogs": 4087000,
      "rd": 7579000,
      "sga": 2611000,
      "fcf": -7484000,
      "ocf": -7356000,
      "capex": -128000,
      "gross_margin": 0.5330743745001714,
      "op_margin": -0.631097909288244,
      "fcf_margin": -0.8550211356106477,
      "incr_op_margin_yoy": 1.5657781599312124,
      "rev_growth_yoy": 0.3619106892796017,
      "rev_growth_yoy_accel": -0.059025706480115625,
      "fcf_margin_change": -0.4783969515882666
    },
    {
      "date": "2022-09-30T00:00:00",
      "quarter_label": "2022-09 (Q3)",
      "revenue": 14183000,
      "gross_profit": 7109000,
      "operating_income": -3125000,
      "net_income": -3567000,
      "opex": 10234000,
      "cogs": 7074000,
      "rd": 7386000,
      "sga": 2848000,
      "fcf": -9262000,
      "ocf": -9204000,
      "capex": -58000,
      "gross_margin": 0.5012338715363464,
      "op_margin": -0.22033420291898753,
      "fcf_margin": -0.653035323979412,
      "incr_op_margin_yoy": -0.5824330671676844,
      "rev_growth_yoy": 0.1766218682594989,
      "rev_growth_yoy_accel": -0.18528882102010277,
      "op_leverage_ratio": 143.66944320388853,
      "fcf_margin_change": 0.20198581163123575
    },
    {
      "date": "2022-12-31T00:00:00",
      "quarter_label": "2022-12 (Q4)",
      "revenue": 8617000,
      "gross_profit": 6220000,
      "operating_income": -2495000,
      "net_income": -3740000,
      "opex": 8715000,
      "cogs": 2397000,
      "rd": 5617000,
      "sga": 3098000,
      "fcf": -2824000,
      "ocf": -2611000,
      "capex": -213000,
      "gross_margin": 0.7218289427875131,
      "op_margin": -0.28954392479981433,
      "fcf_margin": -0.3277242659858419,
      "rev_growth_yoy": 0.007954146683822669,
      "rev_growth_yoy_accel": -0.16866772157567625,
      "fcf_margin_change": 0.3253110579935701
    },
    {
      "date": "2023-03-31T00:00:00",
      "quarter_label": "2023-03 (Q1)",
      "revenue": 9588000,
      "gross_profit": 6503000,
      "operating_income": -2459000,
      "net_income": -3131000,
      "opex": 8962000,
      "cogs": 3085000,
      "rd": 5847000,
      "sga": 3115000,
      "fcf": -3246000,
      "ocf": -2998000,
      "capex": -248000,
      "gross_margin": 0.6782436378806842,
      "op_margin": -0.25646641635377554,
      "fcf_margin": -0.3385481852315394,
      "incr_op_margin_yoy": 0.09065722641219025,
      "rev_growth_yoy": -0.40391669257071805,
      "rev_growth_yoy_accel": -0.4118708392545407,
      "op_leverage_ratio": 3.975882811446538,
      "fcf_margin_change": -0.010823919245697478
    },
    {
      "date": "2023-06-30T00:00:00",
      "quarter_label": "2023-06 (Q2)",
      "revenue": 35075000,
      "gross_profit": 28927000,
      "operating_income": 20421000,
      "net_income": 19339000,
      "opex": 8506000,
      "cogs": 6148000,
      "rd": 4475000,
      "sga": 4031000,
      "fcf": 4769000,
      "ocf": 4973000,
      "capex": -204000,
      "gross_margin": 0.8247184604419102,
      "op_margin": 0.5822095509622238,
      "fcf_margin": 0.1359657875980043,
      "incr_op_margin_yoy": 0.9856773801382873,
      "rev_growth_yoy": 3.0071975322746485,
      "rev_growth_yoy_accel": 3.4111142248453667,
      "op_leverage_ratio": Infinity,
      "fcf_margin_change": 0.47451397282954366
    },
    {
      "date": "2023-09-30T00:00:00",
      "quarter_label": "2023-09 (Q3)",
      "revenue": 10345000,
      "gross_profit": 5452000,
      "operating_income": -1887000,
      "net_income": -1852000,
      "opex": 7339000,
      "cogs": 4893000,
      "rd": 3669000,
      "sga": 3670000,
      "fcf": -7335000,
      "ocf": -6888000,
      "capex": -447000,
      "gross_margin": 0.5270178830352827,
      "op_margin": -0.18240695988400193,
      "fcf_margin": -0.7090381826969551,
      "incr_op_margin_yoy": -0.3225638353309015,
      "rev_growth_yoy": -0.2706056546569837,
      "rev_growth_yoy_accel": -3.2778031869316324,
      "fcf_margin_change": -0.8450039702949593
    },
    {
      "date": "2023-12-31T00:00:00",
      "quarter_label": "2023-12 (Q4)",
      "revenue": 10486000,
      "gross_profit": 1630000,
      "operating_income": -5615000,
      "net_income": -6044000,
      "opex": 7245000,
      "cogs": 8856000,
      "rd": 3102000,
      "sga": 4143000,
      "fcf": 3345000,
      "ocf": 3595000,
      "capex": -250000,
      "gross_margin": 0.1554453557123784,
      "op_margin": -0.5354758725920274,
      "fcf_margin": 0.3189967575815373,
      "incr_op_margin_yoy": -1.6693418940609952,
      "rev_growth_yoy": 0.21689683184402925,
      "rev_growth_yoy_accel": 0.48750248650101297,
      "op_leverage_ratio": Infinity,
      "fcf_margin_change": 1.0280349402784923
    },
    {
      "date": "2024-03-31T00:00:00",
      "quarter_label": "2024-03 (Q1)",
      "revenue": 3748000,
      "gross_profit": 1146000,
      "operating_income": -4856000,
      "net_income": -4595000,
      "opex": 6002000,
      "cogs": 2602000,
      "rd": 2887000,
      "sga": 3115000,
      "fcf": 3590000,
      "ocf": 4188000,
      "capex": -598000,
      "gross_margin": 0.3057630736392743,
      "op_margin": -1.295624332977588,
      "fcf_margin": 0.9578441835645678,
      "incr_op_margin_yoy": 0.41044520547945207,
      "rev_growth_yoy": -0.6090947017104714,
      "rev_growth_yoy_accel": -0.8259915335545007,
      "fcf_margin_change": 0.6388474259830306
    },
    {
      "date": "2024-06-30T00:00:00",
      "quarter_label": "2024-06 (Q2)",
      "revenue": 13474000,
      "gross_profit": 4018000,
      "operating_income": -2427000,
      "net_income": -2203000,
      "opex": 6445000,
      "cogs": 9456000,
      "rd": 2961000,
      "sga": 3484000,
      "fcf": -3782000,
      "ocf": -3610000,
      "capex": -172000,
      "gross_margin": 0.29820394834496067,
      "op_margin": -0.1801246845777052,
      "fcf_margin": -0.2806887338578002,
      "incr_op_margin_yoy": 1.057728808851442,
      "rev_growth_yoy": -0.6158517462580185,
      "rev_growth_yoy_accel": -0.006757044547547109,
      "op_leverage_ratio": 35.15822554572371,
      "fcf_margin_change": -1.238532917422368
    },
    {
      "date": "2024-09-30T00:00:00",
      "quarter_label": "2024-09 (Q3)",
      "revenue": 17959000,
      "gross_profit": 9584000,
      "operating_income": 3991000,
      "net_income": 3236000,
      "opex": 5593000,
      "cogs": 8375000,
      "rd": 2998000,
      "sga": 2595000,
      "fcf": 4018000,
      "ocf": 4105000,
      "capex": -87000,
      "gross_margin": 0.5336600033409432,
      "op_margin": 0.22222840915418454,
      "fcf_margin": 0.22373183362102567,
      "incr_op_margin_yoy": 0.7719989493039139,
      "rev_growth_yoy": 0.7360077332044466,
      "rev_growth_yoy_accel": 1.351859479462465,
      "op_leverage_ratio": Infinity,
      "fcf_margin_change": 0.5044205674788258
    },
    {
      "date": "2024-12-31T00:00:00",
      "quarter_label": "2024-12 (Q4)",
      "revenue": 18218000,
      "gross_profit": 14332000,
      "operating_income": 7209000,
      "net_income": 6494000,
      "opex": 7123000,
      "cogs": 3886000,
      "rd": 4124000,
      "sga": 2999000,
      "fcf": 3566000,
      "ocf": 3991000,
      "capex": -425000,
      "gross_margin": 0.7866944779888023,
      "op_margin": 0.39570754199143704,
      "fcf_margin": 0.1957404764518608,
      "incr_op_margin_yoy": 1.6585618210036213,
      "rev_growth_yoy": 0.7373641045203128,
      "rev_growth_yoy_accel": 0.0013563713158661894,
      "op_leverage_ratio": 0.05271946594403302,
      "fcf_margin_change": -0.02799135716916487
    },
    {
      "date": "2025-03-31T00:00:00",
      "quarter_label": "2025-03 (Q1)",
      "revenue": 10113000,
      "gross_profit": 1933000,
      "operating_income": -4145000,
      "net_income": -3619000,
      "opex": 6078000,
      "cogs": 8180000,
      "rd": 3475000,
      "sga": 2603000,
      "fcf": -5364000,
      "ocf": -5058000,
      "capex": -306000,
      "gross_margin": 0.19114011668149905,
      "op_margin": -0.409868486106991,
      "fcf_margin": -0.5304064075941857,
      "incr_op_margin_yoy": 0.11170463472113118,
      "rev_growth_yoy": 1.698239060832444,
      "rev_growth_yoy_accel": 0.9608749563121313,
      "fcf_margin_change": -0.7261468840460464
    },
    {
      "date": "2025-06-30T00:00:00",
      "quarter_label": "2025-06 (Q2)",
      "revenue": 15658000,
      "gross_profit": 9788000,
      "operating_income": 1172000,
      "net_income": 164000,
      "opex": 8616000,
      "cogs": 5870000,
      "rd": 5992000,
      "sga": 2624000,
      "fcf": -5664000,
      "ocf": -5233000,
      "capex": -431000,
      "gross_margin": 0.625111763954528,
      "op_margin": 0.07484991697534807,
      "fcf_margin": -0.3617320219696002,
      "incr_op_margin_yoy": 1.6478937728937728,
      "rev_growth_yoy": 0.16208995101677304,
      "rev_growth_yoy_accel": -1.536149109815671,
      "op_leverage_ratio": 1.313078290962245,
      "fcf_margin_change": 0.16867438562458548
    },
    {
      "date": "2025-09-30T00:00:00",
      "quarter_label": "2025-09 (Q3)",
      "revenue": 17851000,
      "gross_profit": 9527000,
      "operating_income": 2131000,
      "net_income": 2355000,
      "opex": 7396000,
      "cogs": 8324000,
      "rd": 4467000,
      "sga": 2929000,
      "fcf": -4230000,
      "ocf": -3732000,
      "capex": -498000,
      "gross_margin": 0.5336955912834015,
      "op_margin": 0.11937706571060445,
      "fcf_margin": -0.23696151476107782,
      "rev_growth_yoy": -0.006013697867364553,
      "rev_growth_yoy_accel": -0.1681036488841376,
      "op_leverage_ratio": Infinity,
      "fcf_margin_change": 0.12477050720852237
    }
  ],
  "signals": [
    {
      "quarter": "2025-09 (Q3)",
      "signal": "FCF MARGIN EXPANSION",
      "detail": "FCF margin: -36.2% -> -23.7% (+12.5%)",
      "severity": "MEDIUM"
    },
    {
      "quarter": "2025-09 (Q3)",
      "signal": "YoY REVENUE GROWTH DECELERATION",
      "detail": "YoY growth: -0.6% vs prior quarter YoY: +16.2% (decel: -16.8%)",
      "severity": "WARNING"
    },
    {
      "quarter": "2025-06 (Q2)",
      "signal": "FCF MARGIN EXPANSION",
      "detail": "FCF margin: -53.0% -> -36.2% (+16.9%)",
      "severity": "MEDIUM"
    },
    {
      "quarter": "2025-06 (Q2)",
      "signal": "GROSS MARGIN INFLECTION",
      "detail": "GM: +78.7% -> +19.1% -> +62.5% (reversal +43.4%)",
      "severity": "HIGH"
    },
    {
      "quarter": "2025-06 (Q2)",
      "signal": "YoY REVENUE GROWTH DECELERATION",
      "detail": "YoY growth: +16.2% vs prior quarter YoY: +169.8% (decel: -153.6%)",
      "severity": "WARNING"
    },
    {
      "quarter": "2025-06 (Q2)",
      "signal": "OP MARGIN TURNED POSITIVE (YoY)",
      "detail": "Op margin: -18.0% (year-ago) -> +7.5%",
      "severity": "HIGH"
    },
    {
      "quarter": "2025-06 (Q2)",
      "signal": "OP MARGIN TURNED POSITIVE (QoQ)",
      "detail": "Op margin: -41.0% -> +7.5%",
      "severity": "HIGH"
    },
    {
      "quarter": "2025-03 (Q1)",
      "signal": "YoY REVENUE GROWTH ACCELERATION",
      "detail": "YoY growth: +169.8% vs prior quarter YoY: +73.7% (accel: +96.1%)",
      "severity": "HIGH"
    },
    {
      "quarter": "2024-12 (Q4)",
      "signal": "OP MARGIN TURNED POSITIVE (YoY)",
      "detail": "Op margin: -53.5% (year-ago) -> +39.6%",
      "severity": "HIGH"
    },
    {
      "quarter": "2024-09 (Q3)",
      "signal": "FCF TURNED POSITIVE",
      "detail": "FCF margin: -28.1% -> +22.4%",
      "severity": "HIGH"
    },
    {
      "quarter": "2024-09 (Q3)",
      "signal": "GROSS MARGIN INFLECTION",
      "detail": "GM: +30.6% -> +29.8% -> +53.4% (reversal +23.5%)",
      "severity": "HIGH"
    },
    {
      "quarter": "2024-09 (Q3)",
      "signal": "YoY REVENUE GROWTH ACCELERATION",
      "detail": "YoY growth: +73.6% vs prior quarter YoY: -61.6% (accel: +135.2%)",
      "severity": "HIGH"
    },
    {
      "quarter": "2024-09 (Q3)",
      "signal": "OP MARGIN TURNED POSITIVE (YoY)",
      "detail": "Op margin: -18.2% (year-ago) -> +22.2%",
      "severity": "HIGH"
    },
    {
      "quarter": "2024-09 (Q3)",
      "signal": "OP MARGIN TURNED POSITIVE (QoQ)",
      "detail": "Op margin: -18.0% -> +22.2%",
      "severity": "HIGH"
    },
    {
      "quarter": "2024-06 (Q2)",
      "signal": "OPERATING LEVERAGE",
      "detail": "Rev growth +259.5% vs OpEx growth +7.4% (leverage: 35.2x)",
      "severity": "MEDIUM"
    },
    {
      "quarter": "2024-03 (Q1)",
      "signal": "FCF MARGIN EXPANSION",
      "detail": "FCF margin: +31.9% -> +95.8% (+63.9%)",
      "severity": "MEDIUM"
    },
    {
      "quarter": "2024-03 (Q1)",
      "signal": "GROSS MARGIN INFLECTION",
      "detail": "GM: +52.7% -> +15.5% -> +30.6% (reversal +15.0%)",
      "severity": "HIGH"
    },
    {
      "quarter": "2024-03 (Q1)",
      "signal": "YoY REVENUE GROWTH DECELERATION",
      "detail": "YoY growth: -60.9% vs prior quarter YoY: +21.7% (decel: -82.6%)",
      "severity": "WARNING"
    },
    {
      "quarter": "2023-12 (Q4)",
      "signal": "FCF TURNED POSITIVE",
      "detail": "FCF margin: -70.9% -> +31.9%",
      "severity": "HIGH"
    },
    {
      "quarter": "2023-12 (Q4)",
      "signal": "YoY REVENUE GROWTH ACCELERATION",
      "detail": "YoY growth: +21.7% vs prior quarter YoY: -27.1% (accel: +48.8%)",
      "severity": "HIGH"
    },
    {
      "quarter": "2023-09 (Q3)",
      "signal": "YoY REVENUE GROWTH DECELERATION",
      "detail": "YoY growth: -27.1% vs prior quarter YoY: +300.7% (decel: -327.8%)",
      "severity": "WARNING"
    },
    {
      "quarter": "2023-06 (Q2)",
      "signal": "FCF TURNED POSITIVE",
      "detail": "FCF margin: -33.9% -> +13.6%",
      "severity": "HIGH"
    },
    {
      "quarter": "2023-06 (Q2)",
      "signal": "GROSS MARGIN INFLECTION",
      "detail": "GM: +72.2% -> +67.8% -> +82.5% (reversal +14.6%)",
      "severity": "HIGH"
    },
    {
      "quarter": "2023-06 (Q2)",
      "signal": "YoY REVENUE GROWTH ACCELERATION",
      "detail": "YoY growth: +300.7% vs prior quarter YoY: -40.4% (accel: +341.1%)",
      "severity": "HIGH"
    },
    {
      "quarter": "2023-06 (Q2)",
      "signal": "OP MARGIN TURNED POSITIVE (YoY)",
      "detail": "Op margin: -63.1% (year-ago) -> +58.2%",
      "severity": "HIGH"
    },
    {
      "quarter": "2023-06 (Q2)",
      "signal": "OP MARGIN TURNED POSITIVE (QoQ)",
      "detail": "Op margin: -25.6% -> +58.2%",
      "severity": "HIGH"
    },
    {
      "quarter": "2023-03 (Q1)",
      "signal": "OPERATING LEVERAGE",
      "detail": "Rev growth +11.3% vs OpEx growth +2.8% (leverage: 4.0x)",
      "severity": "MEDIUM"
    },
    {
      "quarter": "2023-03 (Q1)",
      "signal": "YoY REVENUE GROWTH DECELERATION",
      "detail": "YoY growth: -40.4% vs prior quarter YoY: +0.8% (decel: -41.2%)",
      "severity": "WARNING"
    },
    {
      "quarter": "2022-12 (Q4)",
      "signal": "FCF MARGIN EXPANSION",
      "detail": "FCF margin: -65.3% -> -32.8% (+32.5%)",
      "severity": "MEDIUM"
    },
    {
      "quarter": "2022-12 (Q4)",
      "signal": "GROSS MARGIN INFLECTION",
      "detail": "GM: +53.3% -> +50.1% -> +72.2% (reversal +22.1%)",
      "severity": "HIGH"
    },
    {
      "quarter": "2022-12 (Q4)",
      "signal": "YoY REVENUE GROWTH DECELERATION",
      "detail": "YoY growth: +0.8% vs prior quarter YoY: +17.7% (decel: -16.9%)",
      "severity": "WARNING"
    },
    {
      "quarter": "2022-09 (Q3)",
      "signal": "FCF MARGIN EXPANSION",
      "detail": "FCF margin: -85.5% -> -65.3% (+20.2%)",
      "severity": "MEDIUM"
    },
    {
      "quarter": "2022-09 (Q3)",
      "signal": "OPERATING LEVERAGE",
      "detail": "Rev growth +62.0% vs OpEx growth +0.4% (leverage: 143.7x)",
      "severity": "MEDIUM"
    },
    {
      "quarter": "2022-09 (Q3)",
      "signal": "YoY REVENUE GROWTH DECELERATION",
      "detail": "YoY growth: +17.7% vs prior quarter YoY: +36.2% (decel: -18.5%)",
      "severity": "WARNING"
    },
    {
      "quarter": "2022-06 (Q2)",
      "signal": "YoY REVENUE GROWTH DECELERATION",
      "detail": "YoY growth: +36.2% vs prior quarter YoY: +42.1% (decel: -5.9%)",
      "severity": "WARNING"
    },
    {
      "quarter": "2022-03 (Q1)",
      "signal": "FCF MARGIN EXPANSION",
      "detail": "FCF margin: -64.7% -> -37.7% (+27.1%)",
      "severity": "MEDIUM"
    },
    {
      "quarter": "2022-03 (Q1)",
      "signal": "OPERATING LEVERAGE",
      "detail": "Rev growth +88.2% vs OpEx growth +7.3% (leverage: 12.0x)",
      "severity": "MEDIUM"
    },
    {
      "quarter": "2022-03 (Q1)",
      "signal": "YoY REVENUE GROWTH ACCELERATION",
      "detail": "YoY growth: +42.1% vs prior quarter YoY: -56.1% (accel: +98.2%)",
      "severity": "HIGH"
    },
    {
      "quarter": "2021-09 (Q3)",
      "signal": "GROSS MARGIN INFLECTION",
      "detail": "GM: +57.9% -> +26.4% -> +69.3% (reversal +42.9%)",
      "severity": "HIGH"
    },
    {
      "quarter": "2021-06 (Q2)",
      "signal": "FCF TURNED POSITIVE",
      "detail": "FCF margin: -90.3% -> +97.0%",
      "severity": "HIGH"
    }
  ],
  "data_quality": {
    "n_quarters": 20,
    "coverage": {
      "revenue": [
        20,
        20
      ],
      "gross_profit": [
        20,
        20
      ],
      "op_income": [
        20,
        20
      ],
      "fcf": [
        20,
        20
      ]
    },
    "gaps": [],
    "warnings": []
  },
  "market_cap": null,
  "source": "SEC EDGAR",
  "last_updated": "2026-02-02T23:06:11.426427"
}