{
  "ticker": "PLXS",
  "name": "PLEXUS CORP.",
  "quarters": [
    {
      "date": "2021-01-02T00:00:00",
      "quarter_label": "2021-01 (Q1)",
      "revenue": 857592000,
      "gross_profit": 79277000,
      "operating_income": 46866000,
      "net_income": 36199000,
      "opex": 32411000,
      "cogs": 751078000,
      "rd": null,
      "sga": 32411000,
      "fcf": -9164000,
      "ocf": 6716000,
      "capex": -15880000,
      "gross_margin": 0.09244139404285488,
      "op_margin": 0.05464836425712927,
      "fcf_margin": -0.010685734008712767
    },
    {
      "date": "2021-04-03T00:00:00",
      "quarter_label": "2021-04 (Q2)",
      "revenue": 906891000,
      "gross_profit": 91002000,
      "operating_income": 50687000,
      "net_income": 41763000,
      "opex": 40315000,
      "cogs": 789883000,
      "rd": null,
      "sga": 38286000,
      "fcf": 74874000,
      "ocf": 82143000,
      "capex": -7269000,
      "gross_margin": 0.10034502492581798,
      "op_margin": 0.055890950511141915,
      "fcf_margin": 0.08256118982325329,
      "op_leverage_ratio": 0.23572350397349276,
      "fcf_margin_change": 0.09324692383196606
    },
    {
      "date": "2021-07-03T00:00:00",
      "quarter_label": "2021-07 (Q3)",
      "revenue": 842332000,
      "gross_profit": 74050000,
      "operating_income": 36373000,
      "net_income": 27609000,
      "opex": 37677000,
      "cogs": 740337000,
      "rd": null,
      "sga": 36439000,
      "fcf": 31418000,
      "ocf": 42653000,
      "capex": -11235000,
      "gross_margin": 0.08791070504266726,
      "op_margin": 0.04318131093203155,
      "fcf_margin": 0.03729883228940608,
      "fcf_margin_change": -0.04526235753384721
    },
    {
      "date": "2021-10-02T00:00:00",
      "quarter_label": "2021-10 (Q4)",
      "revenue": 873861000,
      "gross_profit": 78967000,
      "operating_income": 42342000,
      "net_income": 33341000,
      "opex": 36625000,
      "cogs": 764271000,
      "rd": null,
      "sga": 36625000,
      "fcf": -11650000,
      "ocf": 11065000,
      "capex": -22715000,
      "gross_margin": 0.09036563023181032,
      "op_margin": 0.048453930316148676,
      "fcf_margin": -0.013331639700135376,
      "op_leverage_ratio": Infinity,
      "fcf_margin_change": -0.05063047198954146
    },
    {
      "date": "2022-01-01T00:00:00",
      "quarter_label": "2022-01 (Q1)",
      "revenue": 841881000,
      "gross_profit": 69996000,
      "operating_income": 30473000,
      "net_income": 23423000,
      "opex": 39523000,
      "cogs": 747460000,
      "rd": null,
      "sga": 37502000,
      "fcf": -122225000,
      "ocf": -88979000,
      "capex": -33246000,
      "gross_margin": 0.08314239185823175,
      "op_margin": 0.036196327034343334,
      "fcf_margin": -0.1451808509753754,
      "incr_op_margin_yoy": 1.0434090764432564,
      "rev_growth_yoy": -0.018319900372204965,
      "fcf_margin_change": -0.13184921127524002
    },
    {
      "date": "2022-04-02T00:00:00",
      "quarter_label": "2022-04 (Q2)",
      "revenue": 918792000,
      "gross_profit": 76510000,
      "operating_income": 35837000,
      "net_income": 26869000,
      "opex": 40673000,
      "cogs": 812213000,
      "rd": null,
      "sga": 40673000,
      "fcf": 53391000,
      "ocf": 84326000,
      "capex": -30935000,
      "gross_margin": 0.08327238373864813,
      "op_margin": 0.03900447544166689,
      "fcf_margin": 0.058109996604236866,
      "incr_op_margin_yoy": -1.247794302999748,
      "rev_growth_yoy": 0.013122855999232543,
      "rev_growth_yoy_accel": 0.03144275637143751,
      "op_leverage_ratio": 3.1397119927565926,
      "fcf_margin_change": 0.20329084757961224
    },
    {
      "date": "2022-07-02T00:00:00",
      "quarter_label": "2022-07 (Q3)",
      "revenue": 1013054000,
      "gross_profit": 93618000,
      "operating_income": 49561000,
      "net_income": 37494000,
      "opex": 44057000,
      "cogs": 887723000,
      "rd": null,
      "sga": 44057000,
      "fcf": -42042000,
      "ocf": -21195000,
      "capex": -20847000,
      "gross_margin": 0.09241165821367864,
      "op_margin": 0.04892236741575474,
      "fcf_margin": -0.04150025566258067,
      "incr_op_margin_yoy": 0.07724839212286641,
      "rev_growth_yoy": 0.20267780400127267,
      "rev_growth_yoy_accel": 0.18955494800204012,
      "op_leverage_ratio": 1.2330914810549785,
      "fcf_margin_change": -0.09961025226681754
    },
    {
      "date": "2022-10-01T00:00:00",
      "quarter_label": "2022-10 (Q4)",
      "revenue": 1153916000,
      "gross_profit": 107105000,
      "operating_income": 62314000,
      "net_income": 50457000,
      "opex": 44791000,
      "cogs": 1016743000,
      "rd": null,
      "sga": 44791000,
      "fcf": -16976000,
      "ocf": -392000,
      "capex": -16584000,
      "gross_margin": 0.0928187147071364,
      "op_margin": 0.054002197733630526,
      "fcf_margin": -0.014711642788556533,
      "incr_op_margin_yoy": 0.07131456321079788,
      "rev_growth_yoy": 0.3204800305769453,
      "rev_growth_yoy_accel": 0.11780222657567263,
      "op_leverage_ratio": 8.346033352012476,
      "fcf_margin_change": 0.026788612874024138
    },
    {
      "date": "2022-12-31T00:00:00",
      "quarter_label": "2022-12 (Q4)",
      "revenue": 1120939000,
      "gross_profit": 101199000,
      "operating_income": 57341000,
      "net_income": 42190000,
      "opex": 43858000,
      "cogs": 992726000,
      "rd": null,
      "sga": 43858000,
      "fcf": -71879000,
      "ocf": -48794000,
      "capex": -23085000,
      "gross_margin": 0.0902805594238402,
      "op_margin": 0.051154433916564594,
      "fcf_margin": -0.06412391753699354,
      "incr_op_margin_yoy": 0.09628105985135707,
      "rev_growth_yoy": 0.3314696495110354,
      "rev_growth_yoy_accel": 0.010989618934090117,
      "fcf_margin_change": -0.049412274748437
    },
    {
      "date": "2023-04-01T00:00:00",
      "quarter_label": "2023-04 (Q2)",
      "revenue": 1096870000,
      "gross_profit": 102993000,
      "operating_income": 56942000,
      "net_income": 40844000,
      "opex": 46051000,
      "cogs": 967830000,
      "rd": null,
      "sga": 46051000,
      "fcf": 79544000,
      "ocf": 105950000,
      "capex": -26406000,
      "gross_margin": 0.0938971801580862,
      "op_margin": 0.05191317111417032,
      "fcf_margin": 0.07251907701003765,
      "incr_op_margin_yoy": 0.1185154819798066,
      "rev_growth_yoy": 0.19381753432768242,
      "rev_growth_yoy_accel": -0.137652115183353,
      "fcf_margin_change": 0.1366429945470312
    },
    {
      "date": "2023-07-01T00:00:00",
      "quarter_label": "2023-07 (Q3)",
      "revenue": 1047893000,
      "gross_profit": 93646000,
      "operating_income": 28204000,
      "net_income": 15799000,
      "opex": 65442000,
      "cogs": 927964000,
      "rd": null,
      "sga": 42348000,
      "fcf": -11474000,
      "ocf": 18829000,
      "capex": -30303000,
      "gross_margin": 0.0893659944288205,
      "op_margin": 0.02691496173750564,
      "fcf_margin": -0.010949591227348595,
      "incr_op_margin_yoy": -0.6130198915009042,
      "rev_growth_yoy": 0.03439007200011056,
      "rev_growth_yoy_accel": -0.15942746232757188,
      "fcf_margin_change": -0.08346866823738625
    },
    {
      "date": "2023-09-30T00:00:00",
      "quarter_label": "2023-09 (Q3)",
      "revenue": 1053958000,
      "gross_profit": 96716000,
      "operating_income": 53333000,
      "net_income": 40261000,
      "opex": 43383000,
      "cogs": 927231000,
      "rd": null,
      "sga": 43383000,
      "fcf": 65582000,
      "ocf": 89837000,
      "capex": -24255000,
      "gross_margin": 0.0917645674685329,
      "op_margin": 0.050602585681782386,
      "fcf_margin": 0.06222449091899298,
      "incr_op_margin_yoy": 0.08984773604914063,
      "rev_growth_yoy": -0.08662502296527651,
      "rev_growth_yoy_accel": -0.12101509496538707,
      "fcf_margin_change": 0.07317408214634158
    },
    {
      "date": "2023-12-30T00:00:00",
      "quarter_label": "2023-12 (Q4)",
      "revenue": 1008119000,
      "gross_profit": 88140000,
      "operating_income": 45158000,
      "net_income": 29215000,
      "opex": 42982000,
      "cogs": 894467000,
      "rd": null,
      "sga": 42982000,
      "fcf": -31685000,
      "ocf": -3029000,
      "capex": -28656000,
      "gross_margin": 0.08743015457500553,
      "op_margin": 0.044794314956865214,
      "fcf_margin": -0.031429821281019406,
      "incr_op_margin_yoy": 0.1079861726644212,
      "rev_growth_yoy": -0.10064776049365755,
      "rev_growth_yoy_accel": -0.01402273752838104,
      "fcf_margin_change": -0.09365431220001239
    },
    {
      "date": "2024-03-30T00:00:00",
      "quarter_label": "2024-03 (Q1)",
      "revenue": 997536000,
      "gross_profit": 88063000,
      "operating_income": 29470000,
      "net_income": 16239000,
      "opex": 58593000,
      "cogs": 878837000,
      "rd": null,
      "sga": 47555000,
      "fcf": 64936000,
      "ocf": 87796000,
      "capex": -22860000,
      "gross_margin": 0.08828052320918744,
      "op_margin": 0.02954279344304366,
      "fcf_margin": 0.0650963975234979,
      "incr_op_margin_yoy": 0.2765619022691123,
      "rev_growth_yoy": -0.09056132449606608,
      "rev_growth_yoy_accel": 0.010086435997591472,
      "fcf_margin_change": 0.09652621880451731
    },
    {
      "date": "2024-06-29T00:00:00",
      "quarter_label": "2024-06 (Q2)",
      "revenue": 990967000,
      "gross_profit": 94415000,
      "operating_income": 39246000,
      "net_income": 25140000,
      "opex": 55169000,
      "cogs": 866336000,
      "rd": null,
      "sga": 45950000,
      "fcf": 114246000,
      "ocf": 131604000,
      "capex": -17358000,
      "gross_margin": 0.0952756247180784,
      "op_margin": 0.03960374058873807,
      "fcf_margin": 0.11528739100292947,
      "incr_op_margin_yoy": -0.1939711204019253,
      "rev_growth_yoy": -0.054324248754405266,
      "rev_growth_yoy_accel": 0.03623707574166081,
      "fcf_margin_change": 0.05019099347943157
    },
    {
      "date": "2024-09-28T00:00:00",
      "quarter_label": "2024-09 (Q3)",
      "revenue": 1081527000,
      "gross_profit": 107912000,
      "operating_income": 53858000,
      "net_income": 41221000,
      "opex": 54054000,
      "cogs": 942657000,
      "rd": null,
      "sga": 54054000,
      "fcf": 193823000,
      "ocf": 220131000,
      "capex": -26308000,
      "gross_margin": 0.0997774442986629,
      "op_margin": 0.049798109524773766,
      "fcf_margin": 0.17921235438412542,
      "incr_op_margin_yoy": 0.0190431281511843,
      "rev_growth_yoy": 0.02615758882232499,
      "rev_growth_yoy_accel": 0.08048183757673025,
      "op_leverage_ratio": Infinity,
      "fcf_margin_change": 0.06392496338119595
    },
    {
      "date": "2024-12-28T00:00:00",
      "quarter_label": "2024-12 (Q4)",
      "revenue": 976122,
      "gross_profit": 100692000,
      "operating_income": 46860000,
      "net_income": 37267000,
      "opex": 53832000,
      "cogs": 875430000,
      "rd": null,
      "sga": 49149000,
      "fcf": 27109000,
      "ocf": 53637000,
      "capex": -26528000,
      "gross_margin": 103.15513839458592,
      "op_margin": 48.00629429518032,
      "fcf_margin": 27.772143236193838,
      "incr_op_margin_yoy": -0.0016899290430170723,
      "rev_growth_yoy": -0.9990317393085538,
      "rev_growth_yoy_accel": -1.0251893281308788,
      "fcf_margin_change": 27.59293088180971
    },
    {
      "date": "2025-03-29T00:00:00",
      "quarter_label": "2025-03 (Q1)",
      "revenue": 980170,
      "gross_profit": 97751000,
      "operating_income": 48791000,
      "net_income": 39073000,
      "opex": 48960000,
      "cogs": 882419000,
      "rd": null,
      "sga": 48960000,
      "fcf": 16495000,
      "ocf": 36693000,
      "capex": -20198000,
      "gross_margin": 99.72861850495322,
      "op_margin": 49.77809971739596,
      "fcf_margin": 16.82871338645337,
      "incr_op_margin_yoy": -0.01938777479230642,
      "rev_growth_yoy": -0.9990174088955186,
      "rev_growth_yoy_accel": 1.4330413035223977e-05,
      "fcf_margin_change": -10.943429849740468
    },
    {
      "date": "2025-06-28T00:00:00",
      "quarter_label": "2025-06 (Q2)",
      "revenue": 1018308,
      "gross_profit": 103288000,
      "operating_income": 53608000,
      "net_income": 45116000,
      "opex": 49680000,
      "cogs": 915020000,
      "rd": null,
      "sga": 49680000,
      "fcf": 13168000,
      "ocf": 26883000,
      "capex": -13715000,
      "gross_margin": 101.43100122949049,
      "op_margin": 52.64419016643294,
      "fcf_margin": 12.931254590948907,
      "incr_op_margin_yoy": -0.014507822593294563,
      "rev_growth_yoy": -0.9989724097775203,
      "rev_growth_yoy_accel": 4.4999117998267835e-05,
      "op_leverage_ratio": 2.645851229888693,
      "fcf_margin_change": -3.8974587955044626
    },
    {
      "date": "2025-09-27T00:00:00",
      "quarter_label": "2025-09 (Q3)",
      "revenue": 4029991400,
      "gross_profit": 104783000,
      "operating_income": 53112000,
      "net_income": 51429000,
      "opex": 51671000,
      "cogs": 953583000,
      "rd": null,
      "sga": 51671000,
      "fcf": 97195000,
      "ocf": 132018000,
      "capex": -34823000,
      "gross_margin": 0.026000799902451403,
      "op_margin": 0.01317918445185764,
      "fcf_margin": 0.024117917472478975,
      "incr_op_margin_yoy": -0.00025301305995080014,
      "rev_growth_yoy": 2.7262050785602208,
      "rev_growth_yoy_accel": 3.7251774883377413,
      "op_leverage_ratio": 98724.63536792905,
      "fcf_margin_change": -12.907136673476428
    }
  ],
  "signals": [
    {
      "quarter": "2025-09 (Q3)",
      "signal": "OPERATING LEVERAGE",
      "detail": "Rev growth +395653.7% vs OpEx growth +4.0% (leverage: 98724.6x)",
      "severity": "MEDIUM"
    },
    {
      "quarter": "2025-09 (Q3)",
      "signal": "YoY REVENUE GROWTH ACCELERATION",
      "detail": "YoY growth: +272.6% vs prior quarter YoY: -99.9% (accel: +372.5%)",
      "severity": "HIGH"
    },
    {
      "quarter": "2025-06 (Q2)",
      "signal": "OPERATING LEVERAGE",
      "detail": "Rev growth +3.9% vs OpEx growth +1.5% (leverage: 2.6x)",
      "severity": "MEDIUM"
    },
    {
      "quarter": "2025-06 (Q2)",
      "signal": "GROSS MARGIN INFLECTION",
      "detail": "GM: +10315.5% -> +9972.9% -> +10143.1% (reversal +170.2%)",
      "severity": "HIGH"
    },
    {
      "quarter": "2024-12 (Q4)",
      "signal": "FCF MARGIN EXPANSION",
      "detail": "FCF margin: +17.9% -> +2777.2% (+2759.3%)",
      "severity": "MEDIUM"
    },
    {
      "quarter": "2024-12 (Q4)",
      "signal": "YoY REVENUE GROWTH DECELERATION",
      "detail": "YoY growth: -99.9% vs prior quarter YoY: +2.6% (decel: -102.5%)",
      "severity": "WARNING"
    },
    {
      "quarter": "2024-09 (Q3)",
      "signal": "FCF MARGIN EXPANSION",
      "detail": "FCF margin: +11.5% -> +17.9% (+6.4%)",
      "severity": "MEDIUM"
    },
    {
      "quarter": "2024-09 (Q3)",
      "signal": "YoY REVENUE GROWTH ACCELERATION",
      "detail": "YoY growth: +2.6% vs prior quarter YoY: -5.4% (accel: +8.0%)",
      "severity": "MEDIUM"
    },
    {
      "quarter": "2024-06 (Q2)",
      "signal": "FCF MARGIN EXPANSION",
      "detail": "FCF margin: +6.5% -> +11.5% (+5.0%)",
      "severity": "MEDIUM"
    },
    {
      "quarter": "2024-03 (Q1)",
      "signal": "FCF TURNED POSITIVE",
      "detail": "FCF margin: -3.1% -> +6.5%",
      "severity": "HIGH"
    },
    {
      "quarter": "2024-03 (Q1)",
      "signal": "INCREMENTAL MARGIN (YoY)",
      "detail": "YoY Incr OPM: +27.7% vs year-ago OPM: +5.2%",
      "severity": "HIGH"
    },
    {
      "quarter": "2023-09 (Q3)",
      "signal": "FCF TURNED POSITIVE",
      "detail": "FCF margin: -1.1% -> +6.2%",
      "severity": "HIGH"
    },
    {
      "quarter": "2023-09 (Q3)",
      "signal": "YoY REVENUE GROWTH DECELERATION",
      "detail": "YoY growth: -8.7% vs prior quarter YoY: +3.4% (decel: -12.1%)",
      "severity": "WARNING"
    },
    {
      "quarter": "2023-07 (Q3)",
      "signal": "YoY REVENUE GROWTH DECELERATION",
      "detail": "YoY growth: +3.4% vs prior quarter YoY: +19.4% (decel: -15.9%)",
      "severity": "WARNING"
    },
    {
      "quarter": "2023-04 (Q2)",
      "signal": "FCF TURNED POSITIVE",
      "detail": "FCF margin: -6.4% -> +7.3%",
      "severity": "HIGH"
    },
    {
      "quarter": "2023-04 (Q2)",
      "signal": "YoY REVENUE GROWTH DECELERATION",
      "detail": "YoY growth: +19.4% vs prior quarter YoY: +33.1% (decel: -13.8%)",
      "severity": "WARNING"
    },
    {
      "quarter": "2022-10 (Q4)",
      "signal": "OPERATING LEVERAGE",
      "detail": "Rev growth +13.9% vs OpEx growth +1.7% (leverage: 8.3x)",
      "severity": "MEDIUM"
    },
    {
      "quarter": "2022-10 (Q4)",
      "signal": "YoY REVENUE GROWTH ACCELERATION",
      "detail": "YoY growth: +32.0% vs prior quarter YoY: +20.3% (accel: +11.8%)",
      "severity": "MEDIUM"
    },
    {
      "quarter": "2022-07 (Q3)",
      "signal": "YoY REVENUE GROWTH ACCELERATION",
      "detail": "YoY growth: +20.3% vs prior quarter YoY: +1.3% (accel: +19.0%)",
      "severity": "HIGH"
    },
    {
      "quarter": "2022-04 (Q2)",
      "signal": "FCF TURNED POSITIVE",
      "detail": "FCF margin: -14.5% -> +5.8%",
      "severity": "HIGH"
    },
    {
      "quarter": "2022-04 (Q2)",
      "signal": "OPERATING LEVERAGE",
      "detail": "Rev growth +9.1% vs OpEx growth +2.9% (leverage: 3.1x)",
      "severity": "MEDIUM"
    },
    {
      "quarter": "2022-01 (Q1)",
      "signal": "INCREMENTAL MARGIN (YoY)",
      "detail": "YoY Incr OPM: +104.3% vs year-ago OPM: +5.5%",
      "severity": "HIGH"
    },
    {
      "quarter": "2021-04 (Q2)",
      "signal": "FCF TURNED POSITIVE",
      "detail": "FCF margin: -1.1% -> +8.3%",
      "severity": "HIGH"
    }
  ],
  "data_quality": {
    "n_quarters": 20,
    "coverage": {
      "revenue": [
        20,
        20
      ],
      "gross_profit": [
        20,
        20
      ],
      "op_income": [
        20,
        20
      ],
      "fcf": [
        20,
        20
      ]
    },
    "gaps": [],
    "warnings": []
  },
  "market_cap": null,
  "source": "SEC EDGAR",
  "last_updated": "2026-02-02T21:07:40.235905"
}