{
  "ticker": "PMDI",
  "name": "PSYCHEMEDICS CORPORATION",
  "quarters": [
    {
      "date": "2020-03-31T00:00:00",
      "quarter_label": "2020-03 (Q1)",
      "revenue": 7537000,
      "gross_profit": 2728000,
      "operating_income": -242000,
      "net_income": -159000,
      "opex": 2970000,
      "cogs": 4809000,
      "rd": 331000,
      "sga": null,
      "fcf": -814000,
      "ocf": -413000,
      "capex": -401000,
      "gross_margin": 0.36194772455884305,
      "op_margin": -0.032108265888284464,
      "fcf_margin": -0.10800053071513865
    },
    {
      "date": "2020-06-30T00:00:00",
      "quarter_label": "2020-06 (Q2)",
      "revenue": 3314000,
      "gross_profit": -252000,
      "operating_income": -3306000,
      "net_income": -2050000,
      "opex": 3054000,
      "cogs": 3566000,
      "rd": 345000,
      "sga": null,
      "fcf": -3590000,
      "ocf": -3316000,
      "capex": -274000,
      "gross_margin": -0.07604103802051901,
      "op_margin": -0.9975859987929994,
      "fcf_margin": -1.083283041641521,
      "fcf_margin_change": -0.9752825109263823
    },
    {
      "date": "2020-09-30T00:00:00",
      "quarter_label": "2020-09 (Q3)",
      "revenue": 5174000,
      "gross_profit": 1133000,
      "operating_income": -1409000,
      "net_income": -1107000,
      "opex": 2542000,
      "cogs": 4041000,
      "rd": 305000,
      "sga": null,
      "fcf": -1699000,
      "ocf": -1494000,
      "capex": -205000,
      "gross_margin": 0.2189795129493622,
      "op_margin": -0.272323154232702,
      "fcf_margin": -0.3283726323927329,
      "op_leverage_ratio": Infinity,
      "fcf_margin_change": 0.7549104092487879
    },
    {
      "date": "2020-12-31T00:00:00",
      "quarter_label": "2020-12 (Q4)",
      "revenue": 5335000,
      "gross_profit": 1277000,
      "operating_income": -1109000,
      "net_income": -543000,
      "opex": 2386000,
      "cogs": 4058000,
      "rd": 299000,
      "sga": null,
      "fcf": 1029000,
      "ocf": 1140000,
      "capex": -111000,
      "gross_margin": 0.2393626991565136,
      "op_margin": -0.20787253983130272,
      "fcf_margin": 0.19287722586691658,
      "op_leverage_ratio": Infinity,
      "fcf_margin_change": 0.5212498582596494
    },
    {
      "date": "2021-03-31T00:00:00",
      "quarter_label": "2021-03 (Q1)",
      "revenue": 5713000,
      "gross_profit": 2568000,
      "operating_income": 117000,
      "net_income": 83000,
      "opex": 2451000,
      "cogs": 3145000,
      "rd": 280000,
      "sga": null,
      "fcf": -420000,
      "ocf": -413000,
      "capex": -7000,
      "gross_margin": 0.4495011377559951,
      "op_margin": 0.020479607911780152,
      "fcf_margin": -0.0735165412217749,
      "incr_op_margin_yoy": -0.19682017543859648,
      "rev_growth_yoy": -0.24200610322409447,
      "op_leverage_ratio": 2.6008449282676085,
      "fcf_margin_change": -0.26639376708869145
    },
    {
      "date": "2021-06-30T00:00:00",
      "quarter_label": "2021-06 (Q2)",
      "revenue": 6087000,
      "gross_profit": 2436000,
      "operating_income": 207000,
      "net_income": 134000,
      "opex": 2229000,
      "cogs": 3651000,
      "rd": 293000,
      "sga": null,
      "fcf": 643000,
      "ocf": 650000,
      "capex": -7000,
      "gross_margin": 0.40019714144898966,
      "op_margin": 0.03400689995071464,
      "fcf_margin": 0.1056349597502875,
      "incr_op_margin_yoy": 1.266858997475658,
      "rev_growth_yoy": 0.8367531683765842,
      "rev_growth_yoy_accel": 1.0787592716006786,
      "op_leverage_ratio": Infinity,
      "fcf_margin_change": 0.1791515009720624
    },
    {
      "date": "2021-09-30T00:00:00",
      "quarter_label": "2021-09 (Q3)",
      "revenue": 6673000,
      "gross_profit": 3075000,
      "operating_income": 850000,
      "net_income": 739000,
      "opex": 2225000,
      "cogs": 3598000,
      "rd": 244000,
      "sga": null,
      "fcf": -442000,
      "ocf": -388000,
      "capex": -54000,
      "gross_margin": 0.4608122283830361,
      "op_margin": 0.12737898995953845,
      "fcf_margin": -0.06623707477895999,
      "incr_op_margin_yoy": 1.5070046697798531,
      "rev_growth_yoy": 0.28971781986857364,
      "rev_growth_yoy_accel": -0.5470353485080106,
      "op_leverage_ratio": Infinity,
      "fcf_margin_change": -0.17187203452924749
    },
    {
      "date": "2021-12-31T00:00:00",
      "quarter_label": "2021-12 (Q4)",
      "revenue": 6436000,
      "gross_profit": 2185000,
      "operating_income": -965000,
      "net_income": -1621000,
      "opex": 3150000,
      "cogs": 4251000,
      "rd": 313000,
      "sga": null,
      "fcf": 451000,
      "ocf": 565000,
      "capex": -114000,
      "gross_margin": 0.33949658172778124,
      "op_margin": -0.14993784959602238,
      "fcf_margin": 0.07007458048477315,
      "incr_op_margin_yoy": 0.1307901907356948,
      "rev_growth_yoy": 0.2063730084348641,
      "rev_growth_yoy_accel": -0.08334481143370953,
      "fcf_margin_change": 0.13631165526373312
    },
    {
      "date": "2022-03-31T00:00:00",
      "quarter_label": "2022-03 (Q1)",
      "revenue": 6508000,
      "gross_profit": 2441000,
      "operating_income": -10000,
      "net_income": 39000,
      "opex": 2451000,
      "cogs": 4067000,
      "rd": 318000,
      "sga": null,
      "fcf": 335000,
      "ocf": 345000,
      "capex": -10000,
      "gross_margin": 0.3750768285187462,
      "op_margin": -0.0015365703749231714,
      "fcf_margin": 0.05147510755992624,
      "rev_growth_yoy": 0.1391563101697882,
      "rev_growth_yoy_accel": -0.06721669826507592,
      "op_leverage_ratio": Infinity,
      "fcf_margin_change": -0.018599472924846906
    },
    {
      "date": "2022-06-30T00:00:00",
      "quarter_label": "2022-06 (Q2)",
      "revenue": 6513000,
      "gross_profit": 2273000,
      "operating_income": -342000,
      "net_income": -338000,
      "opex": 2615000,
      "cogs": 4240000,
      "rd": 357000,
      "sga": null,
      "fcf": 318000,
      "ocf": 317000,
      "capex": 1000,
      "gross_margin": 0.3489943190541993,
      "op_margin": -0.0525103638876094,
      "fcf_margin": 0.048825426070935055,
      "rev_growth_yoy": 0.06998521439132578,
      "rev_growth_yoy_accel": -0.06917109577846241,
      "fcf_margin_change": -0.0026496814889911888
    },
    {
      "date": "2022-09-30T00:00:00",
      "quarter_label": "2022-09 (Q3)",
      "revenue": 6516000,
      "gross_profit": 2332000,
      "operating_income": -375000,
      "net_income": -97000,
      "opex": 2707000,
      "cogs": 4184000,
      "rd": 328000,
      "sga": null,
      "fcf": 2283000,
      "ocf": 2334000,
      "capex": -51000,
      "gross_margin": 0.3578882750153468,
      "op_margin": -0.05755064456721915,
      "fcf_margin": 0.3503683241252302,
      "rev_growth_yoy": -0.023527648733702982,
      "rev_growth_yoy_accel": -0.09351286312502877,
      "fcf_margin_change": 0.3015428980542952
    },
    {
      "date": "2022-12-31T00:00:00",
      "quarter_label": "2022-12 (Q4)",
      "revenue": 5703000,
      "gross_profit": 2246000,
      "operating_income": -356000,
      "net_income": -688000,
      "opex": 2602000,
      "cogs": 3457000,
      "rd": 323000,
      "sga": null,
      "fcf": 1767000,
      "ocf": 1894000,
      "capex": -127000,
      "gross_margin": 0.3938278099246011,
      "op_margin": -0.062423285989829914,
      "fcf_margin": 0.30983692793266704,
      "rev_growth_yoy": -0.11389061528899938,
      "rev_growth_yoy_accel": -0.0903629665552964,
      "fcf_margin_change": -0.040531396192563185
    },
    {
      "date": "2023-03-31T00:00:00",
      "quarter_label": "2023-03 (Q1)",
      "revenue": 5859000,
      "gross_profit": 2205000,
      "operating_income": -528000,
      "net_income": -384000,
      "opex": 2733000,
      "cogs": 3654000,
      "rd": 298000,
      "sga": null,
      "fcf": -245000,
      "ocf": -225000,
      "capex": -20000,
      "gross_margin": 0.3763440860215054,
      "op_margin": -0.09011776753712238,
      "fcf_margin": -0.04181600955794504,
      "rev_growth_yoy": -0.09972341733251383,
      "rev_growth_yoy_accel": 0.01416719795648555,
      "op_leverage_ratio": 0.5433219157454292,
      "fcf_margin_change": -0.3516529374906121
    },
    {
      "date": "2023-06-30T00:00:00",
      "quarter_label": "2023-06 (Q2)",
      "revenue": 5537000,
      "gross_profit": 2059000,
      "operating_income": -417000,
      "net_income": -726000,
      "opex": 2476000,
      "cogs": 3478000,
      "rd": 286000,
      "sga": null,
      "fcf": -959000,
      "ocf": -959000,
      "capex": null,
      "gross_margin": 0.37186201914394074,
      "op_margin": -0.0753115405454217,
      "fcf_margin": -0.1731984829329962,
      "rev_growth_yoy": -0.14985413787808996,
      "rev_growth_yoy_accel": -0.05013072054557613,
      "fcf_margin_change": -0.13138247337505116
    },
    {
      "date": "2023-09-30T00:00:00",
      "quarter_label": "2023-09 (Q3)",
      "revenue": 5704000,
      "gross_profit": 2091000,
      "operating_income": -1107000,
      "net_income": -2099000,
      "opex": 3198000,
      "cogs": 3613000,
      "rd": 275000,
      "sga": null,
      "fcf": -1046000,
      "ocf": -958000,
      "capex": -88000,
      "gross_margin": 0.36658485273492286,
      "op_margin": -0.19407433380084152,
      "fcf_margin": -0.18338008415147264,
      "rev_growth_yoy": -0.12461632903621854,
      "rev_growth_yoy_accel": 0.02523780884187142,
      "op_leverage_ratio": 0.10343211145169465,
      "fcf_margin_change": -0.010181601218476444
    },
    {
      "date": "2023-12-31T00:00:00",
      "quarter_label": "2023-12 (Q4)",
      "revenue": 4998000,
      "gross_profit": 2058000,
      "operating_income": -868000,
      "net_income": -945000,
      "opex": 2926000,
      "cogs": 2940000,
      "rd": 285000,
      "sga": null,
      "fcf": 613000,
      "ocf": 662000,
      "capex": -49000,
      "gross_margin": 0.4117647058823529,
      "op_margin": -0.17366946778711484,
      "fcf_margin": 0.12264905962384955,
      "rev_growth_yoy": -0.12361914781693846,
      "rev_growth_yoy_accel": 0.00099718121928008,
      "fcf_margin_change": 0.3060291437753222
    },
    {
      "date": "2024-03-31T00:00:00",
      "quarter_label": "2024-03 (Q1)",
      "revenue": 5357000,
      "gross_profit": 2122000,
      "operating_income": -567000,
      "net_income": -688000,
      "opex": 2689000,
      "cogs": 3235000,
      "rd": 209000,
      "sga": null,
      "fcf": -473000,
      "ocf": -473000,
      "capex": null,
      "gross_margin": 0.39611722979279446,
      "op_margin": -0.10584282247526601,
      "fcf_margin": -0.08829568788501027,
      "rev_growth_yoy": -0.08568015019627923,
      "rev_growth_yoy_accel": 0.037938997620659234,
      "op_leverage_ratio": Infinity,
      "fcf_margin_change": -0.21094474750885983
    },
    {
      "date": "2024-06-30T00:00:00",
      "quarter_label": "2024-06 (Q2)",
      "revenue": 4728000,
      "gross_profit": 1552000,
      "operating_income": -899000,
      "net_income": -827000,
      "opex": 2451000,
      "cogs": 3176000,
      "rd": 189000,
      "sga": null,
      "fcf": 96000,
      "ocf": 120000,
      "capex": -24000,
      "gross_margin": 0.32825719120135366,
      "op_margin": -0.19014382402707275,
      "fcf_margin": 0.02030456852791878,
      "rev_growth_yoy": -0.14610800072241287,
      "rev_growth_yoy_accel": -0.06042785052613364,
      "fcf_margin_change": 0.10860025641292906
    },
    {
      "date": "2024-09-30T00:00:00",
      "quarter_label": "2024-09 (Q3)",
      "revenue": 5175000,
      "gross_profit": 2039000,
      "operating_income": -595000,
      "net_income": -535000,
      "opex": 2634000,
      "cogs": 3136000,
      "rd": 172000,
      "sga": null,
      "fcf": 257000,
      "ocf": 263000,
      "capex": -6000,
      "gross_margin": 0.3940096618357488,
      "op_margin": -0.11497584541062802,
      "fcf_margin": 0.04966183574879227,
      "rev_growth_yoy": -0.09274193548387097,
      "rev_growth_yoy_accel": 0.0533660652385419,
      "op_leverage_ratio": 1.2662582175251726,
      "fcf_margin_change": 0.029357267220873492
    },
    {
      "date": "2024-12-31T00:00:00",
      "quarter_label": "2024-12 (Q4)",
      "revenue": 4425000,
      "gross_profit": 1388000,
      "operating_income": 168000,
      "net_income": 189000,
      "opex": 1220000,
      "cogs": 3037000,
      "rd": 179000,
      "sga": null,
      "fcf": 998000,
      "ocf": 1019000,
      "capex": -21000,
      "gross_margin": 0.3136723163841808,
      "op_margin": 0.03796610169491525,
      "fcf_margin": 0.2255367231638418,
      "rev_growth_yoy": -0.11464585834333733,
      "rev_growth_yoy_accel": -0.021903922859466365,
      "fcf_margin_change": 0.17587488741504953
    }
  ],
  "signals": [
    {
      "quarter": "2024-12 (Q4)",
      "signal": "FCF MARGIN EXPANSION",
      "detail": "FCF margin: +5.0% -> +22.6% (+17.6%)",
      "severity": "MEDIUM"
    },
    {
      "quarter": "2024-12 (Q4)",
      "signal": "OP MARGIN TURNED POSITIVE (YoY)",
      "detail": "Op margin: -17.4% (year-ago) -> +3.8%",
      "severity": "HIGH"
    },
    {
      "quarter": "2024-12 (Q4)",
      "signal": "OP MARGIN TURNED POSITIVE (QoQ)",
      "detail": "Op margin: -11.5% -> +3.8%",
      "severity": "HIGH"
    },
    {
      "quarter": "2024-09 (Q3)",
      "signal": "GROSS MARGIN INFLECTION",
      "detail": "GM: +39.6% -> +32.8% -> +39.4% (reversal +6.6%)",
      "severity": "HIGH"
    },
    {
      "quarter": "2024-09 (Q3)",
      "signal": "YoY REVENUE GROWTH ACCELERATION",
      "detail": "YoY growth: -9.3% vs prior quarter YoY: -14.6% (accel: +5.3%)",
      "severity": "MEDIUM"
    },
    {
      "quarter": "2024-06 (Q2)",
      "signal": "FCF TURNED POSITIVE",
      "detail": "FCF margin: -8.8% -> +2.0%",
      "severity": "HIGH"
    },
    {
      "quarter": "2024-06 (Q2)",
      "signal": "YoY REVENUE GROWTH DECELERATION",
      "detail": "YoY growth: -14.6% vs prior quarter YoY: -8.6% (decel: -6.0%)",
      "severity": "WARNING"
    },
    {
      "quarter": "2023-12 (Q4)",
      "signal": "FCF TURNED POSITIVE",
      "detail": "FCF margin: -18.3% -> +12.3%",
      "severity": "HIGH"
    },
    {
      "quarter": "2023-12 (Q4)",
      "signal": "GROSS MARGIN INFLECTION",
      "detail": "GM: +37.2% -> +36.7% -> +41.2% (reversal +4.5%)",
      "severity": "MEDIUM"
    },
    {
      "quarter": "2023-06 (Q2)",
      "signal": "YoY REVENUE GROWTH DECELERATION",
      "detail": "YoY growth: -15.0% vs prior quarter YoY: -10.0% (decel: -5.0%)",
      "severity": "WARNING"
    },
    {
      "quarter": "2022-12 (Q4)",
      "signal": "YoY REVENUE GROWTH DECELERATION",
      "detail": "YoY growth: -11.4% vs prior quarter YoY: -2.4% (decel: -9.0%)",
      "severity": "WARNING"
    },
    {
      "quarter": "2022-09 (Q3)",
      "signal": "FCF MARGIN EXPANSION",
      "detail": "FCF margin: +4.9% -> +35.0% (+30.2%)",
      "severity": "MEDIUM"
    },
    {
      "quarter": "2022-09 (Q3)",
      "signal": "YoY REVENUE GROWTH DECELERATION",
      "detail": "YoY growth: -2.4% vs prior quarter YoY: +7.0% (decel: -9.4%)",
      "severity": "WARNING"
    },
    {
      "quarter": "2022-06 (Q2)",
      "signal": "YoY REVENUE GROWTH DECELERATION",
      "detail": "YoY growth: +7.0% vs prior quarter YoY: +13.9% (decel: -6.9%)",
      "severity": "WARNING"
    },
    {
      "quarter": "2022-03 (Q1)",
      "signal": "GROSS MARGIN INFLECTION",
      "detail": "GM: +46.1% -> +33.9% -> +37.5% (reversal +3.6%)",
      "severity": "MEDIUM"
    },
    {
      "quarter": "2022-03 (Q1)",
      "signal": "YoY REVENUE GROWTH DECELERATION",
      "detail": "YoY growth: +13.9% vs prior quarter YoY: +20.6% (decel: -6.7%)",
      "severity": "WARNING"
    },
    {
      "quarter": "2021-12 (Q4)",
      "signal": "FCF TURNED POSITIVE",
      "detail": "FCF margin: -6.6% -> +7.0%",
      "severity": "HIGH"
    },
    {
      "quarter": "2021-12 (Q4)",
      "signal": "YoY REVENUE GROWTH DECELERATION",
      "detail": "YoY growth: +20.6% vs prior quarter YoY: +29.0% (decel: -8.3%)",
      "severity": "WARNING"
    },
    {
      "quarter": "2021-09 (Q3)",
      "signal": "GROSS MARGIN INFLECTION",
      "detail": "GM: +45.0% -> +40.0% -> +46.1% (reversal +6.1%)",
      "severity": "HIGH"
    },
    {
      "quarter": "2021-09 (Q3)",
      "signal": "YoY REVENUE GROWTH DECELERATION",
      "detail": "YoY growth: +29.0% vs prior quarter YoY: +83.7% (decel: -54.7%)",
      "severity": "WARNING"
    },
    {
      "quarter": "2021-09 (Q3)",
      "signal": "OP MARGIN TURNED POSITIVE (YoY)",
      "detail": "Op margin: -27.2% (year-ago) -> +12.7%",
      "severity": "HIGH"
    },
    {
      "quarter": "2021-06 (Q2)",
      "signal": "FCF TURNED POSITIVE",
      "detail": "FCF margin: -7.4% -> +10.6%",
      "severity": "HIGH"
    },
    {
      "quarter": "2021-06 (Q2)",
      "signal": "YoY REVENUE GROWTH ACCELERATION",
      "detail": "YoY growth: +83.7% vs prior quarter YoY: -24.2% (accel: +107.9%)",
      "severity": "HIGH"
    },
    {
      "quarter": "2021-06 (Q2)",
      "signal": "OP MARGIN TURNED POSITIVE (YoY)",
      "detail": "Op margin: -99.8% (year-ago) -> +3.4%",
      "severity": "HIGH"
    },
    {
      "quarter": "2021-03 (Q1)",
      "signal": "OPERATING LEVERAGE",
      "detail": "Rev growth +7.1% vs OpEx growth +2.7% (leverage: 2.6x)",
      "severity": "MEDIUM"
    },
    {
      "quarter": "2021-03 (Q1)",
      "signal": "OP MARGIN TURNED POSITIVE (YoY)",
      "detail": "Op margin: -3.2% (year-ago) -> +2.0%",
      "severity": "HIGH"
    },
    {
      "quarter": "2021-03 (Q1)",
      "signal": "OP MARGIN TURNED POSITIVE (QoQ)",
      "detail": "Op margin: -20.8% -> +2.0%",
      "severity": "HIGH"
    },
    {
      "quarter": "2020-12 (Q4)",
      "signal": "FCF TURNED POSITIVE",
      "detail": "FCF margin: -32.8% -> +19.3%",
      "severity": "HIGH"
    },
    {
      "quarter": "2020-09 (Q3)",
      "signal": "FCF MARGIN EXPANSION",
      "detail": "FCF margin: -108.3% -> -32.8% (+75.5%)",
      "severity": "MEDIUM"
    },
    {
      "quarter": "2020-09 (Q3)",
      "signal": "GROSS MARGIN INFLECTION",
      "detail": "GM: +36.2% -> -7.6% -> +21.9% (reversal +29.5%)",
      "severity": "HIGH"
    }
  ],
  "data_quality": {
    "n_quarters": 20,
    "coverage": {
      "revenue": [
        20,
        20
      ],
      "gross_profit": [
        20,
        20
      ],
      "op_income": [
        20,
        20
      ],
      "fcf": [
        20,
        20
      ]
    },
    "gaps": [],
    "warnings": []
  },
  "market_cap": null,
  "source": "SEC EDGAR",
  "last_updated": "2026-02-03T01:01:49.587382"
}