{
  "ticker": "PMTS",
  "name": "CPI Card Group Inc.",
  "quarters": [
    {
      "date": "2020-12-31T00:00:00",
      "quarter_label": "2020-12 (Q4)",
      "revenue": 84140000,
      "gross_profit": 30963000,
      "operating_income": 12437000,
      "net_income": 7285000,
      "opex": 18526000,
      "cogs": 53177000,
      "rd": null,
      "sga": 16898000,
      "fcf": null,
      "ocf": null,
      "capex": -3773000,
      "gross_margin": 0.3679938198241027,
      "op_margin": 0.14781316852864274,
      "fcf_margin": null
    },
    {
      "date": "2021-03-31T00:00:00",
      "quarter_label": "2021-03 (Q1)",
      "revenue": 89092000,
      "gross_profit": 35721000,
      "operating_income": 17769000,
      "net_income": 2410000,
      "opex": 17952000,
      "cogs": 53371000,
      "rd": null,
      "sga": 16146000,
      "fcf": -2380000,
      "ocf": 144000,
      "capex": -2524000,
      "gross_margin": 0.40094509046828,
      "op_margin": 0.19944551699366947,
      "fcf_margin": -0.026713958604588514,
      "op_leverage_ratio": Infinity
    },
    {
      "date": "2021-06-30T00:00:00",
      "quarter_label": "2021-06 (Q2)",
      "revenue": 93219000,
      "gross_profit": 37088000,
      "operating_income": 15787000,
      "net_income": 6232000,
      "opex": 21301000,
      "cogs": 56131000,
      "rd": null,
      "sga": 19748000,
      "fcf": 21423000,
      "ocf": 22602000,
      "capex": -1179000,
      "gross_margin": 0.3978588056082987,
      "op_margin": 0.16935388708310536,
      "fcf_margin": 0.22981366459627328,
      "op_leverage_ratio": 0.24830956695423037,
      "fcf_margin_change": 0.2565276232008618
    },
    {
      "date": "2021-09-30T00:00:00",
      "quarter_label": "2021-09 (Q3)",
      "revenue": 99602000,
      "gross_profit": 37685000,
      "operating_income": 16702000,
      "net_income": 6626000,
      "opex": 20983000,
      "cogs": 61917000,
      "rd": null,
      "sga": 19469000,
      "fcf": -9355000,
      "ocf": -8231000,
      "capex": -1124000,
      "gross_margin": 0.37835585630810625,
      "op_margin": 0.167687395835425,
      "fcf_margin": -0.0939238167908275,
      "op_leverage_ratio": Infinity,
      "fcf_margin_change": -0.3237374813871008
    },
    {
      "date": "2021-12-31T00:00:00",
      "quarter_label": "2021-12 (Q4)",
      "revenue": 93206000,
      "gross_profit": 30932000,
      "operating_income": 9206000,
      "net_income": 673000,
      "opex": 21726000,
      "cogs": 62274000,
      "rd": null,
      "sga": 20338000,
      "fcf": 467000,
      "ocf": 5714000,
      "capex": -5247000,
      "gross_margin": 0.3318670471858035,
      "op_margin": 0.09877046542068108,
      "fcf_margin": 0.005010407055339785,
      "incr_op_margin_yoy": -0.3563864990072799,
      "rev_growth_yoy": 0.10774898977893986,
      "fcf_margin_change": 0.09893422384616728
    },
    {
      "date": "2022-03-31T00:00:00",
      "quarter_label": "2022-03 (Q1)",
      "revenue": 111424000,
      "gross_profit": 39278000,
      "operating_income": 17981000,
      "net_income": 6002000,
      "opex": 21297000,
      "cogs": 72146000,
      "rd": null,
      "sga": 19882000,
      "fcf": -19115000,
      "ocf": -15961000,
      "capex": -3154000,
      "gross_margin": 0.35250933371625504,
      "op_margin": 0.16137456921309593,
      "fcf_margin": -0.1715519098219414,
      "incr_op_margin_yoy": 0.009493104065914384,
      "rev_growth_yoy": 0.2506622367889373,
      "rev_growth_yoy_accel": 0.1429132470099974,
      "op_leverage_ratio": Infinity,
      "fcf_margin_change": -0.1765623168772812
    },
    {
      "date": "2022-06-30T00:00:00",
      "quarter_label": "2022-06 (Q2)",
      "revenue": 113308000,
      "gross_profit": 40551000,
      "operating_income": 15054000,
      "net_income": 6151000,
      "opex": 25497000,
      "cogs": 72757000,
      "rd": null,
      "sga": 24050000,
      "fcf": 2788000,
      "ocf": 7813000,
      "capex": -5025000,
      "gross_margin": 0.3578829385392029,
      "op_margin": 0.13285910968334097,
      "fcf_margin": 0.024605500052953012,
      "incr_op_margin_yoy": -0.03648763004629399,
      "rev_growth_yoy": 0.2155032772288911,
      "rev_growth_yoy_accel": -0.035158959560046193,
      "op_leverage_ratio": 0.08573759436284566,
      "fcf_margin_change": 0.1961574098748944
    },
    {
      "date": "2022-09-30T00:00:00",
      "quarter_label": "2022-09 (Q3)",
      "revenue": 124577000,
      "gross_profit": 48440000,
      "operating_income": 23445000,
      "net_income": 11910000,
      "opex": 24995000,
      "cogs": 76137000,
      "rd": null,
      "sga": 23403000,
      "fcf": 13600000,
      "ocf": 19861000,
      "capex": -6261000,
      "gross_margin": 0.3888358204162887,
      "op_margin": 0.18819685816804066,
      "fcf_margin": 0.10916942934891674,
      "incr_op_margin_yoy": 0.26998998998998996,
      "rev_growth_yoy": 0.25074797694825407,
      "rev_growth_yoy_accel": 0.035244699719362976,
      "op_leverage_ratio": Infinity,
      "fcf_margin_change": 0.08456392929596374
    },
    {
      "date": "2022-12-31T00:00:00",
      "quarter_label": "2022-12 (Q4)",
      "revenue": 126436000,
      "gross_profit": 47498000,
      "operating_income": 22650000,
      "net_income": 12477000,
      "opex": 24848000,
      "cogs": 78938000,
      "rd": null,
      "sga": 23447000,
      "fcf": 16196000,
      "ocf": 19623000,
      "capex": -3427000,
      "gross_margin": 0.3756683223132652,
      "op_margin": 0.1791420165142839,
      "fcf_margin": 0.12809642823246545,
      "incr_op_margin_yoy": 0.4045741799578694,
      "rev_growth_yoy": 0.3565221123103663,
      "rev_growth_yoy_accel": 0.10577413536211222,
      "op_leverage_ratio": Infinity,
      "fcf_margin_change": 0.018926998883548707
    },
    {
      "date": "2023-03-31T00:00:00",
      "quarter_label": "2023-03 (Q1)",
      "revenue": 120852000,
      "gross_profit": 43094000,
      "operating_income": 20598000,
      "net_income": 10873000,
      "opex": 22496000,
      "cogs": 77758000,
      "rd": null,
      "sga": 21066000,
      "fcf": 3856000,
      "ocf": 8001000,
      "capex": -4145000,
      "gross_margin": 0.35658491377883694,
      "op_margin": 0.17043987687419324,
      "fcf_margin": 0.03190679508820706,
      "incr_op_margin_yoy": 0.27757742893508697,
      "rev_growth_yoy": 0.08461372774267663,
      "rev_growth_yoy_accel": -0.2719083845676897,
      "fcf_margin_change": -0.09618963314425838
    },
    {
      "date": "2023-06-30T00:00:00",
      "quarter_label": "2023-06 (Q2)",
      "revenue": 114960000,
      "gross_profit": 40825000,
      "operating_income": 17492000,
      "net_income": 6523000,
      "opex": 23333000,
      "cogs": 74135000,
      "rd": null,
      "sga": 21885000,
      "fcf": -128000,
      "ocf": 2321000,
      "capex": -2449000,
      "gross_margin": 0.3551235212247738,
      "op_margin": 0.1521572720946416,
      "fcf_margin": -0.0011134307585247043,
      "incr_op_margin_yoy": 1.4757869249394673,
      "rev_growth_yoy": 0.014579729586613478,
      "rev_growth_yoy_accel": -0.07003399815606315,
      "fcf_margin_change": -0.03302022584673177
    },
    {
      "date": "2023-09-30T00:00:00",
      "quarter_label": "2023-09 (Q3)",
      "revenue": 105863000,
      "gross_profit": 36152000,
      "operating_income": 12961000,
      "net_income": 3857000,
      "opex": 23191000,
      "cogs": 69711000,
      "rd": null,
      "sga": 21783000,
      "fcf": 12462000,
      "ocf": 11944000,
      "capex": 518000,
      "gross_margin": 0.3414979737963217,
      "op_margin": 0.12243182226084656,
      "fcf_margin": 0.11771818293454749,
      "incr_op_margin_yoy": 0.5602222934701293,
      "rev_growth_yoy": -0.1502203456496785,
      "rev_growth_yoy_accel": -0.16480007523629198,
      "fcf_margin_change": 0.11883161369307219
    },
    {
      "date": "2023-12-31T00:00:00",
      "quarter_label": "2023-12 (Q4)",
      "revenue": 102872000,
      "gross_profit": 35418000,
      "operating_income": 10539000,
      "net_income": 2732000,
      "opex": 24879000,
      "cogs": 67454000,
      "rd": null,
      "sga": 23521000,
      "fcf": 11446000,
      "ocf": 11775000,
      "capex": -329000,
      "gross_margin": 0.3442919356093009,
      "op_margin": 0.1024477019986002,
      "fcf_margin": 0.11126448401897504,
      "incr_op_margin_yoy": 0.5139619758954337,
      "rev_growth_yoy": -0.1863709702932709,
      "rev_growth_yoy_accel": -0.036150624643592394,
      "fcf_margin_change": -0.006453698915572445
    },
    {
      "date": "2024-03-31T00:00:00",
      "quarter_label": "2024-03 (Q1)",
      "revenue": 111936000,
      "gross_profit": 41518000,
      "operating_income": 14145000,
      "net_income": 5455000,
      "opex": 27373000,
      "cogs": 70418000,
      "rd": null,
      "sga": 26043000,
      "fcf": 7359000,
      "ocf": 8865000,
      "capex": -1506000,
      "gross_margin": 0.37090837621497996,
      "op_margin": 0.1263668524871355,
      "fcf_margin": 0.06574292452830188,
      "incr_op_margin_yoy": 0.7237550471063257,
      "rev_growth_yoy": -0.0737761890576904,
      "rev_growth_yoy_accel": 0.1125947812355805,
      "op_leverage_ratio": 0.8789399091609426,
      "fcf_margin_change": -0.04552155949067316
    },
    {
      "date": "2024-06-30T00:00:00",
      "quarter_label": "2024-06 (Q2)",
      "revenue": 118818000,
      "gross_profit": 42388000,
      "operating_income": 14909000,
      "net_income": 6001000,
      "opex": 27479000,
      "cogs": 76430000,
      "rd": null,
      "sga": 26225000,
      "fcf": -5995000,
      "ocf": -4757000,
      "capex": -1238000,
      "gross_margin": 0.35674729418101636,
      "op_margin": 0.1254776212358397,
      "fcf_margin": -0.050455318217778454,
      "incr_op_margin_yoy": -0.6695178849144634,
      "rev_growth_yoy": 0.033559498956158666,
      "rev_growth_yoy_accel": 0.10733568801384907,
      "op_leverage_ratio": 15.876743078254961,
      "fcf_margin_change": -0.11619824274608034
    },
    {
      "date": "2024-09-30T00:00:00",
      "quarter_label": "2024-09 (Q3)",
      "revenue": 124751000,
      "gross_profit": 44698000,
      "operating_income": 17798000,
      "net_income": 1293000,
      "opex": 26900000,
      "cogs": 80053000,
      "rd": null,
      "sga": 25674000,
      "fcf": 11089000,
      "ocf": 12544000,
      "capex": -1455000,
      "gross_margin": 0.35829772907632,
      "op_margin": 0.1426681950445287,
      "fcf_margin": 0.08888906702150684,
      "incr_op_margin_yoy": 0.2560885218127912,
      "rev_growth_yoy": 0.17841927774576574,
      "rev_growth_yoy_accel": 0.14485977878960707,
      "op_leverage_ratio": Infinity,
      "fcf_margin_change": 0.1393443852392853
    },
    {
      "date": "2024-12-31T00:00:00",
      "quarter_label": "2024-12 (Q4)",
      "revenue": 125096000,
      "gross_profit": 42615000,
      "operating_income": 15940000,
      "net_income": 6772000,
      "opex": 26675000,
      "cogs": 82481000,
      "rd": null,
      "sga": 25459000,
      "fcf": 21603000,
      "ocf": 26661000,
      "capex": -5058000,
      "gross_margin": 0.340658374368485,
      "op_margin": 0.1274221397966362,
      "fcf_margin": 0.1726913730255164,
      "incr_op_margin_yoy": 0.24302555795536357,
      "rev_growth_yoy": 0.21603546154444359,
      "rev_growth_yoy_accel": 0.037616183798677844,
      "fcf_margin_change": 0.08380230600400956
    },
    {
      "date": "2025-03-31T00:00:00",
      "quarter_label": "2025-03 (Q1)",
      "revenue": 122761000,
      "gross_profit": 40696000,
      "operating_income": 14104000,
      "net_income": 4774000,
      "opex": 26592000,
      "cogs": 82065000,
      "rd": null,
      "sga": 25495000,
      "fcf": 292000,
      "ocf": 5593000,
      "capex": -5301000,
      "gross_margin": 0.33150593429509373,
      "op_margin": 0.11488990803268138,
      "fcf_margin": 0.002378605583206393,
      "incr_op_margin_yoy": -0.003787528868360277,
      "rev_growth_yoy": 0.09670704688393368,
      "rev_growth_yoy_accel": -0.1193284146605099,
      "fcf_margin_change": -0.17031276744231
    },
    {
      "date": "2025-06-30T00:00:00",
      "quarter_label": "2025-06 (Q2)",
      "revenue": 129753000,
      "gross_profit": 40120000,
      "operating_income": 9423000,
      "net_income": 518000,
      "opex": 30697000,
      "cogs": 89633000,
      "rd": null,
      "sga": 29291000,
      "fcf": 533000,
      "ocf": 4344000,
      "capex": -3811000,
      "gross_margin": 0.30920287006851477,
      "op_margin": 0.07262259832142609,
      "fcf_margin": 0.004107804829175434,
      "incr_op_margin_yoy": -0.5016918152720622,
      "rev_growth_yoy": 0.09203151037721558,
      "rev_growth_yoy_accel": -0.004675536506718106,
      "op_leverage_ratio": 0.3689596237824085,
      "fcf_margin_change": 0.0017291992459690405
    },
    {
      "date": "2025-09-30T00:00:00",
      "quarter_label": "2025-09 (Q3)",
      "revenue": 137966000,
      "gross_profit": 40993000,
      "operating_income": 13018000,
      "net_income": 2308000,
      "opex": 27975000,
      "cogs": 96973000,
      "rd": null,
      "sga": 26471000,
      "fcf": 5309000,
      "ocf": 9974000,
      "capex": -4665000,
      "gross_margin": 0.2971239290839772,
      "op_margin": 0.09435658060681618,
      "fcf_margin": 0.0384804951944682,
      "incr_op_margin_yoy": -0.3617101778282255,
      "rev_growth_yoy": 0.10593101458104544,
      "rev_growth_yoy_accel": 0.013899504203829863,
      "op_leverage_ratio": Infinity,
      "fcf_margin_change": 0.034372690365292766
    }
  ],
  "signals": [
    {
      "quarter": "2025-03 (Q1)",
      "signal": "YoY REVENUE GROWTH DECELERATION",
      "detail": "YoY growth: +9.7% vs prior quarter YoY: +21.6% (decel: -11.9%)",
      "severity": "WARNING"
    },
    {
      "quarter": "2024-12 (Q4)",
      "signal": "FCF MARGIN EXPANSION",
      "detail": "FCF margin: +8.9% -> +17.3% (+8.4%)",
      "severity": "MEDIUM"
    },
    {
      "quarter": "2024-12 (Q4)",
      "signal": "INCREMENTAL MARGIN (YoY)",
      "detail": "YoY Incr OPM: +24.3% vs year-ago OPM: +10.2%",
      "severity": "MEDIUM"
    },
    {
      "quarter": "2024-09 (Q3)",
      "signal": "FCF TURNED POSITIVE",
      "detail": "FCF margin: -5.0% -> +8.9%",
      "severity": "HIGH"
    },
    {
      "quarter": "2024-09 (Q3)",
      "signal": "YoY REVENUE GROWTH ACCELERATION",
      "detail": "YoY growth: +17.8% vs prior quarter YoY: +3.4% (accel: +14.5%)",
      "severity": "MEDIUM"
    },
    {
      "quarter": "2024-09 (Q3)",
      "signal": "INCREMENTAL MARGIN (YoY)",
      "detail": "YoY Incr OPM: +25.6% vs year-ago OPM: +12.2%",
      "severity": "MEDIUM"
    },
    {
      "quarter": "2024-06 (Q2)",
      "signal": "OPERATING LEVERAGE",
      "detail": "Rev growth +6.1% vs OpEx growth +0.4% (leverage: 15.9x)",
      "severity": "MEDIUM"
    },
    {
      "quarter": "2024-06 (Q2)",
      "signal": "YoY REVENUE GROWTH ACCELERATION",
      "detail": "YoY growth: +3.4% vs prior quarter YoY: -7.4% (accel: +10.7%)",
      "severity": "MEDIUM"
    },
    {
      "quarter": "2024-03 (Q1)",
      "signal": "YoY REVENUE GROWTH ACCELERATION",
      "detail": "YoY growth: -7.4% vs prior quarter YoY: -18.6% (accel: +11.3%)",
      "severity": "MEDIUM"
    },
    {
      "quarter": "2024-03 (Q1)",
      "signal": "INCREMENTAL MARGIN (YoY)",
      "detail": "YoY Incr OPM: +72.4% vs year-ago OPM: +17.0%",
      "severity": "HIGH"
    },
    {
      "quarter": "2023-12 (Q4)",
      "signal": "INCREMENTAL MARGIN (YoY)",
      "detail": "YoY Incr OPM: +51.4% vs year-ago OPM: +17.9%",
      "severity": "HIGH"
    },
    {
      "quarter": "2023-09 (Q3)",
      "signal": "FCF TURNED POSITIVE",
      "detail": "FCF margin: -0.1% -> +11.8%",
      "severity": "HIGH"
    },
    {
      "quarter": "2023-09 (Q3)",
      "signal": "YoY REVENUE GROWTH DECELERATION",
      "detail": "YoY growth: -15.0% vs prior quarter YoY: +1.5% (decel: -16.5%)",
      "severity": "WARNING"
    },
    {
      "quarter": "2023-09 (Q3)",
      "signal": "INCREMENTAL MARGIN (YoY)",
      "detail": "YoY Incr OPM: +56.0% vs year-ago OPM: +18.8%",
      "severity": "HIGH"
    },
    {
      "quarter": "2023-06 (Q2)",
      "signal": "YoY REVENUE GROWTH DECELERATION",
      "detail": "YoY growth: +1.5% vs prior quarter YoY: +8.5% (decel: -7.0%)",
      "severity": "WARNING"
    },
    {
      "quarter": "2023-06 (Q2)",
      "signal": "INCREMENTAL MARGIN (YoY)",
      "detail": "YoY Incr OPM: +147.6% vs year-ago OPM: +13.3%",
      "severity": "HIGH"
    },
    {
      "quarter": "2023-03 (Q1)",
      "signal": "YoY REVENUE GROWTH DECELERATION",
      "detail": "YoY growth: +8.5% vs prior quarter YoY: +35.7% (decel: -27.2%)",
      "severity": "WARNING"
    },
    {
      "quarter": "2023-03 (Q1)",
      "signal": "INCREMENTAL MARGIN (YoY)",
      "detail": "YoY Incr OPM: +27.8% vs year-ago OPM: +16.1%",
      "severity": "MEDIUM"
    },
    {
      "quarter": "2022-12 (Q4)",
      "signal": "YoY REVENUE GROWTH ACCELERATION",
      "detail": "YoY growth: +35.7% vs prior quarter YoY: +25.1% (accel: +10.6%)",
      "severity": "MEDIUM"
    },
    {
      "quarter": "2022-12 (Q4)",
      "signal": "INCREMENTAL MARGIN (YoY)",
      "detail": "YoY Incr OPM: +40.5% vs year-ago OPM: +9.9%",
      "severity": "HIGH"
    },
    {
      "quarter": "2022-09 (Q3)",
      "signal": "FCF MARGIN EXPANSION",
      "detail": "FCF margin: +2.5% -> +10.9% (+8.5%)",
      "severity": "MEDIUM"
    },
    {
      "quarter": "2022-09 (Q3)",
      "signal": "INCREMENTAL MARGIN (YoY)",
      "detail": "YoY Incr OPM: +27.0% vs year-ago OPM: +16.8%",
      "severity": "MEDIUM"
    },
    {
      "quarter": "2022-06 (Q2)",
      "signal": "FCF TURNED POSITIVE",
      "detail": "FCF margin: -17.2% -> +2.5%",
      "severity": "HIGH"
    },
    {
      "quarter": "2022-03 (Q1)",
      "signal": "GROSS MARGIN INFLECTION",
      "detail": "GM: +37.8% -> +33.2% -> +35.3% (reversal +2.1%)",
      "severity": "MEDIUM"
    },
    {
      "quarter": "2022-03 (Q1)",
      "signal": "YoY REVENUE GROWTH ACCELERATION",
      "detail": "YoY growth: +25.1% vs prior quarter YoY: +10.8% (accel: +14.3%)",
      "severity": "MEDIUM"
    },
    {
      "quarter": "2021-12 (Q4)",
      "signal": "FCF TURNED POSITIVE",
      "detail": "FCF margin: -9.4% -> +0.5%",
      "severity": "HIGH"
    },
    {
      "quarter": "2021-06 (Q2)",
      "signal": "FCF TURNED POSITIVE",
      "detail": "FCF margin: -2.7% -> +23.0%",
      "severity": "HIGH"
    }
  ],
  "data_quality": {
    "n_quarters": 20,
    "coverage": {
      "revenue": [
        20,
        20
      ],
      "gross_profit": [
        20,
        20
      ],
      "op_income": [
        20,
        20
      ],
      "fcf": [
        19,
        20
      ]
    },
    "gaps": [],
    "warnings": []
  },
  "market_cap": null,
  "source": "SEC EDGAR",
  "last_updated": "2026-02-02T23:09:09.360933"
}