{
  "ticker": "PNR",
  "name": "Pentair plc",
  "quarters": [
    {
      "date": "2020-12-31T00:00:00",
      "quarter_label": "2020-12 (Q4)",
      "revenue": 796000000,
      "gross_profit": 283500000,
      "operating_income": 121500000,
      "net_income": 103000000,
      "opex": 162000000,
      "cogs": 512500000,
      "rd": 20100000,
      "sga": 141900000,
      "fcf": 55500000,
      "ocf": 73300000,
      "capex": -17800000,
      "gross_margin": 0.35615577889447236,
      "op_margin": 0.15263819095477388,
      "fcf_margin": 0.06972361809045226
    },
    {
      "date": "2021-03-31T00:00:00",
      "quarter_label": "2021-03 (Q1)",
      "revenue": 865900000,
      "gross_profit": 315200000,
      "operating_income": 157100000,
      "net_income": 128600000,
      "opex": 158100000,
      "cogs": 550700000,
      "rd": 21500000,
      "sga": 136600000,
      "fcf": -32200000,
      "ocf": -19000000,
      "capex": -13200000,
      "gross_margin": 0.3640143203603187,
      "op_margin": 0.18142972629633908,
      "fcf_margin": -0.037186742118027485,
      "op_leverage_ratio": Infinity,
      "fcf_margin_change": -0.10691036020847974
    },
    {
      "date": "2021-06-30T00:00:00",
      "quarter_label": "2021-06 (Q2)",
      "revenue": 941100000,
      "gross_profit": 341000000,
      "operating_income": 161800000,
      "net_income": 132100000,
      "opex": 179200000,
      "cogs": 600100000,
      "rd": 21000000,
      "sga": 158200000,
      "fcf": 368700000,
      "ocf": 379800000,
      "capex": -11100000,
      "gross_margin": 0.362341940282648,
      "op_margin": 0.17192646902560832,
      "fcf_margin": 0.3917755817660185,
      "op_leverage_ratio": 0.6507280319247049,
      "fcf_margin_change": 0.428962323884046
    },
    {
      "date": "2021-09-30T00:00:00",
      "quarter_label": "2021-09 (Q3)",
      "revenue": 969200000,
      "gross_profit": 334800000,
      "operating_income": 167300000,
      "net_income": 143600000,
      "opex": 167500000,
      "cogs": 634400000,
      "rd": 21900000,
      "sga": 145600000,
      "fcf": 165000000,
      "ocf": 179300000,
      "capex": -14300000,
      "gross_margin": 0.3454395377631036,
      "op_margin": 0.17261659100288898,
      "fcf_margin": 0.17024349979364425,
      "op_leverage_ratio": Infinity,
      "fcf_margin_change": -0.22153208197237426
    },
    {
      "date": "2021-12-31T00:00:00",
      "quarter_label": "2021-12 (Q4)",
      "revenue": 988600000,
      "gross_profit": 328200000,
      "operating_income": 150700000,
      "net_income": 148700000,
      "opex": 177500000,
      "cogs": 660400000,
      "rd": 21500000,
      "sga": 156000000,
      "fcf": 51500000,
      "ocf": 73100000,
      "capex": -21600000,
      "gross_margin": 0.3319846247218288,
      "op_margin": 0.15243779081529435,
      "fcf_margin": 0.05209387011936071,
      "incr_op_margin_yoy": 0.15160955347871236,
      "rev_growth_yoy": 0.24195979899497488,
      "op_leverage_ratio": 0.33527651671481634,
      "fcf_margin_change": -0.11814962967428355
    },
    {
      "date": "2022-03-31T00:00:00",
      "quarter_label": "2022-03 (Q1)",
      "revenue": 999600000,
      "gross_profit": 332200000,
      "operating_income": 145800000,
      "net_income": 117600000,
      "opex": 186400000,
      "cogs": 667400000,
      "rd": 22300000,
      "sga": 164100000,
      "fcf": -149200000,
      "ocf": -131500000,
      "capex": -17700000,
      "gross_margin": 0.3323329331732693,
      "op_margin": 0.14585834333733494,
      "fcf_margin": -0.14925970388155263,
      "incr_op_margin_yoy": -0.08451757666417352,
      "rev_growth_yoy": 0.1544058205335489,
      "rev_growth_yoy_accel": -0.08755397846142599,
      "op_leverage_ratio": 0.22191181718785163,
      "fcf_margin_change": -0.20135357400091333
    },
    {
      "date": "2022-06-30T00:00:00",
      "quarter_label": "2022-06 (Q2)",
      "revenue": 1064200000,
      "gross_profit": 359500000,
      "operating_income": 190800000,
      "net_income": 152900000,
      "opex": 168700000,
      "cogs": 704700000,
      "rd": 23100000,
      "sga": 145600000,
      "fcf": 284400000,
      "ocf": 306800000,
      "capex": -22400000,
      "gross_margin": 0.3378124412704379,
      "op_margin": 0.1792896072166886,
      "fcf_margin": 0.2672429994361962,
      "incr_op_margin_yoy": 0.2355808285946385,
      "rev_growth_yoy": 0.1308043778557008,
      "rev_growth_yoy_accel": -0.02360144267784811,
      "op_leverage_ratio": Infinity,
      "fcf_margin_change": 0.41650270331774886
    },
    {
      "date": "2022-09-30T00:00:00",
      "quarter_label": "2022-09 (Q3)",
      "revenue": 1055100000,
      "gross_profit": 348100000,
      "operating_income": 147100000,
      "net_income": 115400000,
      "opex": 201000000,
      "cogs": 707000000,
      "rd": 23700000,
      "sga": 177300000,
      "fcf": 72100000,
      "ocf": 95200000,
      "capex": -23100000,
      "gross_margin": 0.3299213344706663,
      "op_margin": 0.1394180646384229,
      "fcf_margin": 0.06833475499952611,
      "incr_op_margin_yoy": -0.2351571594877765,
      "rev_growth_yoy": 0.08862979777135782,
      "rev_growth_yoy_accel": -0.042174580084342966,
      "fcf_margin_change": -0.1989082444366701
    },
    {
      "date": "2022-12-31T00:00:00",
      "quarter_label": "2022-12 (Q4)",
      "revenue": 1002900000,
      "gross_profit": 324800000,
      "operating_income": 111600000,
      "net_income": 95000000,
      "opex": 213200000,
      "cogs": 678100000,
      "rd": 23100000,
      "sga": 190100000,
      "fcf": 70800000,
      "ocf": 92800000,
      "capex": -22000000,
      "gross_margin": 0.3238608036693589,
      "op_margin": 0.11127729584205803,
      "fcf_margin": 0.07059527370625188,
      "incr_op_margin_yoy": -2.734265734265734,
      "rev_growth_yoy": 0.014464899858385595,
      "rev_growth_yoy_accel": -0.07416489791297223,
      "fcf_margin_change": 0.0022605187067257643
    },
    {
      "date": "2023-03-31T00:00:00",
      "quarter_label": "2023-03 (Q1)",
      "revenue": 1028600000,
      "gross_profit": 381800000,
      "operating_income": 183600000,
      "net_income": 129700000,
      "opex": 198200000,
      "cogs": 646800000,
      "rd": 24900000,
      "sga": 173300000,
      "fcf": -123200000,
      "ocf": -106600000,
      "capex": -16600000,
      "gross_margin": 0.37118413377406184,
      "op_margin": 0.17849504180439432,
      "fcf_margin": -0.11977445070970251,
      "incr_op_margin_yoy": 1.303448275862069,
      "rev_growth_yoy": 0.02901160464185674,
      "rev_growth_yoy_accel": 0.014546704783471146,
      "op_leverage_ratio": Infinity,
      "fcf_margin_change": -0.1903697244159544
    },
    {
      "date": "2023-06-30T00:00:00",
      "quarter_label": "2023-06 (Q2)",
      "revenue": 1082500000,
      "gross_profit": 399500000,
      "operating_income": 208500000,
      "net_income": 152900000,
      "opex": 191000000,
      "cogs": 683000000,
      "rd": 25900000,
      "sga": 165100000,
      "fcf": 426300000,
      "ocf": 445100000,
      "capex": -18800000,
      "gross_margin": 0.36905311778290995,
      "op_margin": 0.19260969976905312,
      "fcf_margin": 0.393810623556582,
      "incr_op_margin_yoy": 0.9672131147540983,
      "rev_growth_yoy": 0.017196015786506296,
      "rev_growth_yoy_accel": -0.011815588855350445,
      "op_leverage_ratio": Infinity,
      "fcf_margin_change": 0.5135850742662845
    },
    {
      "date": "2023-09-30T00:00:00",
      "quarter_label": "2023-09 (Q3)",
      "revenue": 1008800000,
      "gross_profit": 371800000,
      "operating_income": 180100000,
      "net_income": 132100000,
      "opex": 191700000,
      "cogs": 637000000,
      "rd": 25500000,
      "sga": 166200000,
      "fcf": 142800000,
      "ocf": 162200000,
      "capex": -19400000,
      "gross_margin": 0.36855670103092786,
      "op_margin": 0.1785289452815226,
      "fcf_margin": 0.1415543219666931,
      "incr_op_margin_yoy": -0.712742980561555,
      "rev_growth_yoy": -0.043882096483745615,
      "rev_growth_yoy_accel": -0.06107811227025191,
      "fcf_margin_change": -0.2522563015898889
    },
    {
      "date": "2023-12-31T00:00:00",
      "quarter_label": "2023-12 (Q4)",
      "revenue": 984600000,
      "gross_profit": 366100000,
      "operating_income": 167000000,
      "net_income": 208000000,
      "opex": 199100000,
      "cogs": 618500000,
      "rd": 23500000,
      "sga": 175600000,
      "fcf": 97300000,
      "ocf": 118500000,
      "capex": -21200000,
      "gross_margin": 0.3718261222831607,
      "op_margin": 0.16961202518789356,
      "fcf_margin": 0.09882185659150924,
      "incr_op_margin_yoy": -3.0273224043715845,
      "rev_growth_yoy": -0.01824708345797188,
      "rev_growth_yoy_accel": 0.025635013025773735,
      "fcf_margin_change": -0.04273246537518385
    },
    {
      "date": "2024-03-31T00:00:00",
      "quarter_label": "2024-03 (Q1)",
      "revenue": 1017200000,
      "gross_profit": 390100000,
      "operating_income": 180800000,
      "net_income": 133300000,
      "opex": 209300000,
      "cogs": 627100000,
      "rd": 24100000,
      "sga": 185200000,
      "fcf": -126900000,
      "ocf": -107600000,
      "capex": -19300000,
      "gross_margin": 0.38350373574518287,
      "op_margin": 0.17774282343688558,
      "fcf_margin": -0.12475422729060165,
      "incr_op_margin_yoy": 0.24561403508771928,
      "rev_growth_yoy": -0.01108302547151468,
      "rev_growth_yoy_accel": 0.0071640579864572,
      "op_leverage_ratio": 0.6462921142456577,
      "fcf_margin_change": -0.2235760838821109
    },
    {
      "date": "2024-06-30T00:00:00",
      "quarter_label": "2024-06 (Q2)",
      "revenue": 1099300000,
      "gross_profit": 437900000,
      "operating_income": 248000000,
      "net_income": 186100000,
      "opex": 189900000,
      "cogs": 661400000,
      "rd": 24800000,
      "sga": 165100000,
      "fcf": 522200000,
      "ocf": 539200000,
      "capex": -17000000,
      "gross_margin": 0.3983444009824434,
      "op_margin": 0.22559810788683707,
      "fcf_margin": 0.47502956426817067,
      "incr_op_margin_yoy": 2.3511904761904763,
      "rev_growth_yoy": 0.015519630484988453,
      "rev_growth_yoy_accel": 0.026602655956503133,
      "op_leverage_ratio": Infinity,
      "fcf_margin_change": 0.5997837915587723
    },
    {
      "date": "2024-09-30T00:00:00",
      "quarter_label": "2024-09 (Q3)",
      "revenue": 993400000,
      "gross_profit": 393200000,
      "operating_income": 179900000,
      "net_income": 139600000,
      "opex": 213300000,
      "cogs": 600200000,
      "rd": 22900000,
      "sga": 190400000,
      "fcf": 233200000,
      "ocf": 248600000,
      "capex": -15400000,
      "gross_margin": 0.3958123615864707,
      "op_margin": 0.18109522850815382,
      "fcf_margin": 0.23474934568149788,
      "incr_op_margin_yoy": 0.012987012987012988,
      "rev_growth_yoy": -0.015265662172878667,
      "rev_growth_yoy_accel": -0.03078529265786712,
      "fcf_margin_change": -0.24028021858667278
    },
    {
      "date": "2024-12-31T00:00:00",
      "quarter_label": "2024-12 (Q4)",
      "revenue": 972900000,
      "gross_profit": 377600000,
      "operating_income": 195100000,
      "net_income": 166400000,
      "opex": 182500000,
      "cogs": 595300000,
      "rd": 21800000,
      "sga": 160700000,
      "fcf": 63800000,
      "ocf": 86500000,
      "capex": -22700000,
      "gross_margin": 0.3881179977387193,
      "op_margin": 0.20053448453078426,
      "fcf_margin": 0.0655771405077603,
      "incr_op_margin_yoy": -2.4017094017094016,
      "rev_growth_yoy": -0.011882998171846435,
      "rev_growth_yoy_accel": 0.003382664001032232,
      "fcf_margin_change": -0.1691722051737376
    },
    {
      "date": "2025-03-31T00:00:00",
      "quarter_label": "2025-03 (Q1)",
      "revenue": 1010400000,
      "gross_profit": 403300000,
      "operating_income": 203100000,
      "net_income": 154900000,
      "opex": 200200000,
      "cogs": 607100000,
      "rd": 23600000,
      "sga": 176600000,
      "fcf": -55700000,
      "ocf": -38900000,
      "capex": -16800000,
      "gross_margin": 0.3991488519398258,
      "op_margin": 0.20100950118764846,
      "fcf_margin": -0.05512668250197941,
      "incr_op_margin_yoy": -3.2794117647058822,
      "rev_growth_yoy": -0.006685017695635077,
      "rev_growth_yoy_accel": 0.005197980476211358,
      "op_leverage_ratio": 0.39742269747443865,
      "fcf_margin_change": -0.12070382300973971
    },
    {
      "date": "2025-06-30T00:00:00",
      "quarter_label": "2025-06 (Q2)",
      "revenue": 1123100000,
      "gross_profit": 456600000,
      "operating_income": 217700000,
      "net_income": 148500000,
      "opex": 238900000,
      "cogs": 666500000,
      "rd": 25100000,
      "sga": 213800000,
      "fcf": 595700000,
      "ocf": 606600000,
      "capex": -10900000,
      "gross_margin": 0.4065532900008904,
      "op_margin": 0.19383848277090196,
      "fcf_margin": 0.5304069094470661,
      "incr_op_margin_yoy": -1.273109243697479,
      "rev_growth_yoy": 0.02165014099881743,
      "rev_growth_yoy_accel": 0.02833515869445251,
      "op_leverage_ratio": 0.5770104607175811,
      "fcf_margin_change": 0.5855335919490455
    },
    {
      "date": "2025-09-30T00:00:00",
      "quarter_label": "2025-09 (Q3)",
      "revenue": 1022000000,
      "gross_profit": 418600000,
      "operating_income": 231700000,
      "net_income": 184300000,
      "opex": 186900000,
      "cogs": 603400000,
      "rd": 24700000,
      "sga": 162200000,
      "fcf": 178900000,
      "ocf": 196300000,
      "capex": -17400000,
      "gross_margin": 0.4095890410958904,
      "op_margin": 0.2267123287671233,
      "fcf_margin": 0.17504892367906066,
      "incr_op_margin_yoy": 1.8111888111888113,
      "rev_growth_yoy": 0.02879001409301389,
      "rev_growth_yoy_accel": 0.007139873094196461,
      "fcf_margin_change": -0.3553579857680055
    }
  ],
  "signals": [
    {
      "quarter": "2025-09 (Q3)",
      "signal": "INCREMENTAL MARGIN (YoY)",
      "detail": "YoY Incr OPM: +181.1% vs year-ago OPM: +18.1%",
      "severity": "HIGH"
    },
    {
      "quarter": "2025-06 (Q2)",
      "signal": "FCF TURNED POSITIVE",
      "detail": "FCF margin: -5.5% -> +53.0%",
      "severity": "HIGH"
    },
    {
      "quarter": "2024-06 (Q2)",
      "signal": "FCF TURNED POSITIVE",
      "detail": "FCF margin: -12.5% -> +47.5%",
      "severity": "HIGH"
    },
    {
      "quarter": "2024-06 (Q2)",
      "signal": "INCREMENTAL MARGIN (YoY)",
      "detail": "YoY Incr OPM: +235.1% vs year-ago OPM: +19.3%",
      "severity": "HIGH"
    },
    {
      "quarter": "2023-09 (Q3)",
      "signal": "YoY REVENUE GROWTH DECELERATION",
      "detail": "YoY growth: -4.4% vs prior quarter YoY: +1.7% (decel: -6.1%)",
      "severity": "WARNING"
    },
    {
      "quarter": "2023-06 (Q2)",
      "signal": "FCF TURNED POSITIVE",
      "detail": "FCF margin: -12.0% -> +39.4%",
      "severity": "HIGH"
    },
    {
      "quarter": "2023-06 (Q2)",
      "signal": "INCREMENTAL MARGIN (YoY)",
      "detail": "YoY Incr OPM: +96.7% vs year-ago OPM: +17.9%",
      "severity": "HIGH"
    },
    {
      "quarter": "2023-03 (Q1)",
      "signal": "GROSS MARGIN INFLECTION",
      "detail": "GM: +33.0% -> +32.4% -> +37.1% (reversal +4.7%)",
      "severity": "MEDIUM"
    },
    {
      "quarter": "2023-03 (Q1)",
      "signal": "INCREMENTAL MARGIN (YoY)",
      "detail": "YoY Incr OPM: +130.3% vs year-ago OPM: +14.6%",
      "severity": "HIGH"
    },
    {
      "quarter": "2022-12 (Q4)",
      "signal": "YoY REVENUE GROWTH DECELERATION",
      "detail": "YoY growth: +1.4% vs prior quarter YoY: +8.9% (decel: -7.4%)",
      "severity": "WARNING"
    },
    {
      "quarter": "2022-06 (Q2)",
      "signal": "FCF TURNED POSITIVE",
      "detail": "FCF margin: -14.9% -> +26.7%",
      "severity": "HIGH"
    },
    {
      "quarter": "2022-03 (Q1)",
      "signal": "YoY REVENUE GROWTH DECELERATION",
      "detail": "YoY growth: +15.4% vs prior quarter YoY: +24.2% (decel: -8.8%)",
      "severity": "WARNING"
    },
    {
      "quarter": "2021-06 (Q2)",
      "signal": "FCF TURNED POSITIVE",
      "detail": "FCF margin: -3.7% -> +39.2%",
      "severity": "HIGH"
    }
  ],
  "data_quality": {
    "n_quarters": 20,
    "coverage": {
      "revenue": [
        20,
        20
      ],
      "gross_profit": [
        20,
        20
      ],
      "op_income": [
        20,
        20
      ],
      "fcf": [
        20,
        20
      ]
    },
    "gaps": [],
    "warnings": []
  },
  "market_cap": null,
  "source": "SEC EDGAR",
  "last_updated": "2026-02-02T20:21:37.522268"
}