{
  "ticker": "PNTG",
  "name": "THE PENNANT GROUP, INC.",
  "quarters": [
    {
      "date": "2020-12-31T00:00:00",
      "quarter_label": "2020-12 (Q4)",
      "revenue": 107967000,
      "gross_profit": 24927000,
      "operating_income": 4092000,
      "net_income": 4020000,
      "opex": 103875000,
      "cogs": 83040000,
      "rd": null,
      "sga": null,
      "fcf": -2444000,
      "ocf": -2883000,
      "capex": 439000,
      "gross_margin": 0.23087610103087056,
      "op_margin": 0.03790046958792965,
      "fcf_margin": -0.022636546352126113
    },
    {
      "date": "2021-03-31T00:00:00",
      "quarter_label": "2021-03 (Q1)",
      "revenue": 105663000,
      "gross_profit": 22041000,
      "operating_income": 1613000,
      "net_income": 950000,
      "opex": 104050000,
      "cogs": 83622000,
      "rd": null,
      "sga": null,
      "fcf": -8021000,
      "ocf": -7267000,
      "capex": -754000,
      "gross_margin": 0.20859714374946764,
      "op_margin": 0.015265513945278858,
      "fcf_margin": -0.0759111514910612,
      "fcf_margin_change": -0.05327460513893509
    },
    {
      "date": "2021-06-30T00:00:00",
      "quarter_label": "2021-06 (Q2)",
      "revenue": 110345000,
      "gross_profit": 23678000,
      "operating_income": 3569000,
      "net_income": 2650000,
      "opex": 106776000,
      "cogs": 86667000,
      "rd": null,
      "sga": null,
      "fcf": -6197000,
      "ocf": -4539000,
      "capex": -1658000,
      "gross_margin": 0.2145815397163442,
      "op_margin": 0.03234401196248131,
      "fcf_margin": -0.05616022474964883,
      "op_leverage_ratio": 1.6913157973984607,
      "fcf_margin_change": 0.01975092674141237
    },
    {
      "date": "2021-09-30T00:00:00",
      "quarter_label": "2021-09 (Q3)",
      "revenue": 111921000,
      "gross_profit": 22302000,
      "operating_income": 1702000,
      "net_income": 1245000,
      "opex": 110219000,
      "cogs": 89619000,
      "rd": null,
      "sga": null,
      "fcf": -2991000,
      "ocf": -1259000,
      "capex": -1732000,
      "gross_margin": 0.19926555338140295,
      "op_margin": 0.015207155046863412,
      "fcf_margin": -0.026724207253330474,
      "op_leverage_ratio": 0.4429351836035811,
      "fcf_margin_change": 0.029436017496318356
    },
    {
      "date": "2021-12-31T00:00:00",
      "quarter_label": "2021-12 (Q4)",
      "revenue": 111765000,
      "gross_profit": 18580000,
      "operating_income": -2189000,
      "net_income": -2149000,
      "opex": 113954000,
      "cogs": 93185000,
      "rd": null,
      "sga": null,
      "fcf": -7317000,
      "ocf": -5158000,
      "capex": -2159000,
      "gross_margin": 0.16624166778508478,
      "op_margin": -0.019585737932268598,
      "fcf_margin": -0.06546772245336197,
      "incr_op_margin_yoy": -1.65376513954713,
      "rev_growth_yoy": 0.03517741532134819,
      "fcf_margin_change": -0.03874351520003149
    },
    {
      "date": "2022-03-31T00:00:00",
      "quarter_label": "2022-03 (Q1)",
      "revenue": 113910000,
      "gross_profit": 23557000,
      "operating_income": 2326000,
      "net_income": 1014000,
      "opex": 111584000,
      "cogs": 90353000,
      "rd": null,
      "sga": null,
      "fcf": -6463000,
      "ocf": -4071000,
      "capex": -2392000,
      "gross_margin": 0.20680361689052762,
      "op_margin": 0.020419629532086734,
      "fcf_margin": -0.05673777543674831,
      "incr_op_margin_yoy": 0.08645568085364375,
      "rev_growth_yoy": 0.07805002697254479,
      "rev_growth_yoy_accel": 0.0428726116511966,
      "op_leverage_ratio": Infinity,
      "fcf_margin_change": 0.008729947016613657
    },
    {
      "date": "2022-06-30T00:00:00",
      "quarter_label": "2022-06 (Q2)",
      "revenue": 116316000,
      "gross_profit": 23600000,
      "operating_income": -3115000,
      "net_income": -2676000,
      "opex": 119431000,
      "cogs": 92716000,
      "rd": null,
      "sga": 9741000,
      "fcf": 3499000,
      "ocf": 8970000,
      "capex": -5471000,
      "gross_margin": 0.20289556037002648,
      "op_margin": -0.026780494514942053,
      "fcf_margin": 0.030081846005708585,
      "incr_op_margin_yoy": -1.119410484006029,
      "rev_growth_yoy": 0.05411210294983914,
      "rev_growth_yoy_accel": -0.02393792402270565,
      "op_leverage_ratio": 0.3003530484702178,
      "fcf_margin_change": 0.08681962144245689
    },
    {
      "date": "2022-09-30T00:00:00",
      "quarter_label": "2022-09 (Q3)",
      "revenue": 118350000,
      "gross_profit": 23670000,
      "operating_income": 7144000,
      "net_income": 4831000,
      "opex": 111206000,
      "cogs": 94680000,
      "rd": null,
      "sga": 5879000,
      "fcf": 5512000,
      "ocf": 8075000,
      "capex": -2563000,
      "gross_margin": 0.2,
      "op_margin": 0.06036332910857626,
      "fcf_margin": 0.04657372201098437,
      "incr_op_margin_yoy": 0.8464769015398973,
      "rev_growth_yoy": 0.057442303053046345,
      "rev_growth_yoy_accel": 0.003330200103207205,
      "op_leverage_ratio": Infinity,
      "fcf_margin_change": 0.016491876005275786
    },
    {
      "date": "2022-12-31T00:00:00",
      "quarter_label": "2022-12 (Q4)",
      "revenue": 124665000,
      "gross_profit": 25685000,
      "operating_income": 6384000,
      "net_income": 3474000,
      "opex": 118281000,
      "cogs": 98980000,
      "rd": null,
      "sga": 8328000,
      "fcf": -7674000,
      "ocf": -3930000,
      "capex": -3744000,
      "gross_margin": 0.20603216620543055,
      "op_margin": 0.05120924076525087,
      "fcf_margin": -0.061556972686800625,
      "incr_op_margin_yoy": 0.6645736434108527,
      "rev_growth_yoy": 0.11542074889276607,
      "rev_growth_yoy_accel": 0.05797844583971973,
      "op_leverage_ratio": 0.8387004348663379,
      "fcf_margin_change": -0.108130694697785
    },
    {
      "date": "2023-03-31T00:00:00",
      "quarter_label": "2023-03 (Q1)",
      "revenue": 126464000,
      "gross_profit": 23862000,
      "operating_income": 4280000,
      "net_income": 1850000,
      "opex": 122184000,
      "cogs": 102602000,
      "rd": null,
      "sga": 8705000,
      "fcf": 6682000,
      "ocf": 8996000,
      "capex": -2314000,
      "gross_margin": 0.18868610829959515,
      "op_margin": 0.033843623481781375,
      "fcf_margin": 0.05283717105263158,
      "incr_op_margin_yoy": 0.15564760235781425,
      "rev_growth_yoy": 0.11020981476604337,
      "rev_growth_yoy_accel": -0.005210934126722702,
      "op_leverage_ratio": 0.43732374477666247,
      "fcf_margin_change": 0.11439414373943221
    },
    {
      "date": "2023-06-30T00:00:00",
      "quarter_label": "2023-06 (Q2)",
      "revenue": 132281000,
      "gross_profit": 26105000,
      "operating_income": 6261000,
      "net_income": 2797000,
      "opex": 126020000,
      "cogs": 106176000,
      "rd": null,
      "sga": 8791000,
      "fcf": 4878000,
      "ocf": 6537000,
      "capex": -1659000,
      "gross_margin": 0.19734504577376946,
      "op_margin": 0.04733106039416091,
      "fcf_margin": 0.036876044178680234,
      "incr_op_margin_yoy": 0.5872846852489821,
      "rev_growth_yoy": 0.13725540768252004,
      "rev_growth_yoy_accel": 0.027045592916476666,
      "op_leverage_ratio": 1.4651020965084665,
      "fcf_margin_change": -0.015961126873951348
    },
    {
      "date": "2023-09-30T00:00:00",
      "quarter_label": "2023-09 (Q3)",
      "revenue": 140192000,
      "gross_profit": 27808000,
      "operating_income": 7061000,
      "net_income": 4383000,
      "opex": 133131000,
      "cogs": 112384000,
      "rd": null,
      "sga": 9417000,
      "fcf": 10604000,
      "ocf": 12377000,
      "capex": -1773000,
      "gross_margin": 0.1983565396028304,
      "op_margin": 0.05036664003652134,
      "fcf_margin": 0.07563912348778817,
      "incr_op_margin_yoy": -0.0038000183133412692,
      "rev_growth_yoy": 0.1845542881284326,
      "rev_growth_yoy_accel": 0.04729888044591257,
      "op_leverage_ratio": 1.0598458699510327,
      "fcf_margin_change": 0.03876307930910794
    },
    {
      "date": "2023-12-31T00:00:00",
      "quarter_label": "2023-12 (Q4)",
      "revenue": 145954000,
      "gross_profit": 29020000,
      "operating_income": 7567000,
      "net_income": 4349000,
      "opex": 138387000,
      "cogs": 116934000,
      "rd": null,
      "sga": 9754000,
      "fcf": 2821000,
      "ocf": 5180000,
      "capex": -2359000,
      "gross_margin": 0.1988297682831577,
      "op_margin": 0.05184510188141469,
      "fcf_margin": 0.019328007454403443,
      "incr_op_margin_yoy": 0.05556860350415708,
      "rev_growth_yoy": 0.17076966269602534,
      "rev_growth_yoy_accel": -0.013784625432407271,
      "op_leverage_ratio": 1.041055445226325,
      "fcf_margin_change": -0.056311116033384734
    },
    {
      "date": "2024-03-31T00:00:00",
      "quarter_label": "2024-03 (Q1)",
      "revenue": 156915000,
      "gross_profit": 30920000,
      "operating_income": 8524000,
      "net_income": 4906000,
      "opex": 148391000,
      "cogs": 125995000,
      "rd": null,
      "sga": 11436000,
      "fcf": -2599000,
      "ocf": 545000,
      "capex": -3144000,
      "gross_margin": 0.1970493579326387,
      "op_margin": 0.05432240384921773,
      "fcf_margin": -0.016563107414842432,
      "incr_op_margin_yoy": 0.13937144921349054,
      "rev_growth_yoy": 0.24078789220647773,
      "rev_growth_yoy_accel": 0.07001822951045239,
      "op_leverage_ratio": 1.0388570410113769,
      "fcf_margin_change": -0.03589111486924587
    },
    {
      "date": "2024-06-30T00:00:00",
      "quarter_label": "2024-06 (Q2)",
      "revenue": 168745000,
      "gross_profit": 33432000,
      "operating_income": 9562000,
      "net_income": 5690000,
      "opex": 159183000,
      "cogs": 135313000,
      "rd": null,
      "sga": 11878000,
      "fcf": 8873000,
      "ocf": 10491000,
      "capex": -1618000,
      "gross_margin": 0.1981214258200243,
      "op_margin": 0.05666538267800528,
      "fcf_margin": 0.05258229873477733,
      "incr_op_margin_yoy": 0.09052764370337868,
      "rev_growth_yoy": 0.27565561191705534,
      "rev_growth_yoy_accel": 0.034867719710577616,
      "op_leverage_ratio": 1.036635096595974,
      "fcf_margin_change": 0.06914540614961975
    },
    {
      "date": "2024-09-30T00:00:00",
      "quarter_label": "2024-09 (Q3)",
      "revenue": 180688000,
      "gross_profit": 36220000,
      "operating_income": 10794000,
      "net_income": 6205000,
      "opex": 169894000,
      "cogs": 144468000,
      "rd": null,
      "sga": 13023000,
      "fcf": 6785000,
      "ocf": 7693000,
      "capex": -908000,
      "gross_margin": 0.20045603471176834,
      "op_margin": 0.05973833348091738,
      "fcf_margin": 0.03755091649694501,
      "incr_op_margin_yoy": 0.0921819438956934,
      "rev_growth_yoy": 0.2888609906414061,
      "rev_growth_yoy_accel": 0.013205378724350736,
      "op_leverage_ratio": 1.0518387951336554,
      "fcf_margin_change": -0.01503138223783232
    },
    {
      "date": "2024-12-31T00:00:00",
      "quarter_label": "2024-12 (Q4)",
      "revenue": 188892000,
      "gross_profit": 36219000,
      "operating_income": 9236000,
      "net_income": 5758000,
      "opex": 179656000,
      "cogs": 152673000,
      "rd": null,
      "sga": 13872000,
      "fcf": 17247000,
      "ocf": 20569000,
      "capex": -3322000,
      "gross_margin": 0.19174448891430024,
      "op_margin": 0.0488956652478665,
      "fcf_margin": 0.09130614319293565,
      "incr_op_margin_yoy": 0.03886999860263636,
      "rev_growth_yoy": 0.29418857996355013,
      "rev_growth_yoy_accel": 0.005327589322144055,
      "op_leverage_ratio": 0.7901973685845681,
      "fcf_margin_change": 0.053755226695990636
    },
    {
      "date": "2025-03-31T00:00:00",
      "quarter_label": "2025-03 (Q1)",
      "revenue": 209842000,
      "gross_profit": 41097000,
      "operating_income": 12650000,
      "net_income": 7775000,
      "opex": 197192000,
      "cogs": 168745000,
      "rd": null,
      "sga": 14840000,
      "fcf": -23189000,
      "ocf": -21229000,
      "capex": -1960000,
      "gross_margin": 0.19584735181708143,
      "op_margin": 0.060283451358641264,
      "fcf_margin": -0.1105069528502397,
      "incr_op_margin_yoy": 0.07795643055529314,
      "rev_growth_yoy": 0.33729726284931333,
      "rev_growth_yoy_accel": 0.043108682885763194,
      "op_leverage_ratio": 1.1362702904343749,
      "fcf_margin_change": -0.20181309604317535
    },
    {
      "date": "2025-06-30T00:00:00",
      "quarter_label": "2025-06 (Q2)",
      "revenue": 219501000,
      "gross_profit": 42226000,
      "operating_income": 11528000,
      "net_income": 7085000,
      "opex": 207973000,
      "cogs": 177275000,
      "rd": null,
      "sga": 17597000,
      "fcf": 31579000,
      "ocf": 34643000,
      "capex": -3064000,
      "gross_margin": 0.19237269989658362,
      "op_margin": 0.05251912291971335,
      "fcf_margin": 0.14386722611742087,
      "incr_op_margin_yoy": 0.038734336827173144,
      "rev_growth_yoy": 0.30078520845062073,
      "rev_growth_yoy_accel": -0.036512054398692595,
      "op_leverage_ratio": 0.8419183882132347,
      "fcf_margin_change": 0.25437417896766057
    },
    {
      "date": "2025-09-30T00:00:00",
      "quarter_label": "2025-09 (Q3)",
      "revenue": 229039000,
      "gross_profit": 43609000,
      "operating_income": 10238000,
      "net_income": 6081000,
      "opex": 218801000,
      "cogs": 185430000,
      "rd": null,
      "sga": 19296000,
      "fcf": 10466000,
      "ocf": 13922000,
      "capex": -3456000,
      "gross_margin": 0.1903998882286423,
      "op_margin": 0.04469981094922699,
      "fcf_margin": 0.04569527460388842,
      "incr_op_margin_yoy": -0.011499245103513888,
      "rev_growth_yoy": 0.2675938634552378,
      "rev_growth_yoy_accel": -0.033191344995382954,
      "op_leverage_ratio": 0.8346021985215898,
      "fcf_margin_change": -0.09817195151353245
    }
  ],
  "signals": [
    {
      "quarter": "2025-06 (Q2)",
      "signal": "FCF TURNED POSITIVE",
      "detail": "FCF margin: -11.1% -> +14.4%",
      "severity": "HIGH"
    },
    {
      "quarter": "2024-12 (Q4)",
      "signal": "FCF MARGIN EXPANSION",
      "detail": "FCF margin: +3.8% -> +9.1% (+5.4%)",
      "severity": "MEDIUM"
    },
    {
      "quarter": "2024-06 (Q2)",
      "signal": "FCF TURNED POSITIVE",
      "detail": "FCF margin: -1.7% -> +5.3%",
      "severity": "HIGH"
    },
    {
      "quarter": "2024-03 (Q1)",
      "signal": "YoY REVENUE GROWTH ACCELERATION",
      "detail": "YoY growth: +24.1% vs prior quarter YoY: +17.1% (accel: +7.0%)",
      "severity": "MEDIUM"
    },
    {
      "quarter": "2024-03 (Q1)",
      "signal": "INCREMENTAL MARGIN (YoY)",
      "detail": "YoY Incr OPM: +13.9% vs year-ago OPM: +3.4%",
      "severity": "MEDIUM"
    },
    {
      "quarter": "2023-06 (Q2)",
      "signal": "OP MARGIN TURNED POSITIVE (YoY)",
      "detail": "Op margin: -2.7% (year-ago) -> +4.7%",
      "severity": "HIGH"
    },
    {
      "quarter": "2023-03 (Q1)",
      "signal": "FCF TURNED POSITIVE",
      "detail": "FCF margin: -6.2% -> +5.3%",
      "severity": "HIGH"
    },
    {
      "quarter": "2023-03 (Q1)",
      "signal": "INCREMENTAL MARGIN (YoY)",
      "detail": "YoY Incr OPM: +15.6% vs year-ago OPM: +2.0%",
      "severity": "MEDIUM"
    },
    {
      "quarter": "2022-12 (Q4)",
      "signal": "YoY REVENUE GROWTH ACCELERATION",
      "detail": "YoY growth: +11.5% vs prior quarter YoY: +5.7% (accel: +5.8%)",
      "severity": "MEDIUM"
    },
    {
      "quarter": "2022-12 (Q4)",
      "signal": "OP MARGIN TURNED POSITIVE (YoY)",
      "detail": "Op margin: -2.0% (year-ago) -> +5.1%",
      "severity": "HIGH"
    },
    {
      "quarter": "2022-09 (Q3)",
      "signal": "INCREMENTAL MARGIN (YoY)",
      "detail": "YoY Incr OPM: +84.6% vs year-ago OPM: +1.5%",
      "severity": "HIGH"
    },
    {
      "quarter": "2022-09 (Q3)",
      "signal": "OP MARGIN TURNED POSITIVE (QoQ)",
      "detail": "Op margin: -2.7% -> +6.0%",
      "severity": "HIGH"
    },
    {
      "quarter": "2022-06 (Q2)",
      "signal": "FCF TURNED POSITIVE",
      "detail": "FCF margin: -5.7% -> +3.0%",
      "severity": "HIGH"
    },
    {
      "quarter": "2022-03 (Q1)",
      "signal": "GROSS MARGIN INFLECTION",
      "detail": "GM: +19.9% -> +16.6% -> +20.7% (reversal +4.1%)",
      "severity": "MEDIUM"
    },
    {
      "quarter": "2022-03 (Q1)",
      "signal": "OP MARGIN TURNED POSITIVE (QoQ)",
      "detail": "Op margin: -2.0% -> +2.0%",
      "severity": "HIGH"
    },
    {
      "quarter": "2021-06 (Q2)",
      "signal": "OPERATING LEVERAGE",
      "detail": "Rev growth +4.4% vs OpEx growth +2.6% (leverage: 1.7x)",
      "severity": "MEDIUM"
    }
  ],
  "data_quality": {
    "n_quarters": 20,
    "coverage": {
      "revenue": [
        20,
        20
      ],
      "gross_profit": [
        20,
        20
      ],
      "op_income": [
        20,
        20
      ],
      "fcf": [
        20,
        20
      ]
    },
    "gaps": [],
    "warnings": []
  },
  "market_cap": null,
  "source": "SEC EDGAR",
  "last_updated": "2026-02-02T22:02:37.030041"
}