{
  "ticker": "POCI",
  "name": "PRECISION OPTICS CORPORATION, INC.",
  "quarters": [
    {
      "date": "2020-12-31T00:00:00",
      "quarter_label": "2020-12 (Q4)",
      "revenue": 2785450,
      "gross_profit": 854440,
      "operating_income": -212725,
      "net_income": -213454,
      "opex": 1067165,
      "cogs": 1931010,
      "rd": 145970,
      "sga": 921195,
      "fcf": -49647,
      "ocf": -44804,
      "capex": -4843,
      "gross_margin": 0.3067511533145452,
      "op_margin": -0.07637006587804485,
      "fcf_margin": -0.01782369096555314
    },
    {
      "date": "2021-03-31T00:00:00",
      "quarter_label": "2021-03 (Q1)",
      "revenue": 2458290,
      "gross_profit": 818024,
      "operating_income": -256018,
      "net_income": 552278,
      "opex": 1074042,
      "cogs": 1640266,
      "rd": 146063,
      "sga": 927979,
      "fcf": 128654,
      "ocf": 142020,
      "capex": -13366,
      "gross_margin": 0.332761391048249,
      "op_margin": -0.10414475102611978,
      "fcf_margin": 0.052334753019375256,
      "fcf_margin_change": 0.0701584439849284
    },
    {
      "date": "2021-06-30T00:00:00",
      "quarter_label": "2021-06 (Q2)",
      "revenue": 2673266,
      "gross_profit": 785943,
      "operating_income": -438440,
      "net_income": -442452,
      "opex": 1224383,
      "cogs": 1887323,
      "rd": 180644,
      "sga": 1043739,
      "fcf": 95206,
      "ocf": 121970,
      "capex": -26764,
      "gross_margin": 0.2940010459116302,
      "op_margin": -0.16400911843415508,
      "fcf_margin": 0.03561411397144915,
      "op_leverage_ratio": 0.6247419852108174,
      "fcf_margin_change": -0.016720639047926103
    },
    {
      "date": "2021-09-30T00:00:00",
      "quarter_label": "2021-09 (Q3)",
      "revenue": 2336344,
      "gross_profit": 639032,
      "operating_income": -571952,
      "net_income": -576801,
      "opex": 1210984,
      "cogs": 1697312,
      "rd": 105186,
      "sga": 933624,
      "fcf": -206665,
      "ocf": -182340,
      "capex": -24325,
      "gross_margin": 0.27351794085117603,
      "op_margin": -0.24480641549360882,
      "fcf_margin": -0.08845658002417452,
      "fcf_margin_change": -0.12407069399562368
    },
    {
      "date": "2021-12-31T00:00:00",
      "quarter_label": "2021-12 (Q4)",
      "revenue": 3897041,
      "gross_profit": 1119582,
      "operating_income": -460350,
      "net_income": -507013,
      "opex": 1579932,
      "cogs": 2777459,
      "rd": 113164,
      "sga": 1466768,
      "fcf": -537737,
      "ocf": -532823,
      "capex": -4914,
      "gross_margin": 0.2872902799842239,
      "op_margin": -0.11812808743864897,
      "fcf_margin": -0.13798597448679653,
      "incr_op_margin_yoy": -0.22276628724054082,
      "rev_growth_yoy": 0.39907052720386293,
      "op_leverage_ratio": 2.1925780000819537,
      "fcf_margin_change": -0.049529394462622015
    },
    {
      "date": "2022-03-31T00:00:00",
      "quarter_label": "2022-03 (Q1)",
      "revenue": 4651352,
      "gross_profit": 1728209,
      "operating_income": -61121,
      "net_income": -113899,
      "opex": 1789330,
      "cogs": 2923143,
      "rd": 214898,
      "sga": 1574432,
      "fcf": -195127,
      "ocf": -164804,
      "capex": -30323,
      "gross_margin": 0.371549820353308,
      "op_margin": -0.013140480445255487,
      "fcf_margin": -0.04195059844965507,
      "incr_op_margin_yoy": 0.08886980851430556,
      "rev_growth_yoy": 0.8921087422557957,
      "rev_growth_yoy_accel": 0.4930382150519328,
      "op_leverage_ratio": 1.4604319723641805,
      "fcf_margin_change": 0.09603537603714146
    },
    {
      "date": "2022-06-30T00:00:00",
      "quarter_label": "2022-06 (Q2)",
      "revenue": 4793511,
      "gross_profit": 1441364,
      "operating_income": -420467,
      "net_income": 269297,
      "opex": 1861831,
      "cogs": 3352147,
      "rd": 233231,
      "sga": 1638649,
      "fcf": -107039,
      "ocf": -53404,
      "capex": -53635,
      "gross_margin": 0.3006906628565158,
      "op_margin": -0.08771587256188626,
      "fcf_margin": -0.022329979007036805,
      "incr_op_margin_yoy": 0.008476850552648397,
      "rev_growth_yoy": 0.7931290788122095,
      "rev_growth_yoy_accel": -0.09897966344358622,
      "op_leverage_ratio": 0.7542956438010923,
      "fcf_margin_change": 0.019620619442618264
    },
    {
      "date": "2022-09-30T00:00:00",
      "quarter_label": "2022-09 (Q3)",
      "revenue": 5085301,
      "gross_profit": 1724654,
      "operating_income": -16589,
      "net_income": -73511,
      "opex": 1741243,
      "cogs": 3360647,
      "rd": 245477,
      "sga": 1495766,
      "fcf": 183715,
      "ocf": 199734,
      "capex": -16019,
      "gross_margin": 0.33914491983857004,
      "op_margin": -0.0032621471177418995,
      "fcf_margin": 0.03612667175453331,
      "incr_op_margin_yoy": 0.202026805075525,
      "rev_growth_yoy": 1.1766062703095093,
      "rev_growth_yoy_accel": 0.38347719149729975,
      "op_leverage_ratio": Infinity,
      "fcf_margin_change": 0.05845665076157011
    },
    {
      "date": "2022-12-31T00:00:00",
      "quarter_label": "2022-12 (Q4)",
      "revenue": 5886961,
      "gross_profit": 2725224,
      "operating_income": 696817,
      "net_income": 634420,
      "opex": 2028407,
      "cogs": 3161737,
      "rd": 208666,
      "sga": 1819741,
      "fcf": -180188,
      "ocf": -182624,
      "capex": 2436,
      "gross_margin": 0.46292543809955594,
      "op_margin": 0.11836616549693467,
      "fcf_margin": -0.030607982624651326,
      "incr_op_margin_yoy": 0.5815143322344617,
      "rev_growth_yoy": 0.5106233165111683,
      "rev_growth_yoy_accel": -0.6659829537983409,
      "op_leverage_ratio": 0.9558790422761801,
      "fcf_margin_change": -0.06673465437918463
    },
    {
      "date": "2023-03-31T00:00:00",
      "quarter_label": "2023-03 (Q1)",
      "revenue": 5048065,
      "gross_profit": 1736098,
      "operating_income": -493268,
      "net_income": -398432,
      "opex": 2229366,
      "cogs": 3311967,
      "rd": 206375,
      "sga": 2022991,
      "fcf": 502869,
      "ocf": 509296,
      "capex": -6427,
      "gross_margin": 0.34391355895773923,
      "op_margin": -0.09771427269656789,
      "fcf_margin": 0.0996161895696668,
      "rev_growth_yoy": 0.08528982540990232,
      "rev_growth_yoy_accel": -0.425333491101266,
      "fcf_margin_change": 0.13022417219431812
    },
    {
      "date": "2023-06-30T00:00:00",
      "quarter_label": "2023-06 (Q2)",
      "revenue": 5024140,
      "gross_profit": 1759125,
      "operating_income": -614543,
      "net_income": -96125,
      "opex": 2373668,
      "cogs": 3265015,
      "rd": 331857,
      "sga": 2041811,
      "fcf": -604270,
      "ocf": -607496,
      "capex": 3226,
      "gross_margin": 0.3501345503907136,
      "op_margin": -0.12231804846202535,
      "fcf_margin": -0.12027332040906503,
      "rev_growth_yoy": 0.04811275075826466,
      "rev_growth_yoy_accel": -0.03717707465163766,
      "fcf_margin_change": -0.21988950997873183
    },
    {
      "date": "2023-09-30T00:00:00",
      "quarter_label": "2023-09 (Q3)",
      "revenue": 4321255,
      "gross_profit": 1463611,
      "operating_income": -405293,
      "net_income": -464415,
      "opex": 1868904,
      "cogs": 2857644,
      "rd": 212758,
      "sga": 1656146,
      "fcf": -1403759,
      "ocf": -1372989,
      "capex": -30770,
      "gross_margin": 0.33870044697663065,
      "op_margin": -0.09379057704301182,
      "fcf_margin": -0.3248498410762614,
      "rev_growth_yoy": -0.15024597364049838,
      "rev_growth_yoy_accel": -0.19835872439876304,
      "fcf_margin_change": -0.2045765206671964
    },
    {
      "date": "2023-12-31T00:00:00",
      "quarter_label": "2023-12 (Q4)",
      "revenue": 4824289,
      "gross_profit": 1450976,
      "operating_income": -704162,
      "net_income": -758802,
      "opex": 2155138,
      "cogs": 3373313,
      "rd": 221728,
      "sga": 1933410,
      "fcf": -241305,
      "ocf": -119835,
      "capex": -121470,
      "gross_margin": 0.3007647344510248,
      "op_margin": -0.14596181945152953,
      "fcf_margin": -0.05001876960522058,
      "incr_op_margin_yoy": 1.318355052170378,
      "rev_growth_yoy": -0.18051283166306012,
      "rev_growth_yoy_accel": -0.030266858022561738,
      "op_leverage_ratio": 0.7600693480742917,
      "fcf_margin_change": 0.27483107147104086
    },
    {
      "date": "2024-03-31T00:00:00",
      "quarter_label": "2024-03 (Q1)",
      "revenue": 5242579,
      "gross_profit": 1858737,
      "operating_income": -258527,
      "net_income": -317055,
      "opex": 2117264,
      "cogs": 3383842,
      "rd": 192773,
      "sga": 1924491,
      "fcf": -322738,
      "ocf": -214174,
      "capex": -108564,
      "gross_margin": 0.3545463024973014,
      "op_margin": -0.04931294311444806,
      "fcf_margin": -0.06156092259172442,
      "rev_growth_yoy": 0.03853238815268821,
      "rev_growth_yoy_accel": 0.21904521981574832,
      "op_leverage_ratio": Infinity,
      "fcf_margin_change": -0.011542152986503837
    },
    {
      "date": "2024-06-30T00:00:00",
      "quarter_label": "2024-06 (Q2)",
      "revenue": 4716227,
      "gross_profit": 1024453,
      "operating_income": -1356351,
      "net_income": -1411105,
      "opex": 2380804,
      "cogs": 3691774,
      "rd": 354522,
      "sga": 2026282,
      "fcf": -987645,
      "ocf": -976014,
      "capex": -11631,
      "gross_margin": 0.21721876406712398,
      "op_margin": -0.2875923911211229,
      "fcf_margin": -0.20941422030788595,
      "rev_growth_yoy": -0.06128670777486296,
      "rev_growth_yoy_accel": -0.09981909592755117,
      "fcf_margin_change": -0.14785329771616154
    },
    {
      "date": "2024-09-30T00:00:00",
      "quarter_label": "2024-09 (Q3)",
      "revenue": 4197053,
      "gross_profit": 1117330,
      "operating_income": -1246941,
      "net_income": -1311247,
      "opex": 2364271,
      "cogs": 3079723,
      "rd": 400659,
      "sga": 1963612,
      "fcf": -342971,
      "ocf": -318622,
      "capex": -24349,
      "gross_margin": 0.2662177485011507,
      "op_margin": -0.2970991788762258,
      "fcf_margin": -0.08171710006997768,
      "rev_growth_yoy": -0.028742113112972967,
      "rev_growth_yoy_accel": 0.03254459466189,
      "fcf_margin_change": 0.12769712023790827
    },
    {
      "date": "2024-12-31T00:00:00",
      "quarter_label": "2024-12 (Q4)",
      "revenue": 4526907,
      "gross_profit": 1069942,
      "operating_income": -910021,
      "net_income": -969681,
      "opex": 1979963,
      "cogs": 3456965,
      "rd": 317747,
      "sga": 1662216,
      "fcf": -816630,
      "ocf": -786809,
      "capex": -29821,
      "gross_margin": 0.23635166350888145,
      "op_margin": -0.2010248940391309,
      "fcf_margin": -0.18039469333034674,
      "rev_growth_yoy": -0.061642658638402466,
      "rev_growth_yoy_accel": -0.032900545525429495,
      "op_leverage_ratio": Infinity,
      "fcf_margin_change": -0.09867759326036907
    },
    {
      "date": "2025-03-31T00:00:00",
      "quarter_label": "2025-03 (Q1)",
      "revenue": 4185968,
      "gross_profit": 417975,
      "operating_income": -2038285,
      "net_income": -2096761,
      "opex": 2456260,
      "cogs": 3767993,
      "rd": 211242,
      "sga": 2245018,
      "fcf": -1999549,
      "ocf": -1872734,
      "capex": -126815,
      "gross_margin": 0.09985145610286557,
      "op_margin": -0.48693277158353815,
      "fcf_margin": -0.47767899802387404,
      "incr_op_margin_yoy": 1.684402301319975,
      "rev_growth_yoy": -0.20154412551532366,
      "rev_growth_yoy_accel": -0.1399014668769212,
      "fcf_margin_change": -0.2972843046935273
    },
    {
      "date": "2025-06-30T00:00:00",
      "quarter_label": "2025-06 (Q2)",
      "revenue": 6181341,
      "gross_profit": 799186,
      "operating_income": -1356044,
      "net_income": -1402557,
      "opex": 2155230,
      "cogs": 5382155,
      "rd": 228315,
      "sga": 1926915,
      "fcf": -615459,
      "ocf": -569235,
      "capex": -46224,
      "gross_margin": 0.1292900682877712,
      "op_margin": -0.2193769927916936,
      "fcf_margin": -0.09956722982925549,
      "incr_op_margin_yoy": 0.00020954000849080686,
      "rev_growth_yoy": 0.31065383409237934,
      "rev_growth_yoy_accel": 0.512197959607703,
      "op_leverage_ratio": Infinity,
      "fcf_margin_change": 0.37811176819461856
    },
    {
      "date": "2025-09-30T00:00:00",
      "quarter_label": "2025-09 (Q3)",
      "revenue": 6680823,
      "gross_profit": 946358,
      "operating_income": -1595255,
      "net_income": -1637030,
      "opex": 2541613,
      "cogs": 5734465,
      "rd": 311840,
      "sga": 2229773,
      "fcf": 78227,
      "ocf": 78227,
      "capex": null,
      "gross_margin": 0.14165290713434558,
      "op_margin": -0.23878121003954153,
      "fcf_margin": 0.01170918612871498,
      "incr_op_margin_yoy": -0.14023601219114493,
      "rev_growth_yoy": 0.5917890481726107,
      "rev_growth_yoy_accel": 0.28113521408023134,
      "op_leverage_ratio": 0.45072614737732575,
      "fcf_margin_change": 0.11127641595797047
    }
  ],
  "signals": [
    {
      "quarter": "2025-09 (Q3)",
      "signal": "FCF TURNED POSITIVE",
      "detail": "FCF margin: -10.0% -> +1.2%",
      "severity": "HIGH"
    },
    {
      "quarter": "2025-09 (Q3)",
      "signal": "YoY REVENUE GROWTH ACCELERATION",
      "detail": "YoY growth: +59.2% vs prior quarter YoY: +31.1% (accel: +28.1%)",
      "severity": "HIGH"
    },
    {
      "quarter": "2025-06 (Q2)",
      "signal": "FCF MARGIN EXPANSION",
      "detail": "FCF margin: -47.8% -> -10.0% (+37.8%)",
      "severity": "MEDIUM"
    },
    {
      "quarter": "2025-06 (Q2)",
      "signal": "GROSS MARGIN INFLECTION",
      "detail": "GM: +23.6% -> +10.0% -> +12.9% (reversal +2.9%)",
      "severity": "MEDIUM"
    },
    {
      "quarter": "2025-06 (Q2)",
      "signal": "YoY REVENUE GROWTH ACCELERATION",
      "detail": "YoY growth: +31.1% vs prior quarter YoY: -20.2% (accel: +51.2%)",
      "severity": "HIGH"
    },
    {
      "quarter": "2025-03 (Q1)",
      "signal": "YoY REVENUE GROWTH DECELERATION",
      "detail": "YoY growth: -20.2% vs prior quarter YoY: -6.2% (decel: -14.0%)",
      "severity": "WARNING"
    },
    {
      "quarter": "2024-09 (Q3)",
      "signal": "FCF MARGIN EXPANSION",
      "detail": "FCF margin: -20.9% -> -8.2% (+12.8%)",
      "severity": "MEDIUM"
    },
    {
      "quarter": "2024-09 (Q3)",
      "signal": "GROSS MARGIN INFLECTION",
      "detail": "GM: +35.5% -> +21.7% -> +26.6% (reversal +4.9%)",
      "severity": "MEDIUM"
    },
    {
      "quarter": "2024-06 (Q2)",
      "signal": "YoY REVENUE GROWTH DECELERATION",
      "detail": "YoY growth: -6.1% vs prior quarter YoY: +3.9% (decel: -10.0%)",
      "severity": "WARNING"
    },
    {
      "quarter": "2024-03 (Q1)",
      "signal": "GROSS MARGIN INFLECTION",
      "detail": "GM: +33.9% -> +30.1% -> +35.5% (reversal +5.4%)",
      "severity": "HIGH"
    },
    {
      "quarter": "2024-03 (Q1)",
      "signal": "YoY REVENUE GROWTH ACCELERATION",
      "detail": "YoY growth: +3.9% vs prior quarter YoY: -18.1% (accel: +21.9%)",
      "severity": "HIGH"
    },
    {
      "quarter": "2023-12 (Q4)",
      "signal": "FCF MARGIN EXPANSION",
      "detail": "FCF margin: -32.5% -> -5.0% (+27.5%)",
      "severity": "MEDIUM"
    },
    {
      "quarter": "2023-09 (Q3)",
      "signal": "YoY REVENUE GROWTH DECELERATION",
      "detail": "YoY growth: -15.0% vs prior quarter YoY: +4.8% (decel: -19.8%)",
      "severity": "WARNING"
    },
    {
      "quarter": "2023-03 (Q1)",
      "signal": "FCF TURNED POSITIVE",
      "detail": "FCF margin: -3.1% -> +10.0%",
      "severity": "HIGH"
    },
    {
      "quarter": "2023-03 (Q1)",
      "signal": "YoY REVENUE GROWTH DECELERATION",
      "detail": "YoY growth: +8.5% vs prior quarter YoY: +51.1% (decel: -42.5%)",
      "severity": "WARNING"
    },
    {
      "quarter": "2022-12 (Q4)",
      "signal": "YoY REVENUE GROWTH DECELERATION",
      "detail": "YoY growth: +51.1% vs prior quarter YoY: +117.7% (decel: -66.6%)",
      "severity": "WARNING"
    },
    {
      "quarter": "2022-12 (Q4)",
      "signal": "OP MARGIN TURNED POSITIVE (YoY)",
      "detail": "Op margin: -11.8% (year-ago) -> +11.8%",
      "severity": "HIGH"
    },
    {
      "quarter": "2022-12 (Q4)",
      "signal": "OP MARGIN TURNED POSITIVE (QoQ)",
      "detail": "Op margin: -0.3% -> +11.8%",
      "severity": "HIGH"
    },
    {
      "quarter": "2022-09 (Q3)",
      "signal": "FCF TURNED POSITIVE",
      "detail": "FCF margin: -2.2% -> +3.6%",
      "severity": "HIGH"
    },
    {
      "quarter": "2022-09 (Q3)",
      "signal": "GROSS MARGIN INFLECTION",
      "detail": "GM: +37.2% -> +30.1% -> +33.9% (reversal +3.8%)",
      "severity": "MEDIUM"
    },
    {
      "quarter": "2022-09 (Q3)",
      "signal": "YoY REVENUE GROWTH ACCELERATION",
      "detail": "YoY growth: +117.7% vs prior quarter YoY: +79.3% (accel: +38.3%)",
      "severity": "HIGH"
    },
    {
      "quarter": "2022-06 (Q2)",
      "signal": "YoY REVENUE GROWTH DECELERATION",
      "detail": "YoY growth: +79.3% vs prior quarter YoY: +89.2% (decel: -9.9%)",
      "severity": "WARNING"
    },
    {
      "quarter": "2022-03 (Q1)",
      "signal": "FCF MARGIN EXPANSION",
      "detail": "FCF margin: -13.8% -> -4.2% (+9.6%)",
      "severity": "MEDIUM"
    },
    {
      "quarter": "2022-03 (Q1)",
      "signal": "YoY REVENUE GROWTH ACCELERATION",
      "detail": "YoY growth: +89.2% vs prior quarter YoY: +39.9% (accel: +49.3%)",
      "severity": "HIGH"
    },
    {
      "quarter": "2021-12 (Q4)",
      "signal": "OPERATING LEVERAGE",
      "detail": "Rev growth +66.8% vs OpEx growth +30.5% (leverage: 2.2x)",
      "severity": "MEDIUM"
    },
    {
      "quarter": "2021-03 (Q1)",
      "signal": "FCF TURNED POSITIVE",
      "detail": "FCF margin: -1.8% -> +5.2%",
      "severity": "HIGH"
    }
  ],
  "data_quality": {
    "n_quarters": 20,
    "coverage": {
      "revenue": [
        20,
        20
      ],
      "gross_profit": [
        20,
        20
      ],
      "op_income": [
        20,
        20
      ],
      "fcf": [
        20,
        20
      ]
    },
    "gaps": [],
    "warnings": []
  },
  "market_cap": null,
  "source": "SEC EDGAR",
  "last_updated": "2026-02-02T23:44:59.032520"
}