{
  "ticker": "PODC",
  "name": "PODCASTONE, INC.",
  "quarters": [
    {
      "date": "2022-06-30T00:00:00",
      "quarter_label": "2022-06 (Q2)",
      "revenue": 8716000,
      "gross_profit": 2135000,
      "operating_income": -481000,
      "net_income": -481000,
      "opex": 2616000,
      "cogs": 6581000,
      "rd": 65000,
      "sga": null,
      "fcf": 814000,
      "ocf": 868000,
      "capex": -54000,
      "gross_margin": 0.24495181275814593,
      "op_margin": -0.05518586507572281,
      "fcf_margin": 0.09339146397430013
    },
    {
      "date": "2022-09-30T00:00:00",
      "quarter_label": "2022-09 (Q3)",
      "revenue": 8497000,
      "gross_profit": 2169000,
      "operating_income": 198000,
      "net_income": -457000,
      "opex": 8299000,
      "cogs": 6328000,
      "rd": 43000,
      "sga": null,
      "fcf": null,
      "ocf": null,
      "capex": null,
      "gross_margin": 0.2552665646698835,
      "op_margin": 0.023302342003059903,
      "fcf_margin": null
    },
    {
      "date": "2022-12-31T00:00:00",
      "quarter_label": "2022-12 (Q4)",
      "revenue": 8589000,
      "gross_profit": 1544000,
      "operating_income": -733000,
      "net_income": -2078000,
      "opex": 9322000,
      "cogs": 7045000,
      "rd": 26000,
      "sga": null,
      "fcf": null,
      "ocf": null,
      "capex": null,
      "gross_margin": 0.17976481546163697,
      "op_margin": -0.08534171614856212,
      "fcf_margin": null,
      "op_leverage_ratio": 0.0878359575129213
    },
    {
      "date": "2023-03-31T00:00:00",
      "quarter_label": "2023-03 (Q1)",
      "revenue": 8843000,
      "gross_profit": 1218000,
      "operating_income": -819000,
      "net_income": -3951000,
      "opex": 9662000,
      "cogs": 7625000,
      "rd": 178000,
      "sga": null,
      "fcf": -407000,
      "ocf": -350000,
      "capex": -57000,
      "gross_margin": 0.1377360624222549,
      "op_margin": -0.09261562818048173,
      "fcf_margin": -0.04602510460251046,
      "op_leverage_ratio": 0.8108141055933376
    },
    {
      "date": "2023-06-30T00:00:00",
      "quarter_label": "2023-06 (Q2)",
      "revenue": 10637000,
      "gross_profit": 2415000,
      "operating_income": 193000,
      "net_income": -210000,
      "opex": 10444000,
      "cogs": 8222000,
      "rd": 27000,
      "sga": null,
      "fcf": -94000,
      "ocf": -46000,
      "capex": -48000,
      "gross_margin": 0.2270376985992291,
      "op_margin": 0.018144213594058475,
      "fcf_margin": -0.00883707812353107,
      "incr_op_margin_yoy": 0.3508589276418532,
      "rev_growth_yoy": 0.22039926571821936,
      "op_leverage_ratio": 2.506588794061105,
      "fcf_margin_change": 0.03718802647897939
    },
    {
      "date": "2023-09-30T00:00:00",
      "quarter_label": "2023-09 (Q3)",
      "revenue": 10516000,
      "gross_profit": 1459000,
      "operating_income": -1426000,
      "net_income": -10873000,
      "opex": 11942000,
      "cogs": 9057000,
      "rd": 28000,
      "sga": null,
      "fcf": 559000,
      "ocf": 627000,
      "capex": -68000,
      "gross_margin": 0.13874096614682388,
      "op_margin": -0.13560289083301635,
      "fcf_margin": 0.053157093952073034,
      "incr_op_margin_yoy": -0.804358593363051,
      "rev_growth_yoy": 0.237613275273626,
      "rev_growth_yoy_accel": 0.01721400955540664,
      "fcf_margin_change": 0.061994172075604106
    },
    {
      "date": "2023-12-31T00:00:00",
      "quarter_label": "2023-12 (Q4)",
      "revenue": 10442000,
      "gross_profit": 1055000,
      "operating_income": -2600000,
      "net_income": -2600000,
      "opex": 13042000,
      "cogs": 9387000,
      "rd": 15000,
      "sga": null,
      "fcf": 1066000,
      "ocf": 1205000,
      "capex": -139000,
      "gross_margin": 0.10103428461980464,
      "op_margin": -0.24899444550852326,
      "fcf_margin": 0.10208772265849454,
      "incr_op_margin_yoy": -1.0075553157042634,
      "rev_growth_yoy": 0.2157410641518221,
      "rev_growth_yoy_accel": -0.021872211121803903,
      "fcf_margin_change": 0.04893062870642151
    },
    {
      "date": "2024-03-31T00:00:00",
      "quarter_label": "2024-03 (Q1)",
      "revenue": 11707000,
      "gross_profit": 1047000,
      "operating_income": -1178000,
      "net_income": -1049000,
      "opex": 12885000,
      "cogs": 10660000,
      "rd": 15000,
      "sga": null,
      "fcf": 362000,
      "ocf": 425000,
      "capex": -63000,
      "gross_margin": 0.08943367216195439,
      "op_margin": -0.10062355855471086,
      "fcf_margin": 0.030921670795250704,
      "incr_op_margin_yoy": -0.1253491620111732,
      "rev_growth_yoy": 0.32387198914395565,
      "rev_growth_yoy_accel": 0.10813092499213356,
      "op_leverage_ratio": Infinity,
      "fcf_margin_change": -0.07116605186324385
    },
    {
      "date": "2024-06-30T00:00:00",
      "quarter_label": "2024-06 (Q2)",
      "revenue": 13159000,
      "gross_profit": 1450000,
      "operating_income": -1366000,
      "net_income": -1366000,
      "opex": 14525000,
      "cogs": 11709000,
      "rd": 18000,
      "sga": null,
      "fcf": -554000,
      "ocf": -480000,
      "capex": -74000,
      "gross_margin": 0.11019074397750589,
      "op_margin": -0.10380728018846416,
      "fcf_margin": -0.04210046356106087,
      "incr_op_margin_yoy": -0.6181601903251388,
      "rev_growth_yoy": 0.23709692582495065,
      "rev_growth_yoy_accel": -0.086775063319005,
      "op_leverage_ratio": 0.974454516476488,
      "fcf_margin_change": -0.07302213435631158
    },
    {
      "date": "2024-09-30T00:00:00",
      "quarter_label": "2024-09 (Q3)",
      "revenue": 12154000,
      "gross_profit": 1012000,
      "operating_income": -1658000,
      "net_income": -1669000,
      "opex": 13812000,
      "cogs": 11142000,
      "rd": 13000,
      "sga": null,
      "fcf": 464000,
      "ocf": 525000,
      "capex": -61000,
      "gross_margin": 0.08326476880039493,
      "op_margin": -0.13641599473424387,
      "fcf_margin": 0.03817673194010202,
      "incr_op_margin_yoy": -0.14163614163614163,
      "rev_growth_yoy": 0.15576264739444656,
      "rev_growth_yoy_accel": -0.08133427843050409,
      "fcf_margin_change": 0.08027719550116288
    },
    {
      "date": "2024-12-31T00:00:00",
      "quarter_label": "2024-12 (Q4)",
      "revenue": 12710000,
      "gross_profit": 727000,
      "operating_income": -1582000,
      "net_income": -1583000,
      "opex": 14292000,
      "cogs": 11983000,
      "rd": 9000,
      "sga": null,
      "fcf": -783000,
      "ocf": -763000,
      "capex": -20000,
      "gross_margin": 0.057199055861526356,
      "op_margin": -0.12446892210857592,
      "fcf_margin": -0.061605035405192764,
      "incr_op_margin_yoy": 0.4488536155202822,
      "rev_growth_yoy": 0.21719977015897338,
      "rev_growth_yoy_accel": 0.061437122764526814,
      "op_leverage_ratio": 1.3163485272338324,
      "fcf_margin_change": -0.09978176734529479
    },
    {
      "date": "2025-03-31T00:00:00",
      "quarter_label": "2025-03 (Q1)",
      "revenue": 14097000,
      "gross_profit": 1537000,
      "operating_income": -1828000,
      "net_income": -1840000,
      "opex": 15925000,
      "cogs": 12560000,
      "rd": 12000,
      "sga": null,
      "fcf": 507000,
      "ocf": 506000,
      "capex": 1000,
      "gross_margin": 0.10903029013265234,
      "op_margin": -0.12967298006668085,
      "fcf_margin": 0.03596509895722494,
      "incr_op_margin_yoy": -0.2719665271966527,
      "rev_growth_yoy": 0.20415136243273255,
      "rev_growth_yoy_accel": -0.01304840772624083,
      "op_leverage_ratio": 0.9550755633586007,
      "fcf_margin_change": 0.09757013436241771
    },
    {
      "date": "2025-06-30T00:00:00",
      "quarter_label": "2025-06 (Q2)",
      "revenue": 14994000,
      "gross_profit": 1439000,
      "operating_income": -1054000,
      "net_income": -1054000,
      "opex": 16048000,
      "cogs": 13555000,
      "rd": 12000,
      "sga": null,
      "fcf": 791000,
      "ocf": 903000,
      "capex": -112000,
      "gross_margin": 0.09597172202214219,
      "op_margin": -0.07029478458049887,
      "fcf_margin": 0.052754435107376284,
      "incr_op_margin_yoy": 0.17002724795640328,
      "rev_growth_yoy": 0.1394482863439471,
      "rev_growth_yoy_accel": -0.06470307608878545,
      "op_leverage_ratio": 8.238346854632624,
      "fcf_margin_change": 0.016789336150151345
    },
    {
      "date": "2025-09-30T00:00:00",
      "quarter_label": "2025-09 (Q3)",
      "revenue": 15156000,
      "gross_profit": 1613000,
      "operating_income": -975000,
      "net_income": -975000,
      "opex": 16131000,
      "cogs": 13543000,
      "rd": 11000,
      "sga": null,
      "fcf": 877000,
      "ocf": 877000,
      "capex": null,
      "gross_margin": 0.10642649775666403,
      "op_margin": -0.06433095803642122,
      "fcf_margin": 0.057864871997888624,
      "incr_op_margin_yoy": 0.22751499000666223,
      "rev_growth_yoy": 0.246996873457298,
      "rev_growth_yoy_accel": 0.10754858711335091,
      "op_leverage_ratio": 2.08900909761495,
      "fcf_margin_change": 0.00511043689051234
    }
  ],
  "signals": [
    {
      "quarter": "2025-09 (Q3)",
      "signal": "OPERATING LEVERAGE",
      "detail": "Rev growth +1.1% vs OpEx growth +0.5% (leverage: 2.1x)",
      "severity": "MEDIUM"
    },
    {
      "quarter": "2025-09 (Q3)",
      "signal": "YoY REVENUE GROWTH ACCELERATION",
      "detail": "YoY growth: +24.7% vs prior quarter YoY: +13.9% (accel: +10.8%)",
      "severity": "MEDIUM"
    },
    {
      "quarter": "2025-06 (Q2)",
      "signal": "OPERATING LEVERAGE",
      "detail": "Rev growth +6.4% vs OpEx growth +0.8% (leverage: 8.2x)",
      "severity": "MEDIUM"
    },
    {
      "quarter": "2025-06 (Q2)",
      "signal": "YoY REVENUE GROWTH DECELERATION",
      "detail": "YoY growth: +13.9% vs prior quarter YoY: +20.4% (decel: -6.5%)",
      "severity": "WARNING"
    },
    {
      "quarter": "2025-03 (Q1)",
      "signal": "FCF TURNED POSITIVE",
      "detail": "FCF margin: -6.2% -> +3.6%",
      "severity": "HIGH"
    },
    {
      "quarter": "2025-03 (Q1)",
      "signal": "GROSS MARGIN INFLECTION",
      "detail": "GM: +8.3% -> +5.7% -> +10.9% (reversal +5.2%)",
      "severity": "HIGH"
    },
    {
      "quarter": "2024-12 (Q4)",
      "signal": "YoY REVENUE GROWTH ACCELERATION",
      "detail": "YoY growth: +21.7% vs prior quarter YoY: +15.6% (accel: +6.1%)",
      "severity": "MEDIUM"
    },
    {
      "quarter": "2024-09 (Q3)",
      "signal": "FCF TURNED POSITIVE",
      "detail": "FCF margin: -4.2% -> +3.8%",
      "severity": "HIGH"
    },
    {
      "quarter": "2024-09 (Q3)",
      "signal": "YoY REVENUE GROWTH DECELERATION",
      "detail": "YoY growth: +15.6% vs prior quarter YoY: +23.7% (decel: -8.1%)",
      "severity": "WARNING"
    },
    {
      "quarter": "2024-06 (Q2)",
      "signal": "GROSS MARGIN INFLECTION",
      "detail": "GM: +10.1% -> +8.9% -> +11.0% (reversal +2.1%)",
      "severity": "MEDIUM"
    },
    {
      "quarter": "2024-06 (Q2)",
      "signal": "YoY REVENUE GROWTH DECELERATION",
      "detail": "YoY growth: +23.7% vs prior quarter YoY: +32.4% (decel: -8.7%)",
      "severity": "WARNING"
    },
    {
      "quarter": "2024-03 (Q1)",
      "signal": "YoY REVENUE GROWTH ACCELERATION",
      "detail": "YoY growth: +32.4% vs prior quarter YoY: +21.6% (accel: +10.8%)",
      "severity": "MEDIUM"
    },
    {
      "quarter": "2023-09 (Q3)",
      "signal": "FCF TURNED POSITIVE",
      "detail": "FCF margin: -0.9% -> +5.3%",
      "severity": "HIGH"
    },
    {
      "quarter": "2023-06 (Q2)",
      "signal": "OPERATING LEVERAGE",
      "detail": "Rev growth +20.3% vs OpEx growth +8.1% (leverage: 2.5x)",
      "severity": "MEDIUM"
    },
    {
      "quarter": "2023-06 (Q2)",
      "signal": "GROSS MARGIN INFLECTION",
      "detail": "GM: +18.0% -> +13.8% -> +22.7% (reversal +8.9%)",
      "severity": "HIGH"
    },
    {
      "quarter": "2023-06 (Q2)",
      "signal": "OP MARGIN TURNED POSITIVE (YoY)",
      "detail": "Op margin: -5.5% (year-ago) -> +1.8%",
      "severity": "HIGH"
    },
    {
      "quarter": "2023-06 (Q2)",
      "signal": "OP MARGIN TURNED POSITIVE (QoQ)",
      "detail": "Op margin: -9.3% -> +1.8%",
      "severity": "HIGH"
    },
    {
      "quarter": "2022-09 (Q3)",
      "signal": "OP MARGIN TURNED POSITIVE (QoQ)",
      "detail": "Op margin: -5.5% -> +2.3%",
      "severity": "HIGH"
    }
  ],
  "data_quality": {
    "n_quarters": 14,
    "coverage": {
      "revenue": [
        14,
        14
      ],
      "gross_profit": [
        14,
        14
      ],
      "op_income": [
        14,
        14
      ],
      "fcf": [
        12,
        14
      ]
    },
    "gaps": [],
    "warnings": []
  },
  "market_cap": null,
  "source": "SEC EDGAR",
  "last_updated": "2026-02-02T23:31:31.112026"
}