{
  "ticker": "PODD",
  "name": "INSULET CORPORATION",
  "quarters": [
    {
      "date": "2020-12-31T00:00:00",
      "quarter_label": "2020-12 (Q4)",
      "revenue": 246100000,
      "gross_profit": 161100000,
      "operating_income": -7300000,
      "net_income": -17100000,
      "opex": 168400000,
      "cogs": 85000000,
      "rd": 38300000,
      "sga": null,
      "fcf": -33800000,
      "ocf": 17000000,
      "capex": -50800000,
      "gross_margin": 0.6546119463632669,
      "op_margin": -0.029662738724095895,
      "fcf_margin": -0.1373425436814303
    },
    {
      "date": "2021-03-31T00:00:00",
      "quarter_label": "2021-03 (Q1)",
      "revenue": 252300000,
      "gross_profit": 167500000,
      "operating_income": 16300000,
      "net_income": 0,
      "opex": 151200000,
      "cogs": 84800000,
      "rd": 40700000,
      "sga": null,
      "fcf": -68000000,
      "ocf": -35100000,
      "capex": -32900000,
      "gross_margin": 0.6638921918351169,
      "op_margin": 0.06460562822037257,
      "fcf_margin": -0.26952041220768924,
      "op_leverage_ratio": Infinity,
      "fcf_margin_change": -0.13217786852625893
    },
    {
      "date": "2021-06-30T00:00:00",
      "quarter_label": "2021-06 (Q2)",
      "revenue": 263200000,
      "gross_profit": 182700000,
      "operating_income": 26300000,
      "net_income": -25000000,
      "opex": 156400000,
      "cogs": 80500000,
      "rd": 40100000,
      "sga": null,
      "fcf": -1600000,
      "ocf": 18300000,
      "capex": -19900000,
      "gross_margin": 0.6941489361702128,
      "op_margin": 0.09992401215805471,
      "fcf_margin": -0.0060790273556231,
      "op_leverage_ratio": 1.256196835269368,
      "fcf_margin_change": 0.26344138485206614
    },
    {
      "date": "2021-09-30T00:00:00",
      "quarter_label": "2021-09 (Q3)",
      "revenue": 275600000,
      "gross_profit": 188700000,
      "operating_income": 33700000,
      "net_income": 12600000,
      "opex": 155000000,
      "cogs": 86900000,
      "rd": 37500000,
      "sga": null,
      "fcf": -53100000,
      "ocf": -25800000,
      "capex": -27300000,
      "gross_margin": 0.6846879535558781,
      "op_margin": 0.12227866473149492,
      "fcf_margin": -0.19267053701015965,
      "op_leverage_ratio": Infinity,
      "fcf_margin_change": -0.18659150965453655
    },
    {
      "date": "2021-12-31T00:00:00",
      "quarter_label": "2021-12 (Q4)",
      "revenue": 307700000,
      "gross_profit": 213200000,
      "operating_income": 49700000,
      "net_income": 29200000,
      "opex": 163500000,
      "cogs": 94500000,
      "rd": 41800000,
      "sga": null,
      "fcf": -57300000,
      "ocf": -25500000,
      "capex": -31800000,
      "gross_margin": 0.6928826779330517,
      "op_margin": 0.1615209619759506,
      "fcf_margin": -0.18622034449138772,
      "incr_op_margin_yoy": 0.9253246753246753,
      "rev_growth_yoy": 0.2503047541649736,
      "op_leverage_ratio": 2.1239221377956117,
      "fcf_margin_change": 0.0064501925187719356
    },
    {
      "date": "2022-03-31T00:00:00",
      "quarter_label": "2022-03 (Q1)",
      "revenue": 295400000,
      "gross_profit": 209700000,
      "operating_income": 37900000,
      "net_income": 27800000,
      "opex": 171800000,
      "cogs": 85700000,
      "rd": 43100000,
      "sga": 128700000,
      "fcf": -26500000,
      "ocf": -13700000,
      "capex": -12800000,
      "gross_margin": 0.7098849018280298,
      "op_margin": 0.12830060934326337,
      "fcf_margin": -0.08970886932972241,
      "incr_op_margin_yoy": 0.5011600928074246,
      "rev_growth_yoy": 0.17082837891399127,
      "rev_growth_yoy_accel": -0.07947637525098233,
      "fcf_margin_change": 0.0965114751616653
    },
    {
      "date": "2022-06-30T00:00:00",
      "quarter_label": "2022-06 (Q2)",
      "revenue": 299400000,
      "gross_profit": 190300000,
      "operating_income": -26700000,
      "net_income": -35000000,
      "opex": 217000000,
      "cogs": 109100000,
      "rd": 42600000,
      "sga": 174400000,
      "fcf": 10700000,
      "ocf": 25300000,
      "capex": -14600000,
      "gross_margin": 0.6356045424181697,
      "op_margin": -0.08917835671342686,
      "fcf_margin": 0.035738142952571814,
      "incr_op_margin_yoy": -1.4640883977900552,
      "rev_growth_yoy": 0.13753799392097266,
      "rev_growth_yoy_accel": -0.03329038499301862,
      "op_leverage_ratio": 0.05146763650307668,
      "fcf_margin_change": 0.1254470122822942
    },
    {
      "date": "2022-09-30T00:00:00",
      "quarter_label": "2022-09 (Q3)",
      "revenue": 340800000,
      "gross_profit": 188300000,
      "operating_income": 2900000,
      "net_income": -5200000,
      "opex": 185400000,
      "cogs": 152500000,
      "rd": 45000000,
      "sga": 140400000,
      "fcf": 25600000,
      "ocf": 56700000,
      "capex": -31100000,
      "gross_margin": 0.5525234741784038,
      "op_margin": 0.008509389671361502,
      "fcf_margin": 0.07511737089201878,
      "incr_op_margin_yoy": -0.4723926380368098,
      "rev_growth_yoy": 0.2365747460087083,
      "rev_growth_yoy_accel": 0.09903675208773563,
      "op_leverage_ratio": Infinity,
      "fcf_margin_change": 0.03937922793944697
    },
    {
      "date": "2022-12-31T00:00:00",
      "quarter_label": "2022-12 (Q4)",
      "revenue": 369700000,
      "gross_profit": 217300000,
      "operating_income": 23500000,
      "net_income": 17000000,
      "opex": 193800000,
      "cogs": 152400000,
      "rd": 49500000,
      "sga": 144300000,
      "fcf": -13700000,
      "ocf": 50700000,
      "capex": -64400000,
      "gross_margin": 0.5877738707059779,
      "op_margin": 0.0635650527454693,
      "fcf_margin": -0.037057073302677844,
      "incr_op_margin_yoy": -0.42258064516129035,
      "rev_growth_yoy": 0.20149496262593436,
      "rev_growth_yoy_accel": -0.03507978338277393,
      "op_leverage_ratio": 1.871667505030181,
      "fcf_margin_change": -0.11217444419469663
    },
    {
      "date": "2023-03-31T00:00:00",
      "quarter_label": "2023-03 (Q1)",
      "revenue": 358100000,
      "gross_profit": 240500000,
      "operating_income": 27700000,
      "net_income": 23800000,
      "opex": 212800000,
      "cogs": 117600000,
      "rd": 50100000,
      "sga": 162700000,
      "fcf": -10000000,
      "ocf": 500000,
      "capex": -10500000,
      "gross_margin": 0.6716001117006423,
      "op_margin": 0.07735269477799497,
      "fcf_margin": -0.027925160569673275,
      "incr_op_margin_yoy": -0.16267942583732056,
      "rev_growth_yoy": 0.2122545700744753,
      "rev_growth_yoy_accel": 0.010759607448540931,
      "fcf_margin_change": 0.00913191273300457
    },
    {
      "date": "2023-06-30T00:00:00",
      "quarter_label": "2023-06 (Q2)",
      "revenue": 396500000,
      "gross_profit": 264900000,
      "operating_income": 31100000,
      "net_income": 27300000,
      "opex": 233800000,
      "cogs": 131600000,
      "rd": 55100000,
      "sga": 178700000,
      "fcf": 28300000,
      "ocf": 44000000,
      "capex": -15700000,
      "gross_margin": 0.6680958385876419,
      "op_margin": 0.07843631778058008,
      "fcf_margin": 0.07137452711223204,
      "incr_op_margin_yoy": 0.5952626158599382,
      "rev_growth_yoy": 0.324315297261189,
      "rev_growth_yoy_accel": 0.11206072718671373,
      "op_leverage_ratio": 1.0866238480871264,
      "fcf_margin_change": 0.09929968768190531
    },
    {
      "date": "2023-09-30T00:00:00",
      "quarter_label": "2023-09 (Q3)",
      "revenue": 432700000,
      "gross_profit": 293300000,
      "operating_income": 54800000,
      "net_income": 51900000,
      "opex": 238500000,
      "cogs": 139400000,
      "rd": 57800000,
      "sga": 180700000,
      "fcf": 35900000,
      "ocf": 56000000,
      "capex": -20100000,
      "gross_margin": 0.6778368384562052,
      "op_margin": 0.12664663739311302,
      "fcf_margin": 0.08296741391264155,
      "incr_op_margin_yoy": 0.5647442872687704,
      "rev_growth_yoy": 0.26965962441314556,
      "rev_growth_yoy_accel": -0.05465567284804346,
      "op_leverage_ratio": 4.5416329049394975,
      "fcf_margin_change": 0.011592886800409513
    },
    {
      "date": "2023-12-31T00:00:00",
      "quarter_label": "2023-12 (Q4)",
      "revenue": 509800000,
      "gross_profit": 361200000,
      "operating_income": 106400000,
      "net_income": 103300000,
      "opex": 254800000,
      "cogs": 148600000,
      "rd": 42000000,
      "sga": 212800000,
      "fcf": 15900000,
      "ocf": 45200000,
      "capex": -29300000,
      "gross_margin": 0.7085131424087877,
      "op_margin": 0.20870929776382896,
      "fcf_margin": 0.031188701451549627,
      "incr_op_margin_yoy": 0.5917201998572448,
      "rev_growth_yoy": 0.3789559101974574,
      "rev_growth_yoy_accel": 0.10929628578431183,
      "op_leverage_ratio": 2.6071634663781844,
      "fcf_margin_change": -0.05177871246109192
    },
    {
      "date": "2024-03-31T00:00:00",
      "quarter_label": "2024-03 (Q1)",
      "revenue": 441700000,
      "gross_profit": 306800000,
      "operating_income": 56900000,
      "net_income": 51500000,
      "opex": 249900000,
      "cogs": 134900000,
      "rd": 50200000,
      "sga": 199700000,
      "fcf": 65500000,
      "ocf": 87600000,
      "capex": -22100000,
      "gross_margin": 0.694589087616029,
      "op_margin": 0.12882046637989586,
      "fcf_margin": 0.14829069504188364,
      "incr_op_margin_yoy": 0.3492822966507177,
      "rev_growth_yoy": 0.2334543423624686,
      "rev_growth_yoy_accel": -0.1455015678349888,
      "fcf_margin_change": 0.117101993590334
    },
    {
      "date": "2024-06-30T00:00:00",
      "quarter_label": "2024-06 (Q2)",
      "revenue": 488500000,
      "gross_profit": 330900000,
      "operating_income": 54600000,
      "net_income": 188600000,
      "opex": 276300000,
      "cogs": 157600000,
      "rd": 53900000,
      "sga": 222400000,
      "fcf": 64300000,
      "ocf": 86800000,
      "capex": -22500000,
      "gross_margin": 0.6773797338792221,
      "op_margin": 0.11177072671443193,
      "fcf_margin": 0.1316274309109519,
      "incr_op_margin_yoy": 0.2554347826086957,
      "rev_growth_yoy": 0.23203026481715006,
      "rev_growth_yoy_accel": -0.0014240775453185361,
      "op_leverage_ratio": 1.0029534649185996,
      "fcf_margin_change": -0.01666326413093175
    },
    {
      "date": "2024-09-30T00:00:00",
      "quarter_label": "2024-09 (Q3)",
      "revenue": 543900000,
      "gross_profit": 377100000,
      "operating_income": 88100000,
      "net_income": 77500000,
      "opex": 289000000,
      "cogs": 166800000,
      "rd": 54900000,
      "sga": 234100000,
      "fcf": 81600000,
      "ocf": 108300000,
      "capex": -26700000,
      "gross_margin": 0.6933259790402647,
      "op_margin": 0.1619783048354477,
      "fcf_margin": 0.15002757859900717,
      "incr_op_margin_yoy": 0.2994604316546763,
      "rev_growth_yoy": 0.25699098682690086,
      "rev_growth_yoy_accel": 0.024960722009750802,
      "op_leverage_ratio": 2.4673022832227858,
      "fcf_margin_change": 0.018400147688055285
    },
    {
      "date": "2024-12-31T00:00:00",
      "quarter_label": "2024-12 (Q4)",
      "revenue": 597500000,
      "gross_profit": 430900000,
      "operating_income": 109300000,
      "net_income": 100700000,
      "opex": 321600000,
      "cogs": 166600000,
      "rd": 60600000,
      "sga": 261000000,
      "fcf": 94000000,
      "ocf": 147600000,
      "capex": -53600000,
      "gross_margin": 0.7211715481171548,
      "op_margin": 0.18292887029288704,
      "fcf_margin": 0.15732217573221757,
      "incr_op_margin_yoy": 0.0330672748004561,
      "rev_growth_yoy": 0.17202824637112593,
      "rev_growth_yoy_accel": -0.08496274045577493,
      "op_leverage_ratio": 0.873626850839822,
      "fcf_margin_change": 0.007294597133210401
    },
    {
      "date": "2025-03-31T00:00:00",
      "quarter_label": "2025-03 (Q1)",
      "revenue": 569000000,
      "gross_profit": 409000000,
      "operating_income": 88800000,
      "net_income": 35400000,
      "opex": 320200000,
      "cogs": 160000000,
      "rd": 59600000,
      "sga": 260600000,
      "fcf": 51500000,
      "ocf": 63800000,
      "capex": -12300000,
      "gross_margin": 0.718804920913884,
      "op_margin": 0.15606326889279437,
      "fcf_margin": 0.09050966608084358,
      "incr_op_margin_yoy": 0.25058915946582877,
      "rev_growth_yoy": 0.2882046637989586,
      "rev_growth_yoy_accel": 0.11617641742783266,
      "fcf_margin_change": -0.06681250965137399
    },
    {
      "date": "2025-06-30T00:00:00",
      "quarter_label": "2025-06 (Q2)",
      "revenue": 649100000,
      "gross_profit": 452200000,
      "operating_income": 121100000,
      "net_income": 22500000,
      "opex": 331100000,
      "cogs": 196900000,
      "rd": 73400000,
      "sga": 257700000,
      "fcf": 177900000,
      "ocf": 196500000,
      "capex": -18600000,
      "gross_margin": 0.6966569095670929,
      "op_margin": 0.18656601448158988,
      "fcf_margin": 0.2740717917116007,
      "incr_op_margin_yoy": 0.4140722291407223,
      "rev_growth_yoy": 0.3287615148413511,
      "rev_growth_yoy_accel": 0.04055685104239248,
      "op_leverage_ratio": 4.135376727237549,
      "fcf_margin_change": 0.18356212563075708
    },
    {
      "date": "2025-09-30T00:00:00",
      "quarter_label": "2025-09 (Q3)",
      "revenue": 706300000,
      "gross_profit": 510100000,
      "operating_income": 117700000,
      "net_income": 87600000,
      "opex": 392400000,
      "cogs": 196200000,
      "rd": 77200000,
      "sga": 315200000,
      "fcf": 100100000,
      "ocf": 125700000,
      "capex": -25600000,
      "gross_margin": 0.7222143565057341,
      "op_margin": 0.1666430695172023,
      "fcf_margin": 0.14172447968285432,
      "incr_op_margin_yoy": 0.18226600985221675,
      "rev_growth_yoy": 0.2985842985842986,
      "rev_growth_yoy_accel": -0.030177216257052497,
      "op_leverage_ratio": 0.47597388578940897,
      "fcf_margin_change": -0.13234731202874636
    }
  ],
  "signals": [
    {
      "quarter": "2025-09 (Q3)",
      "signal": "GROSS MARGIN INFLECTION",
      "detail": "GM: +71.9% -> +69.7% -> +72.2% (reversal +2.6%)",
      "severity": "MEDIUM"
    },
    {
      "quarter": "2025-06 (Q2)",
      "signal": "FCF MARGIN EXPANSION",
      "detail": "FCF margin: +9.1% -> +27.4% (+18.4%)",
      "severity": "MEDIUM"
    },
    {
      "quarter": "2025-06 (Q2)",
      "signal": "OPERATING LEVERAGE",
      "detail": "Rev growth +14.1% vs OpEx growth +3.4% (leverage: 4.1x)",
      "severity": "MEDIUM"
    },
    {
      "quarter": "2025-06 (Q2)",
      "signal": "INCREMENTAL MARGIN (YoY)",
      "detail": "YoY Incr OPM: +41.4% vs year-ago OPM: +11.2%",
      "severity": "HIGH"
    },
    {
      "quarter": "2025-03 (Q1)",
      "signal": "YoY REVENUE GROWTH ACCELERATION",
      "detail": "YoY growth: +28.8% vs prior quarter YoY: +17.2% (accel: +11.6%)",
      "severity": "MEDIUM"
    },
    {
      "quarter": "2025-03 (Q1)",
      "signal": "INCREMENTAL MARGIN (YoY)",
      "detail": "YoY Incr OPM: +25.1% vs year-ago OPM: +12.9%",
      "severity": "MEDIUM"
    },
    {
      "quarter": "2024-12 (Q4)",
      "signal": "YoY REVENUE GROWTH DECELERATION",
      "detail": "YoY growth: +17.2% vs prior quarter YoY: +25.7% (decel: -8.5%)",
      "severity": "WARNING"
    },
    {
      "quarter": "2024-09 (Q3)",
      "signal": "OPERATING LEVERAGE",
      "detail": "Rev growth +11.3% vs OpEx growth +4.6% (leverage: 2.5x)",
      "severity": "MEDIUM"
    },
    {
      "quarter": "2024-09 (Q3)",
      "signal": "INCREMENTAL MARGIN (YoY)",
      "detail": "YoY Incr OPM: +29.9% vs year-ago OPM: +12.7%",
      "severity": "MEDIUM"
    },
    {
      "quarter": "2024-06 (Q2)",
      "signal": "INCREMENTAL MARGIN (YoY)",
      "detail": "YoY Incr OPM: +25.5% vs year-ago OPM: +7.8%",
      "severity": "MEDIUM"
    },
    {
      "quarter": "2024-03 (Q1)",
      "signal": "FCF MARGIN EXPANSION",
      "detail": "FCF margin: +3.1% -> +14.8% (+11.7%)",
      "severity": "MEDIUM"
    },
    {
      "quarter": "2024-03 (Q1)",
      "signal": "YoY REVENUE GROWTH DECELERATION",
      "detail": "YoY growth: +23.3% vs prior quarter YoY: +37.9% (decel: -14.6%)",
      "severity": "WARNING"
    },
    {
      "quarter": "2024-03 (Q1)",
      "signal": "INCREMENTAL MARGIN (YoY)",
      "detail": "YoY Incr OPM: +34.9% vs year-ago OPM: +7.7%",
      "severity": "HIGH"
    },
    {
      "quarter": "2023-12 (Q4)",
      "signal": "OPERATING LEVERAGE",
      "detail": "Rev growth +17.8% vs OpEx growth +6.8% (leverage: 2.6x)",
      "severity": "MEDIUM"
    },
    {
      "quarter": "2023-12 (Q4)",
      "signal": "YoY REVENUE GROWTH ACCELERATION",
      "detail": "YoY growth: +37.9% vs prior quarter YoY: +27.0% (accel: +10.9%)",
      "severity": "MEDIUM"
    },
    {
      "quarter": "2023-12 (Q4)",
      "signal": "INCREMENTAL MARGIN (YoY)",
      "detail": "YoY Incr OPM: +59.2% vs year-ago OPM: +6.4%",
      "severity": "HIGH"
    },
    {
      "quarter": "2023-09 (Q3)",
      "signal": "OPERATING LEVERAGE",
      "detail": "Rev growth +9.1% vs OpEx growth +2.0% (leverage: 4.5x)",
      "severity": "MEDIUM"
    },
    {
      "quarter": "2023-09 (Q3)",
      "signal": "YoY REVENUE GROWTH DECELERATION",
      "detail": "YoY growth: +27.0% vs prior quarter YoY: +32.4% (decel: -5.5%)",
      "severity": "WARNING"
    },
    {
      "quarter": "2023-09 (Q3)",
      "signal": "INCREMENTAL MARGIN (YoY)",
      "detail": "YoY Incr OPM: +56.5% vs year-ago OPM: +0.9%",
      "severity": "HIGH"
    },
    {
      "quarter": "2023-06 (Q2)",
      "signal": "FCF TURNED POSITIVE",
      "detail": "FCF margin: -2.8% -> +7.1%",
      "severity": "HIGH"
    },
    {
      "quarter": "2023-06 (Q2)",
      "signal": "YoY REVENUE GROWTH ACCELERATION",
      "detail": "YoY growth: +32.4% vs prior quarter YoY: +21.2% (accel: +11.2%)",
      "severity": "MEDIUM"
    },
    {
      "quarter": "2023-06 (Q2)",
      "signal": "OP MARGIN TURNED POSITIVE (YoY)",
      "detail": "Op margin: -8.9% (year-ago) -> +7.8%",
      "severity": "HIGH"
    },
    {
      "quarter": "2022-12 (Q4)",
      "signal": "OPERATING LEVERAGE",
      "detail": "Rev growth +8.5% vs OpEx growth +4.5% (leverage: 1.9x)",
      "severity": "MEDIUM"
    },
    {
      "quarter": "2022-12 (Q4)",
      "signal": "GROSS MARGIN INFLECTION",
      "detail": "GM: +63.6% -> +55.3% -> +58.8% (reversal +3.5%)",
      "severity": "MEDIUM"
    },
    {
      "quarter": "2022-09 (Q3)",
      "signal": "YoY REVENUE GROWTH ACCELERATION",
      "detail": "YoY growth: +23.7% vs prior quarter YoY: +13.8% (accel: +9.9%)",
      "severity": "MEDIUM"
    },
    {
      "quarter": "2022-09 (Q3)",
      "signal": "OP MARGIN TURNED POSITIVE (QoQ)",
      "detail": "Op margin: -8.9% -> +0.9%",
      "severity": "HIGH"
    },
    {
      "quarter": "2022-06 (Q2)",
      "signal": "FCF TURNED POSITIVE",
      "detail": "FCF margin: -9.0% -> +3.6%",
      "severity": "HIGH"
    },
    {
      "quarter": "2022-03 (Q1)",
      "signal": "FCF MARGIN EXPANSION",
      "detail": "FCF margin: -18.6% -> -9.0% (+9.7%)",
      "severity": "MEDIUM"
    },
    {
      "quarter": "2022-03 (Q1)",
      "signal": "YoY REVENUE GROWTH DECELERATION",
      "detail": "YoY growth: +17.1% vs prior quarter YoY: +25.0% (decel: -7.9%)",
      "severity": "WARNING"
    },
    {
      "quarter": "2022-03 (Q1)",
      "signal": "INCREMENTAL MARGIN (YoY)",
      "detail": "YoY Incr OPM: +50.1% vs year-ago OPM: +6.5%",
      "severity": "HIGH"
    },
    {
      "quarter": "2021-12 (Q4)",
      "signal": "OPERATING LEVERAGE",
      "detail": "Rev growth +11.6% vs OpEx growth +5.5% (leverage: 2.1x)",
      "severity": "MEDIUM"
    },
    {
      "quarter": "2021-12 (Q4)",
      "signal": "OP MARGIN TURNED POSITIVE (YoY)",
      "detail": "Op margin: -3.0% (year-ago) -> +16.2%",
      "severity": "HIGH"
    },
    {
      "quarter": "2021-06 (Q2)",
      "signal": "FCF MARGIN EXPANSION",
      "detail": "FCF margin: -27.0% -> -0.6% (+26.3%)",
      "severity": "MEDIUM"
    },
    {
      "quarter": "2021-03 (Q1)",
      "signal": "OP MARGIN TURNED POSITIVE (QoQ)",
      "detail": "Op margin: -3.0% -> +6.5%",
      "severity": "HIGH"
    }
  ],
  "data_quality": {
    "n_quarters": 20,
    "coverage": {
      "revenue": [
        20,
        20
      ],
      "gross_profit": [
        20,
        20
      ],
      "op_income": [
        20,
        20
      ],
      "fcf": [
        20,
        20
      ]
    },
    "gaps": [],
    "warnings": []
  },
  "market_cap": null,
  "source": "SEC EDGAR",
  "last_updated": "2026-02-02T20:20:19.821484"
}