{
  "ticker": "POOL",
  "name": "POOL CORPORATION",
  "quarters": [
    {
      "date": "2020-12-31T00:00:00",
      "quarter_label": "2020-12 (Q4)",
      "revenue": 839261000,
      "gross_profit": 239095000,
      "operating_income": 74350000,
      "net_income": 59174000,
      "opex": 164745000,
      "cogs": 600166000,
      "rd": null,
      "sga": 164745000,
      "fcf": 3862000,
      "ocf": 8667000,
      "capex": -4805000,
      "gross_margin": 0.28488753796494776,
      "op_margin": 0.08858984273068807,
      "fcf_margin": 0.004601667419312943
    },
    {
      "date": "2021-03-31T00:00:00",
      "quarter_label": "2021-03 (Q1)",
      "revenue": 1060745000,
      "gross_profit": 301131000,
      "operating_income": 129031000,
      "net_income": 98655000,
      "opex": 172100000,
      "cogs": 759614000,
      "rd": null,
      "sga": 172100000,
      "fcf": 68274000,
      "ocf": 77113000,
      "capex": -8839000,
      "gross_margin": 0.2838863251771161,
      "op_margin": 0.12164186491569605,
      "fcf_margin": 0.0643641968616397,
      "op_leverage_ratio": 5.911189494393579,
      "fcf_margin_change": 0.05976252944232676
    },
    {
      "date": "2021-06-30T00:00:00",
      "quarter_label": "2021-06 (Q2)",
      "revenue": 1787833000,
      "gross_profit": 551685000,
      "operating_income": 338586000,
      "net_income": 259695000,
      "opex": 213099000,
      "cogs": 1236148000,
      "rd": null,
      "sga": 213099000,
      "fcf": 101621000,
      "ocf": 110115000,
      "capex": -8494000,
      "gross_margin": 0.3085774789927247,
      "op_margin": 0.189383460312009,
      "fcf_margin": 0.0568403200970113,
      "op_leverage_ratio": 2.8772896929816674,
      "fcf_margin_change": -0.007523876764628401
    },
    {
      "date": "2021-09-30T00:00:00",
      "quarter_label": "2021-09 (Q3)",
      "revenue": 1411448000,
      "gross_profit": 441899000,
      "operating_income": 237276000,
      "net_income": 184665000,
      "opex": 204623000,
      "cogs": 969549000,
      "rd": null,
      "sga": 206023000,
      "fcf": 164947000,
      "ocf": 171837000,
      "capex": -6890000,
      "gross_margin": 0.31308202640125604,
      "op_margin": 0.1681082122756205,
      "fcf_margin": 0.11686367475103582,
      "fcf_margin_change": 0.060023354654024516
    },
    {
      "date": "2021-12-31T00:00:00",
      "quarter_label": "2021-12 (Q4)",
      "revenue": 1035557000,
      "gross_profit": 322376000,
      "operating_income": 127891000,
      "net_income": 107609000,
      "opex": 194485000,
      "cogs": 713181000,
      "rd": null,
      "sga": 195585000,
      "fcf": -59010000,
      "ocf": -45575000,
      "capex": -13435000,
      "gross_margin": 0.3113068619110295,
      "op_margin": 0.1234997204403041,
      "fcf_margin": -0.05698382609552154,
      "incr_op_margin_yoy": 0.27275644944369726,
      "rev_growth_yoy": 0.23389148310239605,
      "fcf_margin_change": -0.17384750084655737
    },
    {
      "date": "2022-03-31T00:00:00",
      "quarter_label": "2022-03 (Q1)",
      "revenue": 1412650000,
      "gross_profit": 447189000,
      "operating_income": 235723000,
      "net_income": 179261000,
      "opex": 211466000,
      "cogs": 965461000,
      "rd": null,
      "sga": 211466000,
      "fcf": -217268000,
      "ocf": -208109000,
      "capex": -9159000,
      "gross_margin": 0.31656036527094467,
      "op_margin": 0.16686581955898488,
      "fcf_margin": -0.15380172017130925,
      "incr_op_margin_yoy": 0.30318409798098916,
      "rev_growth_yoy": 0.3317526832556364,
      "rev_growth_yoy_accel": 0.09786120015324035,
      "op_leverage_ratio": 4.170588210271496,
      "fcf_margin_change": -0.0968178940757877
    },
    {
      "date": "2022-06-30T00:00:00",
      "quarter_label": "2022-06 (Q2)",
      "revenue": 2055818000,
      "gross_profit": 666804000,
      "operating_income": 418888000,
      "net_income": 307283000,
      "opex": 247916000,
      "cogs": 1389014000,
      "rd": null,
      "sga": 247916000,
      "fcf": 226197000,
      "ocf": 236840000,
      "capex": -10643000,
      "gross_margin": 0.32434972356502373,
      "op_margin": 0.20375733649574038,
      "fcf_margin": 0.11002773591825736,
      "incr_op_margin_yoy": 0.299651099874993,
      "rev_growth_yoy": 0.14989375405868446,
      "rev_growth_yoy_accel": -0.18185892919695193,
      "op_leverage_ratio": 2.641392087145947,
      "fcf_margin_change": 0.2638294560895666
    },
    {
      "date": "2022-09-30T00:00:00",
      "quarter_label": "2022-09 (Q3)",
      "revenue": 1615339000,
      "gross_profit": 503687000,
      "operating_income": 263877000,
      "net_income": 190055000,
      "opex": 239810000,
      "cogs": 1111652000,
      "rd": null,
      "sga": 239810000,
      "fcf": 270576000,
      "ocf": 278739000,
      "capex": -8163000,
      "gross_margin": 0.3118150431581235,
      "op_margin": 0.16335704146312321,
      "fcf_margin": 0.16750415856981105,
      "incr_op_margin_yoy": 0.13046676900893125,
      "rev_growth_yoy": 0.14445519778270258,
      "rev_growth_yoy_accel": -0.005438556275981887,
      "fcf_margin_change": 0.057476422651553685
    },
    {
      "date": "2022-12-31T00:00:00",
      "quarter_label": "2022-12 (Q4)",
      "revenue": 1095920000,
      "gross_profit": 315731000,
      "operating_income": 107294000,
      "net_income": 71863000,
      "opex": 208437000,
      "cogs": 780189000,
      "rd": null,
      "sga": 207832000,
      "fcf": 161730000,
      "ocf": 177384000,
      "capex": -15654000,
      "gross_margin": 0.28809675888751,
      "op_margin": 0.09790313161544638,
      "fcf_margin": 0.14757464048470692,
      "incr_op_margin_yoy": -0.3412189586336001,
      "rev_growth_yoy": 0.05829036933746766,
      "rev_growth_yoy_accel": -0.08616482844523492,
      "fcf_margin_change": -0.019929518085104125
    },
    {
      "date": "2023-03-31T00:00:00",
      "quarter_label": "2023-03 (Q1)",
      "revenue": 1206774000,
      "gross_profit": 369755000,
      "operating_income": 145771000,
      "net_income": 101699000,
      "opex": 223984000,
      "cogs": 837019000,
      "rd": null,
      "sga": 223984000,
      "fcf": 87633000,
      "ocf": 103203000,
      "capex": -15570000,
      "gross_margin": 0.306399541256275,
      "op_margin": 0.12079395147724428,
      "fcf_margin": 0.07261757379592201,
      "incr_op_margin_yoy": 0.4369231964872059,
      "rev_growth_yoy": -0.14573744381127668,
      "rev_growth_yoy_accel": -0.20402781314874435,
      "op_leverage_ratio": 1.3561281506153822,
      "fcf_margin_change": -0.0749570666887849
    },
    {
      "date": "2023-06-30T00:00:00",
      "quarter_label": "2023-06 (Q2)",
      "revenue": 1857363000,
      "gross_profit": 567783000,
      "operating_income": 327009000,
      "net_income": 232250000,
      "opex": 240774000,
      "cogs": 1289580000,
      "rd": null,
      "sga": 240774000,
      "fcf": 258953000,
      "ocf": 273574000,
      "capex": -14621000,
      "gross_margin": 0.3056930713059321,
      "op_margin": 0.17606089924263593,
      "fcf_margin": 0.13941970417199007,
      "incr_op_margin_yoy": 0.4629714544859036,
      "rev_growth_yoy": -0.09653335071489791,
      "rev_growth_yoy_accel": 0.04920409309637877,
      "op_leverage_ratio": 7.19195682243894,
      "fcf_margin_change": 0.06680213037606805
    },
    {
      "date": "2023-09-30T00:00:00",
      "quarter_label": "2023-09 (Q3)",
      "revenue": 1474407000,
      "gross_profit": 428731000,
      "operating_income": 194443000,
      "net_income": 137843000,
      "opex": 234288000,
      "cogs": 1045676000,
      "rd": null,
      "sga": 234288000,
      "fcf": 360474000,
      "ocf": 373241000,
      "capex": -12767000,
      "gross_margin": 0.29078198896234214,
      "op_margin": 0.13187878245287765,
      "fcf_margin": 0.2444874447828856,
      "incr_op_margin_yoy": 0.4926773195583686,
      "rev_growth_yoy": -0.08724608271081179,
      "rev_growth_yoy_accel": 0.009287268004086122,
      "fcf_margin_change": 0.10506774061089552
    },
    {
      "date": "2023-12-31T00:00:00",
      "quarter_label": "2023-12 (Q4)",
      "revenue": 1003050000,
      "gross_profit": 293775000,
      "operating_income": 79344000,
      "net_income": 51437000,
      "opex": 214431000,
      "cogs": 709275000,
      "rd": null,
      "sga": 214431000,
      "fcf": 121073000,
      "ocf": 138211000,
      "capex": -17138000,
      "gross_margin": 0.29288171078211456,
      "op_margin": 0.07910273665320772,
      "fcf_margin": 0.12070485020686905,
      "incr_op_margin_yoy": 0.30095832884677504,
      "rev_growth_yoy": -0.08474158697715162,
      "rev_growth_yoy_accel": 0.0025044957336601698,
      "fcf_margin_change": -0.12378259457601654
    },
    {
      "date": "2024-03-31T00:00:00",
      "quarter_label": "2024-03 (Q1)",
      "revenue": 1120810000,
      "gross_profit": 338560000,
      "operating_income": 108720000,
      "net_income": 78885000,
      "opex": 229840000,
      "cogs": 782250000,
      "rd": null,
      "sga": 229840000,
      "fcf": 128404000,
      "ocf": 145442000,
      "capex": -17038000,
      "gross_margin": 0.30206725493170117,
      "op_margin": 0.09700127586299194,
      "fcf_margin": 0.11456357455768595,
      "incr_op_margin_yoy": 0.43100600251267973,
      "rev_growth_yoy": -0.07123454764520946,
      "rev_growth_yoy_accel": 0.013507039331942153,
      "op_leverage_ratio": 1.6337602695450755,
      "fcf_margin_change": -0.006141275649183098
    },
    {
      "date": "2024-06-30T00:00:00",
      "quarter_label": "2024-06 (Q2)",
      "revenue": 1769784000,
      "gross_profit": 530141000,
      "operating_income": 271481000,
      "net_income": 192439000,
      "opex": 258660000,
      "cogs": 1239643000,
      "rd": null,
      "sga": 258660000,
      "fcf": 8770000,
      "ocf": 26660000,
      "capex": -17890000,
      "gross_margin": 0.29955124467166616,
      "op_margin": 0.1533978157786487,
      "fcf_margin": 0.004955406987519381,
      "incr_op_margin_yoy": 0.6340332728165428,
      "rev_growth_yoy": -0.04715233371182693,
      "rev_growth_yoy_accel": 0.024082213933382536,
      "op_leverage_ratio": 4.617713001392662,
      "fcf_margin_change": -0.10960816757016657
    },
    {
      "date": "2024-09-30T00:00:00",
      "quarter_label": "2024-09 (Q3)",
      "revenue": 1432879000,
      "gross_profit": 416403000,
      "operating_income": 176353000,
      "net_income": 125701000,
      "opex": 240050000,
      "cogs": 1016476000,
      "rd": null,
      "sga": 240050000,
      "fcf": 305494000,
      "ocf": 316517000,
      "capex": -11023000,
      "gross_margin": 0.29060583622203967,
      "op_margin": 0.12307598897045738,
      "fcf_margin": 0.21320292920756045,
      "incr_op_margin_yoy": 0.4356097091119245,
      "rev_growth_yoy": -0.028165899917729637,
      "rev_growth_yoy_accel": 0.018986433794097292,
      "fcf_margin_change": 0.20824752222004106
    },
    {
      "date": "2024-12-31T00:00:00",
      "quarter_label": "2024-12 (Q4)",
      "revenue": 987479000,
      "gross_profit": 290243000,
      "operating_income": 60650000,
      "net_income": 37300000,
      "opex": 229593000,
      "cogs": 697236000,
      "rd": null,
      "sga": 229593000,
      "fcf": 157042000,
      "ocf": 170567000,
      "capex": -13525000,
      "gross_margin": 0.2939232125442668,
      "op_margin": 0.06141902764514486,
      "fcf_margin": 0.15903325539074756,
      "incr_op_margin_yoy": 1.2005651531693533,
      "rev_growth_yoy": -0.015523652858780719,
      "rev_growth_yoy_accel": 0.012642247058948917,
      "fcf_margin_change": -0.0541696738168129
    },
    {
      "date": "2025-03-31T00:00:00",
      "quarter_label": "2025-03 (Q1)",
      "revenue": 1071526000,
      "gross_profit": 312369000,
      "operating_income": 77538000,
      "net_income": 53545000,
      "opex": 234831000,
      "cogs": 759157000,
      "rd": null,
      "sga": 234831000,
      "fcf": 13929000,
      "ocf": 27224000,
      "capex": -13295000,
      "gross_margin": 0.2915178913064172,
      "op_margin": 0.07236221986214053,
      "fcf_margin": 0.01299921793778219,
      "incr_op_margin_yoy": 0.632700267835403,
      "rev_growth_yoy": -0.0439717704160384,
      "rev_growth_yoy_accel": -0.02844811755725768,
      "op_leverage_ratio": 3.7306756831264796,
      "fcf_margin_change": -0.14603403745296537
    },
    {
      "date": "2025-06-30T00:00:00",
      "quarter_label": "2025-06 (Q2)",
      "revenue": 1784530000,
      "gross_profit": 535161000,
      "operating_income": 272670000,
      "net_income": 194258000,
      "opex": 262491000,
      "cogs": 1249369000,
      "rd": null,
      "sga": 262491000,
      "fcf": -42863000,
      "ocf": -28768000,
      "capex": -14095000,
      "gross_margin": 0.29988904641558284,
      "op_margin": 0.1527965346617877,
      "fcf_margin": -0.024019209539766773,
      "incr_op_margin_yoy": 0.08063203580632036,
      "rev_growth_yoy": 0.008332090243781162,
      "rev_growth_yoy_accel": 0.05230386065981956,
      "op_leverage_ratio": 5.649272247377261,
      "fcf_margin_change": -0.037018427477548965
    },
    {
      "date": "2025-09-30T00:00:00",
      "quarter_label": "2025-09 (Q3)",
      "revenue": 1451131000,
      "gross_profit": 429183000,
      "operating_income": 177987000,
      "net_income": 127013000,
      "opex": 251196000,
      "cogs": 1021948000,
      "rd": null,
      "sga": 251196000,
      "fcf": 266554000,
      "ocf": 287287000,
      "capex": -20733000,
      "gross_margin": 0.2957575849458112,
      "op_margin": 0.12265398506406382,
      "fcf_margin": 0.1836870689138334,
      "incr_op_margin_yoy": 0.08952443567828183,
      "rev_growth_yoy": 0.01273799113532964,
      "rev_growth_yoy_accel": 0.004405900891548478,
      "fcf_margin_change": 0.20770627845360018
    }
  ],
  "signals": [
    {
      "quarter": "2025-09 (Q3)",
      "signal": "FCF TURNED POSITIVE",
      "detail": "FCF margin: -2.4% -> +18.4%",
      "severity": "HIGH"
    },
    {
      "quarter": "2025-06 (Q2)",
      "signal": "OPERATING LEVERAGE",
      "detail": "Rev growth +66.5% vs OpEx growth +11.8% (leverage: 5.6x)",
      "severity": "MEDIUM"
    },
    {
      "quarter": "2025-06 (Q2)",
      "signal": "YoY REVENUE GROWTH ACCELERATION",
      "detail": "YoY growth: +0.8% vs prior quarter YoY: -4.4% (accel: +5.2%)",
      "severity": "MEDIUM"
    },
    {
      "quarter": "2025-03 (Q1)",
      "signal": "OPERATING LEVERAGE",
      "detail": "Rev growth +8.5% vs OpEx growth +2.3% (leverage: 3.7x)",
      "severity": "MEDIUM"
    },
    {
      "quarter": "2025-03 (Q1)",
      "signal": "INCREMENTAL MARGIN (YoY)",
      "detail": "YoY Incr OPM: +63.3% vs year-ago OPM: +9.7%",
      "severity": "HIGH"
    },
    {
      "quarter": "2024-12 (Q4)",
      "signal": "INCREMENTAL MARGIN (YoY)",
      "detail": "YoY Incr OPM: +120.1% vs year-ago OPM: +7.9%",
      "severity": "HIGH"
    },
    {
      "quarter": "2024-09 (Q3)",
      "signal": "FCF MARGIN EXPANSION",
      "detail": "FCF margin: +0.5% -> +21.3% (+20.8%)",
      "severity": "MEDIUM"
    },
    {
      "quarter": "2024-09 (Q3)",
      "signal": "INCREMENTAL MARGIN (YoY)",
      "detail": "YoY Incr OPM: +43.6% vs year-ago OPM: +13.2%",
      "severity": "HIGH"
    },
    {
      "quarter": "2024-06 (Q2)",
      "signal": "OPERATING LEVERAGE",
      "detail": "Rev growth +57.9% vs OpEx growth +12.5% (leverage: 4.6x)",
      "severity": "MEDIUM"
    },
    {
      "quarter": "2024-06 (Q2)",
      "signal": "INCREMENTAL MARGIN (YoY)",
      "detail": "YoY Incr OPM: +63.4% vs year-ago OPM: +17.6%",
      "severity": "HIGH"
    },
    {
      "quarter": "2024-03 (Q1)",
      "signal": "OPERATING LEVERAGE",
      "detail": "Rev growth +11.7% vs OpEx growth +7.2% (leverage: 1.6x)",
      "severity": "MEDIUM"
    },
    {
      "quarter": "2024-03 (Q1)",
      "signal": "INCREMENTAL MARGIN (YoY)",
      "detail": "YoY Incr OPM: +43.1% vs year-ago OPM: +12.1%",
      "severity": "HIGH"
    },
    {
      "quarter": "2023-12 (Q4)",
      "signal": "INCREMENTAL MARGIN (YoY)",
      "detail": "YoY Incr OPM: +30.1% vs year-ago OPM: +9.8%",
      "severity": "HIGH"
    },
    {
      "quarter": "2023-09 (Q3)",
      "signal": "FCF MARGIN EXPANSION",
      "detail": "FCF margin: +13.9% -> +24.4% (+10.5%)",
      "severity": "MEDIUM"
    },
    {
      "quarter": "2023-09 (Q3)",
      "signal": "INCREMENTAL MARGIN (YoY)",
      "detail": "YoY Incr OPM: +49.3% vs year-ago OPM: +16.3%",
      "severity": "HIGH"
    },
    {
      "quarter": "2023-06 (Q2)",
      "signal": "FCF MARGIN EXPANSION",
      "detail": "FCF margin: +7.3% -> +13.9% (+6.7%)",
      "severity": "MEDIUM"
    },
    {
      "quarter": "2023-06 (Q2)",
      "signal": "OPERATING LEVERAGE",
      "detail": "Rev growth +53.9% vs OpEx growth +7.5% (leverage: 7.2x)",
      "severity": "MEDIUM"
    },
    {
      "quarter": "2023-06 (Q2)",
      "signal": "INCREMENTAL MARGIN (YoY)",
      "detail": "YoY Incr OPM: +46.3% vs year-ago OPM: +20.4%",
      "severity": "HIGH"
    },
    {
      "quarter": "2023-03 (Q1)",
      "signal": "YoY REVENUE GROWTH DECELERATION",
      "detail": "YoY growth: -14.6% vs prior quarter YoY: +5.8% (decel: -20.4%)",
      "severity": "WARNING"
    },
    {
      "quarter": "2023-03 (Q1)",
      "signal": "INCREMENTAL MARGIN (YoY)",
      "detail": "YoY Incr OPM: +43.7% vs year-ago OPM: +16.7%",
      "severity": "HIGH"
    },
    {
      "quarter": "2022-12 (Q4)",
      "signal": "YoY REVENUE GROWTH DECELERATION",
      "detail": "YoY growth: +5.8% vs prior quarter YoY: +14.4% (decel: -8.6%)",
      "severity": "WARNING"
    },
    {
      "quarter": "2022-09 (Q3)",
      "signal": "FCF MARGIN EXPANSION",
      "detail": "FCF margin: +11.0% -> +16.8% (+5.7%)",
      "severity": "MEDIUM"
    },
    {
      "quarter": "2022-06 (Q2)",
      "signal": "FCF TURNED POSITIVE",
      "detail": "FCF margin: -15.4% -> +11.0%",
      "severity": "HIGH"
    },
    {
      "quarter": "2022-06 (Q2)",
      "signal": "OPERATING LEVERAGE",
      "detail": "Rev growth +45.5% vs OpEx growth +17.2% (leverage: 2.6x)",
      "severity": "MEDIUM"
    },
    {
      "quarter": "2022-06 (Q2)",
      "signal": "YoY REVENUE GROWTH DECELERATION",
      "detail": "YoY growth: +15.0% vs prior quarter YoY: +33.2% (decel: -18.2%)",
      "severity": "WARNING"
    },
    {
      "quarter": "2022-06 (Q2)",
      "signal": "INCREMENTAL MARGIN (YoY)",
      "detail": "YoY Incr OPM: +30.0% vs year-ago OPM: +18.9%",
      "severity": "MEDIUM"
    },
    {
      "quarter": "2022-03 (Q1)",
      "signal": "OPERATING LEVERAGE",
      "detail": "Rev growth +36.4% vs OpEx growth +8.7% (leverage: 4.2x)",
      "severity": "MEDIUM"
    },
    {
      "quarter": "2022-03 (Q1)",
      "signal": "YoY REVENUE GROWTH ACCELERATION",
      "detail": "YoY growth: +33.2% vs prior quarter YoY: +23.4% (accel: +9.8%)",
      "severity": "MEDIUM"
    },
    {
      "quarter": "2022-03 (Q1)",
      "signal": "INCREMENTAL MARGIN (YoY)",
      "detail": "YoY Incr OPM: +30.3% vs year-ago OPM: +12.2%",
      "severity": "MEDIUM"
    },
    {
      "quarter": "2021-12 (Q4)",
      "signal": "INCREMENTAL MARGIN (YoY)",
      "detail": "YoY Incr OPM: +27.3% vs year-ago OPM: +8.9%",
      "severity": "MEDIUM"
    },
    {
      "quarter": "2021-09 (Q3)",
      "signal": "FCF MARGIN EXPANSION",
      "detail": "FCF margin: +5.7% -> +11.7% (+6.0%)",
      "severity": "MEDIUM"
    },
    {
      "quarter": "2021-06 (Q2)",
      "signal": "OPERATING LEVERAGE",
      "detail": "Rev growth +68.5% vs OpEx growth +23.8% (leverage: 2.9x)",
      "severity": "MEDIUM"
    },
    {
      "quarter": "2021-06 (Q2)",
      "signal": "GROSS MARGIN INFLECTION",
      "detail": "GM: +28.5% -> +28.4% -> +30.9% (reversal +2.5%)",
      "severity": "MEDIUM"
    },
    {
      "quarter": "2021-03 (Q1)",
      "signal": "FCF MARGIN EXPANSION",
      "detail": "FCF margin: +0.5% -> +6.4% (+6.0%)",
      "severity": "MEDIUM"
    },
    {
      "quarter": "2021-03 (Q1)",
      "signal": "OPERATING LEVERAGE",
      "detail": "Rev growth +26.4% vs OpEx growth +4.5% (leverage: 5.9x)",
      "severity": "MEDIUM"
    }
  ],
  "data_quality": {
    "n_quarters": 20,
    "coverage": {
      "revenue": [
        20,
        20
      ],
      "gross_profit": [
        20,
        20
      ],
      "op_income": [
        20,
        20
      ],
      "fcf": [
        20,
        20
      ]
    },
    "gaps": [],
    "warnings": []
  },
  "market_cap": null,
  "source": "SEC EDGAR",
  "last_updated": "2026-02-02T20:38:50.962879"
}