{
  "ticker": "POWI",
  "name": "POWER INTEGRATIONS, INC.",
  "sector": "Technology",
  "industry": "Semiconductors",
  "quarters": [
    {
      "date": "2021-03-31T00:00:00",
      "quarter_label": "2021-03 (Q1)",
      "revenue": 173737000,
      "gross_profit": 84411000,
      "operating_income": 40186000,
      "net_income": 39798000,
      "opex": 44225000,
      "cogs": 89326000,
      "rd": 20027000,
      "sga": null,
      "fcf": 47071000,
      "ocf": 58122000,
      "capex": -11051000,
      "gross_margin": 0.4858550567812268,
      "op_margin": 0.23130363710666121,
      "fcf_margin": 0.27093250142456704
    },
    {
      "date": "2021-06-30T00:00:00",
      "quarter_label": "2021-06 (Q2)",
      "revenue": 180110000,
      "gross_profit": 91313000,
      "operating_income": 44976000,
      "net_income": 41881000,
      "opex": 46337000,
      "cogs": 88797000,
      "rd": 21741000,
      "sga": null,
      "fcf": 58605000,
      "ocf": 66848000,
      "capex": -8243000,
      "gross_margin": 0.5069846205096885,
      "op_margin": 0.24971406362778303,
      "fcf_margin": 0.3253844872577869,
      "op_leverage_ratio": 0.7681137299176167,
      "fcf_margin_change": 0.05445198583321986
    },
    {
      "date": "2021-09-30T00:00:00",
      "quarter_label": "2021-09 (Q3)",
      "revenue": 176776000,
      "gross_profit": 91739000,
      "operating_income": 45592000,
      "net_income": 42034000,
      "opex": 46147000,
      "cogs": 85037000,
      "rd": 21137000,
      "sga": null,
      "fcf": 47724000,
      "ocf": 58735000,
      "capex": -11011000,
      "gross_margin": 0.5189561931483911,
      "op_margin": 0.257908313345703,
      "fcf_margin": 0.26996877404172515,
      "fcf_margin_change": -0.05541571321606176
    },
    {
      "date": "2021-12-31T00:00:00",
      "quarter_label": "2021-12 (Q4)",
      "revenue": 172654000,
      "gross_profit": 93176000,
      "operating_income": 44304000,
      "net_income": 40700000,
      "opex": 48872000,
      "cogs": 79478000,
      "rd": 22028000,
      "sga": null,
      "fcf": 30196000,
      "ocf": 47163000,
      "capex": -16967000,
      "gross_margin": 0.539668933242207,
      "op_margin": 0.256605696943019,
      "fcf_margin": 0.1748931388789139,
      "fcf_margin_change": -0.09507563516281126
    },
    {
      "date": "2022-03-31T00:00:00",
      "quarter_label": "2022-03 (Q1)",
      "revenue": 182149000,
      "gross_profit": 100675000,
      "operating_income": 51047000,
      "net_income": 46248000,
      "opex": 49628000,
      "cogs": 81474000,
      "rd": 23678000,
      "sga": null,
      "fcf": 59897000,
      "ocf": 74597000,
      "capex": -14700000,
      "gross_margin": 0.5527068498866313,
      "op_margin": 0.2802485876946895,
      "fcf_margin": 0.3288351843820169,
      "incr_op_margin_yoy": 1.29113171659534,
      "rev_growth_yoy": 0.048418011131768135,
      "op_leverage_ratio": 3.5551394559005156,
      "fcf_margin_change": 0.15394204550310303
    },
    {
      "date": "2022-06-30T00:00:00",
      "quarter_label": "2022-06 (Q2)",
      "revenue": 183986000,
      "gross_profit": 106843000,
      "operating_income": 60102000,
      "net_income": 55824000,
      "opex": 46741000,
      "cogs": 77143000,
      "rd": 23507000,
      "sga": null,
      "fcf": 53578000,
      "ocf": 66822000,
      "capex": -13244000,
      "gross_margin": 0.5807126629200048,
      "op_margin": 0.3266661593816921,
      "fcf_margin": 0.2912069396584523,
      "incr_op_margin_yoy": 3.9024767801857587,
      "rev_growth_yoy": 0.021520182110932207,
      "rev_growth_yoy_accel": -0.02689782902083593,
      "op_leverage_ratio": null,
      "fcf_margin_change": -0.03762824472356463
    },
    {
      "date": "2022-09-30T00:00:00",
      "quarter_label": "2022-09 (Q3)",
      "revenue": 160233000,
      "gross_profit": 92035000,
      "operating_income": 48371000,
      "net_income": 45964000,
      "opex": 43664000,
      "cogs": 68198000,
      "rd": 23205000,
      "sga": null,
      "fcf": 44326000,
      "ocf": 49826000,
      "capex": -5500000,
      "gross_margin": 0.5743823057672265,
      "op_margin": 0.3018791385045527,
      "fcf_margin": 0.2766346507897874,
      "incr_op_margin_yoy": -0.16798645952971045,
      "rev_growth_yoy": -0.0935817079241526,
      "rev_growth_yoy_accel": -0.11510189003508481,
      "fcf_margin_change": -0.014572288868664907
    },
    {
      "date": "2022-12-31T00:00:00",
      "quarter_label": "2022-12 (Q4)",
      "revenue": 124770000,
      "gross_profit": 67354000,
      "operating_income": 20892000,
      "net_income": 22815000,
      "opex": 46462000,
      "cogs": 57416000,
      "rd": 23504000,
      "sga": null,
      "fcf": 18331000,
      "ocf": 24098000,
      "capex": -5767000,
      "gross_margin": 0.539825278512463,
      "op_margin": 0.16744409713873526,
      "fcf_margin": 0.14691832972669713,
      "incr_op_margin_yoy": 0.4889315846629354,
      "rev_growth_yoy": -0.27734080878520045,
      "rev_growth_yoy_accel": -0.18375910086104785,
      "fcf_margin_change": -0.12971632106309025
    },
    {
      "date": "2023-03-31T00:00:00",
      "quarter_label": "2023-03 (Q1)",
      "revenue": 106297000,
      "gross_profit": 53957000,
      "operating_income": 5757000,
      "net_income": 6875000,
      "opex": 48200000,
      "cogs": 52340000,
      "rd": 23981000,
      "sga": null,
      "fcf": 12503000,
      "ocf": 16585000,
      "capex": -4082000,
      "gross_margin": 0.507606047207353,
      "op_margin": 0.0541595717659012,
      "fcf_margin": 0.1176232631212546,
      "incr_op_margin_yoy": 0.5970837947582134,
      "rev_growth_yoy": -0.41642830869233427,
      "rev_growth_yoy_accel": -0.13908749990713382,
      "fcf_margin_change": -0.029295066605442538
    },
    {
      "date": "2023-06-30T00:00:00",
      "quarter_label": "2023-06 (Q2)",
      "revenue": 123223000,
      "gross_profit": 62846000,
      "operating_income": 12641000,
      "net_income": 14793000,
      "opex": 50205000,
      "cogs": 60377000,
      "rd": 24517000,
      "sga": null,
      "fcf": 3052000,
      "ocf": 6181000,
      "capex": -3129000,
      "gross_margin": 0.5100184218855246,
      "op_margin": 0.10258636780471178,
      "fcf_margin": 0.02476810335732777,
      "incr_op_margin_yoy": 0.7810838832842355,
      "rev_growth_yoy": -0.33025882404095963,
      "rev_growth_yoy_accel": 0.08616948465137464,
      "op_leverage_ratio": 3.8279476525296827,
      "fcf_margin_change": -0.09285515976392683
    },
    {
      "date": "2023-09-30T00:00:00",
      "quarter_label": "2023-09 (Q3)",
      "revenue": 125511000,
      "gross_profit": 65945000,
      "operating_income": 17712000,
      "net_income": 19796000,
      "opex": 48233000,
      "cogs": 59566000,
      "rd": 24064000,
      "sga": null,
      "fcf": 19196000,
      "ocf": 26726000,
      "capex": -7530000,
      "gross_margin": 0.525412115272765,
      "op_margin": 0.1411191050983579,
      "fcf_margin": 0.15294276995641817,
      "incr_op_margin_yoy": 0.882984851103047,
      "rev_growth_yoy": -0.2166969350882777,
      "rev_growth_yoy_accel": 0.11356188895268193,
      "op_leverage_ratio": null,
      "fcf_margin_change": 0.1281746665990904
    },
    {
      "date": "2023-12-31T00:00:00",
      "quarter_label": "2023-12 (Q4)",
      "revenue": 89507000,
      "gross_profit": 46208000,
      "operating_income": -1051000,
      "net_income": 14271000,
      "opex": 47259000,
      "cogs": 43299000,
      "rd": 23505000,
      "sga": null,
      "fcf": 10124000,
      "ocf": 16267000,
      "capex": -6143000,
      "gross_margin": 0.5162501256884936,
      "op_margin": -0.011742098383366664,
      "fcf_margin": 0.11310847196308668,
      "incr_op_margin_yoy": 0.6222669653744718,
      "rev_growth_yoy": -0.2826240282119099,
      "rev_growth_yoy_accel": -0.06592709312363221,
      "fcf_margin_change": -0.03983429799333149
    },
    {
      "date": "2024-03-31T00:00:00",
      "quarter_label": "2024-03 (Q1)",
      "revenue": 91688000,
      "gross_profit": 47780000,
      "operating_income": 470000,
      "net_income": 3954000,
      "opex": 47310000,
      "cogs": 43908000,
      "rd": 23225000,
      "sga": null,
      "fcf": 11562000,
      "ocf": 15905000,
      "capex": -4343000,
      "gross_margin": 0.521115085943635,
      "op_margin": 0.005126079748713027,
      "fcf_margin": 0.12610156181834045,
      "incr_op_margin_yoy": 0.36190019850776917,
      "rev_growth_yoy": -0.13743567551294958,
      "rev_growth_yoy_accel": 0.14518835269896033,
      "op_leverage_ratio": 22.579432170602495,
      "fcf_margin_change": 0.01299308985525377
    },
    {
      "date": "2024-06-30T00:00:00",
      "quarter_label": "2024-06 (Q2)",
      "revenue": 106198000,
      "gross_profit": 56533000,
      "operating_income": 1958000,
      "net_income": 4849000,
      "opex": 54575000,
      "cogs": 49665000,
      "rd": 26047000,
      "sga": null,
      "fcf": 13464000,
      "ocf": 17631000,
      "capex": -4167000,
      "gross_margin": 0.5323358255334375,
      "op_margin": 0.018437258705437012,
      "fcf_margin": 0.12678204862615114,
      "incr_op_margin_yoy": 0.627488986784141,
      "rev_growth_yoy": -0.13816414143463476,
      "rev_growth_yoy_accel": -0.0007284659216851841,
      "op_leverage_ratio": 1.0305575333638426,
      "fcf_margin_change": 0.0006804868078106874
    },
    {
      "date": "2024-09-30T00:00:00",
      "quarter_label": "2024-09 (Q3)",
      "revenue": 115837000,
      "gross_profit": 63171000,
      "operating_income": 11582000,
      "net_income": 14291000,
      "opex": 51589000,
      "cogs": 52666000,
      "rd": 25829000,
      "sga": null,
      "fcf": 27188000,
      "ocf": 32919000,
      "capex": -5731000,
      "gross_margin": 0.5453438883948998,
      "op_margin": 0.09998532420556472,
      "fcf_margin": 0.2347091171214724,
      "incr_op_margin_yoy": 0.6336572255530287,
      "rev_growth_yoy": -0.07707690959358143,
      "rev_growth_yoy_accel": 0.06108723184105333,
      "op_leverage_ratio": null,
      "fcf_margin_change": 0.10792706849532127
    },
    {
      "date": "2024-12-31T00:00:00",
      "quarter_label": "2024-12 (Q4)",
      "revenue": 105250000,
      "gross_profit": 57267000,
      "operating_income": 3919000,
      "net_income": 9140000,
      "opex": 53348000,
      "cogs": 47983000,
      "rd": 25689000,
      "sga": null,
      "fcf": 11681000,
      "ocf": 14726000,
      "capex": -3045000,
      "gross_margin": 0.544104513064133,
      "op_margin": 0.03723515439429929,
      "fcf_margin": 0.1109833729216152,
      "incr_op_margin_yoy": 0.3156958648288128,
      "rev_growth_yoy": 0.175885684918498,
      "rev_growth_yoy_accel": 0.2529625945120794,
      "fcf_margin_change": -0.12372574419985721
    },
    {
      "date": "2025-03-31T00:00:00",
      "quarter_label": "2025-03 (Q1)",
      "revenue": 105529000,
      "gross_profit": 58235000,
      "operating_income": 6718000,
      "net_income": 8790000,
      "opex": 51517000,
      "cogs": 47294000,
      "rd": 24095000,
      "sga": null,
      "fcf": 20660000,
      "ocf": 26386000,
      "capex": -5726000,
      "gross_margin": 0.5518388310322281,
      "op_margin": 0.06366022609898701,
      "fcf_margin": 0.1957755688009931,
      "incr_op_margin_yoy": 0.45141247019724007,
      "rev_growth_yoy": 0.15095759532327022,
      "rev_growth_yoy_accel": -0.02492808959522777,
      "fcf_margin_change": 0.08479219587937789
    },
    {
      "date": "2025-06-30T00:00:00",
      "quarter_label": "2025-06 (Q2)",
      "revenue": 115852000,
      "gross_profit": 63954000,
      "operating_income": -1345000,
      "net_income": 1369000,
      "opex": 65299000,
      "cogs": 51898000,
      "rd": 25991000,
      "sga": null,
      "fcf": 23146000,
      "ocf": 29072000,
      "capex": -5926000,
      "gross_margin": 0.5520319027725028,
      "op_margin": -0.01160963988537099,
      "fcf_margin": 0.1997893864585851,
      "incr_op_margin_yoy": -0.3421379738968303,
      "rev_growth_yoy": 0.09090566677338556,
      "rev_growth_yoy_accel": -0.060051928549884656,
      "op_leverage_ratio": 0.3656557639476018,
      "fcf_margin_change": 0.0040138176575920115
    },
    {
      "date": "2025-09-30T00:00:00",
      "quarter_label": "2025-09 (Q3)",
      "revenue": 118919000,
      "gross_profit": 64851000,
      "operating_income": -3953000,
      "net_income": -1356000,
      "opex": 68804000,
      "cogs": 54068000,
      "rd": 26696000,
      "sga": null,
      "fcf": 24160000,
      "ocf": 29854000,
      "capex": -5694000,
      "gross_margin": 0.5453375827243754,
      "op_margin": -0.03324111369924066,
      "fcf_margin": 0.20316349784306964,
      "incr_op_margin_yoy": -5.0405580791693705,
      "rev_growth_yoy": 0.026606352029144402,
      "rev_growth_yoy_accel": -0.06429931474424116,
      "op_leverage_ratio": 0.4932064511645361,
      "fcf_margin_change": 0.0033741113844845405
    },
    {
      "date": "2025-12-31T00:00:00",
      "quarter_label": "2025-12 (Q4)",
      "revenue": 103204000,
      "gross_profit": 54609000,
      "operating_income": 8774000,
      "net_income": 13290000,
      "opex": 45835000,
      "cogs": 48595000,
      "rd": 24334000,
      "sga": null,
      "fcf": 19156000,
      "ocf": 26206000,
      "capex": -7050000,
      "gross_margin": 0.529136467578776,
      "op_margin": 0.08501608464788186,
      "fcf_margin": 0.18561296073795588,
      "incr_op_margin_yoy": -2.3729227761485827,
      "rev_growth_yoy": -0.019439429928741092,
      "rev_growth_yoy_accel": -0.046045781957885494,
      "fcf_margin_change": -0.017550537105113756
    }
  ],
  "signals": [
    {
      "quarter": "2025-12 (Q4)",
      "signal": "OP MARGIN TURNED POSITIVE (QoQ)",
      "detail": "Op margin: -3.3% -> +8.5%",
      "severity": "HIGH"
    },
    {
      "quarter": "2025-09 (Q3)",
      "signal": "YoY REVENUE GROWTH DECELERATION",
      "detail": "YoY growth: +2.7% vs prior quarter YoY: +9.1% (decel: -6.4%)",
      "severity": "WARNING"
    },
    {
      "quarter": "2025-06 (Q2)",
      "signal": "YoY REVENUE GROWTH DECELERATION",
      "detail": "YoY growth: +9.1% vs prior quarter YoY: +15.1% (decel: -6.0%)",
      "severity": "WARNING"
    },
    {
      "quarter": "2025-03 (Q1)",
      "signal": "FCF MARGIN EXPANSION",
      "detail": "FCF margin: +11.1% -> +19.6% (+8.5%)",
      "severity": "MEDIUM"
    },
    {
      "quarter": "2025-03 (Q1)",
      "signal": "INCREMENTAL MARGIN (YoY)",
      "detail": "YoY Incr OPM: +45.1% vs year-ago OPM: +0.5%",
      "severity": "HIGH"
    },
    {
      "quarter": "2024-12 (Q4)",
      "signal": "YoY REVENUE GROWTH ACCELERATION",
      "detail": "YoY growth: +17.6% vs prior quarter YoY: -7.7% (accel: +25.3%)",
      "severity": "HIGH"
    },
    {
      "quarter": "2024-12 (Q4)",
      "signal": "OP MARGIN TURNED POSITIVE (YoY)",
      "detail": "Op margin: -1.2% (year-ago) -> +3.7%",
      "severity": "HIGH"
    },
    {
      "quarter": "2024-09 (Q3)",
      "signal": "FCF MARGIN EXPANSION",
      "detail": "FCF margin: +12.7% -> +23.5% (+10.8%)",
      "severity": "MEDIUM"
    },
    {
      "quarter": "2024-09 (Q3)",
      "signal": "YoY REVENUE GROWTH ACCELERATION",
      "detail": "YoY growth: -7.7% vs prior quarter YoY: -13.8% (accel: +6.1%)",
      "severity": "MEDIUM"
    },
    {
      "quarter": "2024-09 (Q3)",
      "signal": "INCREMENTAL MARGIN (YoY)",
      "detail": "YoY Incr OPM: +63.4% vs year-ago OPM: +14.1%",
      "severity": "HIGH"
    },
    {
      "quarter": "2024-06 (Q2)",
      "signal": "INCREMENTAL MARGIN (YoY)",
      "detail": "YoY Incr OPM: +62.7% vs year-ago OPM: +10.3%",
      "severity": "HIGH"
    },
    {
      "quarter": "2024-03 (Q1)",
      "signal": "OPERATING LEVERAGE",
      "detail": "Rev growth +2.4% vs OpEx growth +0.1% (leverage: 22.6x)",
      "severity": "MEDIUM"
    },
    {
      "quarter": "2024-03 (Q1)",
      "signal": "YoY REVENUE GROWTH ACCELERATION",
      "detail": "YoY growth: -13.7% vs prior quarter YoY: -28.3% (accel: +14.5%)",
      "severity": "MEDIUM"
    },
    {
      "quarter": "2024-03 (Q1)",
      "signal": "INCREMENTAL MARGIN (YoY)",
      "detail": "YoY Incr OPM: +36.2% vs year-ago OPM: +5.4%",
      "severity": "HIGH"
    },
    {
      "quarter": "2024-03 (Q1)",
      "signal": "OP MARGIN TURNED POSITIVE (QoQ)",
      "detail": "Op margin: -1.2% -> +0.5%",
      "severity": "HIGH"
    },
    {
      "quarter": "2023-12 (Q4)",
      "signal": "YoY REVENUE GROWTH DECELERATION",
      "detail": "YoY growth: -28.3% vs prior quarter YoY: -21.7% (decel: -6.6%)",
      "severity": "WARNING"
    },
    {
      "quarter": "2023-09 (Q3)",
      "signal": "FCF MARGIN EXPANSION",
      "detail": "FCF margin: +2.5% -> +15.3% (+12.8%)",
      "severity": "MEDIUM"
    },
    {
      "quarter": "2023-09 (Q3)",
      "signal": "YoY REVENUE GROWTH ACCELERATION",
      "detail": "YoY growth: -21.7% vs prior quarter YoY: -33.0% (accel: +11.4%)",
      "severity": "MEDIUM"
    },
    {
      "quarter": "2023-09 (Q3)",
      "signal": "INCREMENTAL MARGIN (YoY)",
      "detail": "YoY Incr OPM: +88.3% vs year-ago OPM: +30.2%",
      "severity": "HIGH"
    },
    {
      "quarter": "2023-06 (Q2)",
      "signal": "OPERATING LEVERAGE",
      "detail": "Rev growth +15.9% vs OpEx growth +4.2% (leverage: 3.8x)",
      "severity": "MEDIUM"
    },
    {
      "quarter": "2023-06 (Q2)",
      "signal": "YoY REVENUE GROWTH ACCELERATION",
      "detail": "YoY growth: -33.0% vs prior quarter YoY: -41.6% (accel: +8.6%)",
      "severity": "MEDIUM"
    },
    {
      "quarter": "2023-06 (Q2)",
      "signal": "INCREMENTAL MARGIN (YoY)",
      "detail": "YoY Incr OPM: +78.1% vs year-ago OPM: +32.7%",
      "severity": "HIGH"
    },
    {
      "quarter": "2023-03 (Q1)",
      "signal": "YoY REVENUE GROWTH DECELERATION",
      "detail": "YoY growth: -41.6% vs prior quarter YoY: -27.7% (decel: -13.9%)",
      "severity": "WARNING"
    },
    {
      "quarter": "2023-03 (Q1)",
      "signal": "INCREMENTAL MARGIN (YoY)",
      "detail": "YoY Incr OPM: +59.7% vs year-ago OPM: +28.0%",
      "severity": "HIGH"
    },
    {
      "quarter": "2022-12 (Q4)",
      "signal": "YoY REVENUE GROWTH DECELERATION",
      "detail": "YoY growth: -27.7% vs prior quarter YoY: -9.4% (decel: -18.4%)",
      "severity": "WARNING"
    },
    {
      "quarter": "2022-12 (Q4)",
      "signal": "INCREMENTAL MARGIN (YoY)",
      "detail": "YoY Incr OPM: +48.9% vs year-ago OPM: +25.7%",
      "severity": "HIGH"
    },
    {
      "quarter": "2022-09 (Q3)",
      "signal": "YoY REVENUE GROWTH DECELERATION",
      "detail": "YoY growth: -9.4% vs prior quarter YoY: +2.2% (decel: -11.5%)",
      "severity": "WARNING"
    },
    {
      "quarter": "2022-06 (Q2)",
      "signal": "INCREMENTAL MARGIN (YoY)",
      "detail": "YoY Incr OPM: +390.2% vs year-ago OPM: +25.0%",
      "severity": "HIGH"
    },
    {
      "quarter": "2022-03 (Q1)",
      "signal": "FCF MARGIN EXPANSION",
      "detail": "FCF margin: +17.5% -> +32.9% (+15.4%)",
      "severity": "MEDIUM"
    },
    {
      "quarter": "2022-03 (Q1)",
      "signal": "OPERATING LEVERAGE",
      "detail": "Rev growth +5.5% vs OpEx growth +1.5% (leverage: 3.6x)",
      "severity": "MEDIUM"
    },
    {
      "quarter": "2022-03 (Q1)",
      "signal": "INCREMENTAL MARGIN (YoY)",
      "detail": "YoY Incr OPM: +129.1% vs year-ago OPM: +23.1%",
      "severity": "HIGH"
    },
    {
      "quarter": "2021-06 (Q2)",
      "signal": "FCF MARGIN EXPANSION",
      "detail": "FCF margin: +27.1% -> +32.5% (+5.4%)",
      "severity": "MEDIUM"
    }
  ],
  "data_quality": {
    "n_quarters": 20,
    "coverage": {
      "revenue": [
        20,
        20
      ],
      "gross_profit": [
        20,
        20
      ],
      "op_income": [
        20,
        20
      ],
      "fcf": [
        20,
        20
      ]
    },
    "gaps": [],
    "warnings": []
  },
  "market_cap": null,
  "source": "SEC EDGAR",
  "last_updated": "2026-02-09T19:09:14.288233"
}