{
  "ticker": "POWL",
  "name": "Powell Industries, Inc.",
  "quarters": [
    {
      "date": "2020-12-31T00:00:00",
      "quarter_label": "2020-12 (Q4)",
      "revenue": 106575000,
      "gross_profit": 18271000,
      "operating_income": -320000,
      "net_income": -364000,
      "opex": 18591000,
      "cogs": 88304000,
      "rd": 1673000,
      "sga": 16874000,
      "fcf": -26137000,
      "ocf": -25176000,
      "capex": -961000,
      "gross_margin": 0.1714379544921417,
      "op_margin": -0.00300258034248182,
      "fcf_margin": -0.24524513253577293
    },
    {
      "date": "2021-03-31T00:00:00",
      "quarter_label": "2021-03 (Q1)",
      "revenue": 118716000,
      "gross_profit": 17153000,
      "operating_income": -1167000,
      "net_income": -225000,
      "opex": 18320000,
      "cogs": 101563000,
      "rd": 1601000,
      "sga": 16675000,
      "fcf": 6435000,
      "ocf": 7097000,
      "capex": -662000,
      "gross_margin": 0.14448768489504363,
      "op_margin": -0.009830182957646821,
      "fcf_margin": 0.05420499342969776,
      "op_leverage_ratio": Infinity,
      "fcf_margin_change": 0.2994501259654707
    },
    {
      "date": "2021-06-30T00:00:00",
      "quarter_label": "2021-06 (Q2)",
      "revenue": 115813000,
      "gross_profit": 17167000,
      "operating_income": -1359000,
      "net_income": -2041000,
      "opex": 18526000,
      "cogs": 98646000,
      "rd": 1772000,
      "sga": 16710000,
      "fcf": -22471000,
      "ocf": -21614000,
      "capex": -857000,
      "gross_margin": 0.14823033683610648,
      "op_margin": -0.011734433958191222,
      "fcf_margin": -0.1940283042490912,
      "fcf_margin_change": -0.24823329767878896
    },
    {
      "date": "2021-09-30T00:00:00",
      "quarter_label": "2021-09 (Q3)",
      "revenue": 129455000,
      "gross_profit": 22472000,
      "operating_income": 3864000,
      "net_income": 3261000,
      "opex": 18608000,
      "cogs": 106983000,
      "rd": 1624000,
      "sga": 16958000,
      "fcf": 8781000,
      "ocf": 9232000,
      "capex": -451000,
      "gross_margin": 0.17358927812753466,
      "op_margin": 0.02984820980263412,
      "fcf_margin": 0.0678305202580047,
      "op_leverage_ratio": 26.61267564848548,
      "fcf_margin_change": 0.2618588245070959
    },
    {
      "date": "2021-12-31T00:00:00",
      "quarter_label": "2021-12 (Q4)",
      "revenue": 106569000,
      "gross_profit": 13436000,
      "operating_income": -4290000,
      "net_income": -2846000,
      "opex": 17726000,
      "cogs": 93133000,
      "rd": 1824000,
      "sga": 15902000,
      "fcf": -28269000,
      "ocf": -27833000,
      "capex": -436000,
      "gross_margin": 0.1260779401139168,
      "op_margin": -0.04025560904202911,
      "fcf_margin": -0.2652647580440841,
      "rev_growth_yoy": -5.629838142153413e-05,
      "fcf_margin_change": -0.33309527830208885
    },
    {
      "date": "2022-03-31T00:00:00",
      "quarter_label": "2022-03 (Q1)",
      "revenue": 127854000,
      "gross_profit": 19083000,
      "operating_income": 303000,
      "net_income": -1217000,
      "opex": 18780000,
      "cogs": 108771000,
      "rd": 1713000,
      "sga": 17067000,
      "fcf": 14145000,
      "ocf": 14825000,
      "capex": -680000,
      "gross_margin": 0.1492561828335445,
      "op_margin": 0.0023698906565301045,
      "fcf_margin": 0.11063400441128161,
      "incr_op_margin_yoy": 0.1608667104399212,
      "rev_growth_yoy": 0.07697361770949156,
      "rev_growth_yoy_accel": 0.07702991609091309,
      "op_leverage_ratio": 3.3590223849946006,
      "fcf_margin_change": 0.37589876245536574
    },
    {
      "date": "2022-06-30T00:00:00",
      "quarter_label": "2022-06 (Q2)",
      "revenue": 135483000,
      "gross_profit": 19059000,
      "operating_income": 849000,
      "net_income": 9061000,
      "opex": 18210000,
      "cogs": 116424000,
      "rd": 1806000,
      "sga": 16404000,
      "fcf": -15425000,
      "ocf": -14776000,
      "capex": -649000,
      "gross_margin": 0.14067447576448705,
      "op_margin": 0.006266468855871217,
      "fcf_margin": -0.11385192238140579,
      "incr_op_margin_yoy": 0.11225216065073716,
      "rev_growth_yoy": 0.16984276376572577,
      "rev_growth_yoy_accel": 0.09286914605623421,
      "op_leverage_ratio": Infinity,
      "fcf_margin_change": -0.22448592679268742
    },
    {
      "date": "2022-09-30T00:00:00",
      "quarter_label": "2022-09 (Q3)",
      "revenue": 162676000,
      "gross_profit": 33440000,
      "operating_income": 10362000,
      "net_income": 8739000,
      "opex": 23078000,
      "cogs": 129235000,
      "rd": 1621000,
      "sga": 21457000,
      "fcf": 23516000,
      "ocf": 24202000,
      "capex": -686000,
      "gross_margin": 0.20556197595219947,
      "op_margin": 0.06369716491676707,
      "fcf_margin": 0.14455727950035654,
      "incr_op_margin_yoy": 0.1955991692002047,
      "rev_growth_yoy": 0.2566219921980611,
      "rev_growth_yoy_accel": 0.08677922843233532,
      "op_leverage_ratio": 0.7508128454942463,
      "fcf_margin_change": 0.2584092018817623
    },
    {
      "date": "2022-12-31T00:00:00",
      "quarter_label": "2022-12 (Q4)",
      "revenue": 126858000,
      "gross_profit": 19464000,
      "operating_income": 1090000,
      "net_income": 1162000,
      "opex": 18374000,
      "cogs": 107394000,
      "rd": 1501000,
      "sga": 16873000,
      "fcf": -3275000,
      "ocf": -549000,
      "capex": -2726000,
      "gross_margin": 0.15343139573381262,
      "op_margin": 0.008592284286367434,
      "fcf_margin": -0.025816267007204907,
      "incr_op_margin_yoy": 0.265168317807679,
      "rev_growth_yoy": 0.1903836950707992,
      "rev_growth_yoy_accel": -0.0662382971272619,
      "fcf_margin_change": -0.17037354650756145
    },
    {
      "date": "2023-03-31T00:00:00",
      "quarter_label": "2023-03 (Q1)",
      "revenue": 171444000,
      "gross_profit": 33437000,
      "operating_income": 10074000,
      "net_income": 8473000,
      "opex": 23363000,
      "cogs": 138007000,
      "rd": 1543000,
      "sga": 21820000,
      "fcf": 55433000,
      "ocf": 56063000,
      "capex": -630000,
      "gross_margin": 0.19503161382142273,
      "op_margin": 0.05875971162595366,
      "fcf_margin": 0.3233300669606402,
      "incr_op_margin_yoy": 0.22415691672401927,
      "rev_growth_yoy": 0.3409357548453705,
      "rev_growth_yoy_accel": 0.15055205977457128,
      "op_leverage_ratio": 1.2944070200432531,
      "fcf_margin_change": 0.3491463339678451
    },
    {
      "date": "2023-06-30T00:00:00",
      "quarter_label": "2023-06 (Q2)",
      "revenue": 192365000,
      "gross_profit": 42670000,
      "operating_income": 21552000,
      "net_income": 18454000,
      "opex": 21118000,
      "cogs": 149695000,
      "rd": 1427000,
      "sga": 19691000,
      "fcf": 49150000,
      "ocf": 49800000,
      "capex": -650000,
      "gross_margin": 0.22181789826631665,
      "op_margin": 0.1120370129701349,
      "fcf_margin": 0.25550385984976476,
      "incr_op_margin_yoy": 0.363963995640097,
      "rev_growth_yoy": 0.41984603234354123,
      "rev_growth_yoy_accel": 0.07891027749817076,
      "op_leverage_ratio": Infinity,
      "fcf_margin_change": -0.06782620711087545
    },
    {
      "date": "2023-09-30T00:00:00",
      "quarter_label": "2023-09 (Q3)",
      "revenue": 208641000,
      "gross_profit": 51982000,
      "operating_income": 29804000,
      "net_income": 26436000,
      "opex": 22178000,
      "cogs": 156659000,
      "rd": 1749000,
      "sga": 20429000,
      "fcf": 73426000,
      "ocf": 77239000,
      "capex": -3813000,
      "gross_margin": 0.2491456616868209,
      "op_margin": 0.14284824171663288,
      "fcf_margin": 0.35192507704621817,
      "incr_op_margin_yoy": 0.42297400195801155,
      "rev_growth_yoy": 0.28255550911013305,
      "rev_growth_yoy_accel": -0.13729052323340818,
      "op_leverage_ratio": 1.6856544236609945,
      "fcf_margin_change": 0.09642121719645341
    },
    {
      "date": "2023-12-31T00:00:00",
      "quarter_label": "2023-12 (Q4)",
      "revenue": 194017000,
      "gross_profit": 48194000,
      "operating_income": 25880000,
      "net_income": 24085000,
      "opex": 22314000,
      "cogs": 145823000,
      "rd": 1967000,
      "sga": 20347000,
      "fcf": 82663000,
      "ocf": 83898000,
      "capex": -1235000,
      "gross_margin": 0.2484009133220285,
      "op_margin": 0.1333903730085508,
      "fcf_margin": 0.42606060293685605,
      "incr_op_margin_yoy": 0.3691240191188076,
      "rev_growth_yoy": 0.5294029544845418,
      "rev_growth_yoy_accel": 0.24684744537440872,
      "fcf_margin_change": 0.07413552589063788
    },
    {
      "date": "2024-03-31T00:00:00",
      "quarter_label": "2024-03 (Q1)",
      "revenue": 255108000,
      "gross_profit": 62720000,
      "operating_income": 39489000,
      "net_income": 33488000,
      "opex": 23231000,
      "cogs": 192388000,
      "rd": 2284000,
      "sga": 20947000,
      "fcf": 16090000,
      "ocf": 16993000,
      "capex": -903000,
      "gross_margin": 0.2458566567884974,
      "op_margin": 0.15479326402935228,
      "fcf_margin": 0.06307132665380936,
      "incr_op_margin_yoy": 0.3515849110728629,
      "rev_growth_yoy": 0.48799608035276826,
      "rev_growth_yoy_accel": -0.04140687413177352,
      "op_leverage_ratio": 7.662059889084695,
      "fcf_margin_change": -0.36298927628304667
    },
    {
      "date": "2024-06-30T00:00:00",
      "quarter_label": "2024-06 (Q2)",
      "revenue": 288168000,
      "gross_profit": 81740000,
      "operating_income": 57288000,
      "net_income": 46223000,
      "opex": 24452000,
      "cogs": 206428000,
      "rd": 2430000,
      "sga": 22022000,
      "fcf": 12372000,
      "ocf": 13761000,
      "capex": -1389000,
      "gross_margin": 0.2836539796229977,
      "op_margin": 0.19880069959190472,
      "fcf_margin": 0.0429332889147997,
      "incr_op_margin_yoy": 0.37301545880609166,
      "rev_growth_yoy": 0.4980271878980064,
      "rev_growth_yoy_accel": 0.010031107545238116,
      "op_leverage_ratio": 2.465647636869237,
      "fcf_margin_change": -0.020138037739009663
    },
    {
      "date": "2024-09-30T00:00:00",
      "quarter_label": "2024-09 (Q3)",
      "revenue": 275063000,
      "gross_profit": 80434000,
      "operating_income": 56116000,
      "net_income": 46052000,
      "opex": 24318000,
      "cogs": 194629000,
      "rd": 2746000,
      "sga": 21572000,
      "fcf": -14447000,
      "ocf": -5991000,
      "capex": -8456000,
      "gross_margin": 0.29242028189905583,
      "op_margin": 0.2040114446508618,
      "fcf_margin": -0.05252251302428898,
      "incr_op_margin_yoy": 0.39613381108668816,
      "rev_growth_yoy": 0.31835545266750065,
      "rev_growth_yoy_accel": -0.17967173523050572,
      "fcf_margin_change": -0.09545580193908867
    },
    {
      "date": "2024-12-31T00:00:00",
      "quarter_label": "2024-12 (Q4)",
      "revenue": 241431000,
      "gross_profit": 59524000,
      "operating_income": 35572000,
      "net_income": 34763000,
      "opex": 23952000,
      "cogs": 181907000,
      "rd": 2476000,
      "sga": 21476000,
      "fcf": 34883000,
      "ocf": 37072000,
      "capex": -2189000,
      "gross_margin": 0.24654663237115365,
      "op_margin": 0.14733816287055101,
      "fcf_margin": 0.14448434542374425,
      "incr_op_margin_yoy": 0.2044121989285865,
      "rev_growth_yoy": 0.2443806470567012,
      "rev_growth_yoy_accel": -0.07397480561079944,
      "fcf_margin_change": 0.19700685844803323
    },
    {
      "date": "2025-03-31T00:00:00",
      "quarter_label": "2025-03 (Q1)",
      "revenue": 278631000,
      "gross_profit": 83432000,
      "operating_income": 58919000,
      "net_income": 46330000,
      "opex": 24513000,
      "cogs": 195199000,
      "rd": 2746000,
      "sga": 21767000,
      "fcf": 18334000,
      "ocf": 22408000,
      "capex": -4074000,
      "gross_margin": 0.29943545405931143,
      "op_margin": 0.2114588828952988,
      "fcf_margin": 0.0658002878358833,
      "incr_op_margin_yoy": 0.8260000850231688,
      "rev_growth_yoy": 0.09220800602097935,
      "rev_growth_yoy_accel": -0.15217264103572187,
      "op_leverage_ratio": 6.578529528382209,
      "fcf_margin_change": -0.07868405758786094
    },
    {
      "date": "2025-06-30T00:00:00",
      "quarter_label": "2025-06 (Q2)",
      "revenue": 286273000,
      "gross_profit": 87899000,
      "operating_income": 60124000,
      "net_income": 48234000,
      "opex": 27775000,
      "cogs": 198374000,
      "rd": 2659000,
      "sga": 25116000,
      "fcf": 42265000,
      "ocf": 47382000,
      "capex": -5117000,
      "gross_margin": 0.3070460714073629,
      "op_margin": 0.2100232994379491,
      "fcf_margin": 0.14763879234157604,
      "incr_op_margin_yoy": -1.4965699208443273,
      "rev_growth_yoy": -0.006576025096471503,
      "rev_growth_yoy_accel": -0.09878403111745085,
      "op_leverage_ratio": 0.20610575010281557,
      "fcf_margin_change": 0.08183850450569273
    },
    {
      "date": "2025-09-30T00:00:00",
      "quarter_label": "2025-09 (Q3)",
      "revenue": 297983000,
      "gross_profit": 93526000,
      "operating_income": 63245000,
      "net_income": 51420000,
      "opex": 30281000,
      "cogs": 204457000,
      "rd": 3127000,
      "sga": 27042000,
      "fcf": 59306000,
      "ocf": 61075000,
      "capex": -1769000,
      "gross_margin": 0.3138635425510851,
      "op_margin": 0.21224365148347388,
      "fcf_margin": 0.19902477658121437,
      "incr_op_margin_yoy": 0.31103839441535774,
      "rev_growth_yoy": 0.08332636523269214,
      "rev_growth_yoy_accel": 0.08990239032916364,
      "op_leverage_ratio": 0.4533665841028873,
      "fcf_margin_change": 0.05138598423963833
    }
  ],
  "signals": [
    {
      "quarter": "2025-09 (Q3)",
      "signal": "FCF MARGIN EXPANSION",
      "detail": "FCF margin: +14.8% -> +19.9% (+5.1%)",
      "severity": "MEDIUM"
    },
    {
      "quarter": "2025-09 (Q3)",
      "signal": "YoY REVENUE GROWTH ACCELERATION",
      "detail": "YoY growth: +8.3% vs prior quarter YoY: -0.7% (accel: +9.0%)",
      "severity": "MEDIUM"
    },
    {
      "quarter": "2025-09 (Q3)",
      "signal": "INCREMENTAL MARGIN (YoY)",
      "detail": "YoY Incr OPM: +31.1% vs year-ago OPM: +20.4%",
      "severity": "MEDIUM"
    },
    {
      "quarter": "2025-06 (Q2)",
      "signal": "FCF MARGIN EXPANSION",
      "detail": "FCF margin: +6.6% -> +14.8% (+8.2%)",
      "severity": "MEDIUM"
    },
    {
      "quarter": "2025-06 (Q2)",
      "signal": "YoY REVENUE GROWTH DECELERATION",
      "detail": "YoY growth: -0.7% vs prior quarter YoY: +9.2% (decel: -9.9%)",
      "severity": "WARNING"
    },
    {
      "quarter": "2025-03 (Q1)",
      "signal": "OPERATING LEVERAGE",
      "detail": "Rev growth +15.4% vs OpEx growth +2.3% (leverage: 6.6x)",
      "severity": "MEDIUM"
    },
    {
      "quarter": "2025-03 (Q1)",
      "signal": "GROSS MARGIN INFLECTION",
      "detail": "GM: +29.2% -> +24.7% -> +29.9% (reversal +5.3%)",
      "severity": "HIGH"
    },
    {
      "quarter": "2025-03 (Q1)",
      "signal": "YoY REVENUE GROWTH DECELERATION",
      "detail": "YoY growth: +9.2% vs prior quarter YoY: +24.4% (decel: -15.2%)",
      "severity": "WARNING"
    },
    {
      "quarter": "2025-03 (Q1)",
      "signal": "INCREMENTAL MARGIN (YoY)",
      "detail": "YoY Incr OPM: +82.6% vs year-ago OPM: +15.5%",
      "severity": "HIGH"
    },
    {
      "quarter": "2024-12 (Q4)",
      "signal": "FCF TURNED POSITIVE",
      "detail": "FCF margin: -5.3% -> +14.4%",
      "severity": "HIGH"
    },
    {
      "quarter": "2024-12 (Q4)",
      "signal": "YoY REVENUE GROWTH DECELERATION",
      "detail": "YoY growth: +24.4% vs prior quarter YoY: +31.8% (decel: -7.4%)",
      "severity": "WARNING"
    },
    {
      "quarter": "2024-09 (Q3)",
      "signal": "YoY REVENUE GROWTH DECELERATION",
      "detail": "YoY growth: +31.8% vs prior quarter YoY: +49.8% (decel: -18.0%)",
      "severity": "WARNING"
    },
    {
      "quarter": "2024-09 (Q3)",
      "signal": "INCREMENTAL MARGIN (YoY)",
      "detail": "YoY Incr OPM: +39.6% vs year-ago OPM: +14.3%",
      "severity": "HIGH"
    },
    {
      "quarter": "2024-06 (Q2)",
      "signal": "OPERATING LEVERAGE",
      "detail": "Rev growth +13.0% vs OpEx growth +5.3% (leverage: 2.5x)",
      "severity": "MEDIUM"
    },
    {
      "quarter": "2024-06 (Q2)",
      "signal": "GROSS MARGIN INFLECTION",
      "detail": "GM: +24.8% -> +24.6% -> +28.4% (reversal +3.8%)",
      "severity": "MEDIUM"
    },
    {
      "quarter": "2024-06 (Q2)",
      "signal": "INCREMENTAL MARGIN (YoY)",
      "detail": "YoY Incr OPM: +37.3% vs year-ago OPM: +11.2%",
      "severity": "HIGH"
    },
    {
      "quarter": "2024-03 (Q1)",
      "signal": "OPERATING LEVERAGE",
      "detail": "Rev growth +31.5% vs OpEx growth +4.1% (leverage: 7.7x)",
      "severity": "MEDIUM"
    },
    {
      "quarter": "2024-03 (Q1)",
      "signal": "INCREMENTAL MARGIN (YoY)",
      "detail": "YoY Incr OPM: +35.2% vs year-ago OPM: +5.9%",
      "severity": "HIGH"
    },
    {
      "quarter": "2023-12 (Q4)",
      "signal": "FCF MARGIN EXPANSION",
      "detail": "FCF margin: +35.2% -> +42.6% (+7.4%)",
      "severity": "MEDIUM"
    },
    {
      "quarter": "2023-12 (Q4)",
      "signal": "YoY REVENUE GROWTH ACCELERATION",
      "detail": "YoY growth: +52.9% vs prior quarter YoY: +28.3% (accel: +24.7%)",
      "severity": "HIGH"
    },
    {
      "quarter": "2023-12 (Q4)",
      "signal": "INCREMENTAL MARGIN (YoY)",
      "detail": "YoY Incr OPM: +36.9% vs year-ago OPM: +0.9%",
      "severity": "HIGH"
    },
    {
      "quarter": "2023-09 (Q3)",
      "signal": "FCF MARGIN EXPANSION",
      "detail": "FCF margin: +25.6% -> +35.2% (+9.6%)",
      "severity": "MEDIUM"
    },
    {
      "quarter": "2023-09 (Q3)",
      "signal": "OPERATING LEVERAGE",
      "detail": "Rev growth +8.5% vs OpEx growth +5.0% (leverage: 1.7x)",
      "severity": "MEDIUM"
    },
    {
      "quarter": "2023-09 (Q3)",
      "signal": "YoY REVENUE GROWTH DECELERATION",
      "detail": "YoY growth: +28.3% vs prior quarter YoY: +42.0% (decel: -13.7%)",
      "severity": "WARNING"
    },
    {
      "quarter": "2023-09 (Q3)",
      "signal": "INCREMENTAL MARGIN (YoY)",
      "detail": "YoY Incr OPM: +42.3% vs year-ago OPM: +6.4%",
      "severity": "HIGH"
    },
    {
      "quarter": "2023-06 (Q2)",
      "signal": "YoY REVENUE GROWTH ACCELERATION",
      "detail": "YoY growth: +42.0% vs prior quarter YoY: +34.1% (accel: +7.9%)",
      "severity": "MEDIUM"
    },
    {
      "quarter": "2023-06 (Q2)",
      "signal": "INCREMENTAL MARGIN (YoY)",
      "detail": "YoY Incr OPM: +36.4% vs year-ago OPM: +0.6%",
      "severity": "HIGH"
    },
    {
      "quarter": "2023-03 (Q1)",
      "signal": "FCF TURNED POSITIVE",
      "detail": "FCF margin: -2.6% -> +32.3%",
      "severity": "HIGH"
    },
    {
      "quarter": "2023-03 (Q1)",
      "signal": "GROSS MARGIN INFLECTION",
      "detail": "GM: +20.6% -> +15.3% -> +19.5% (reversal +4.2%)",
      "severity": "MEDIUM"
    },
    {
      "quarter": "2023-03 (Q1)",
      "signal": "YoY REVENUE GROWTH ACCELERATION",
      "detail": "YoY growth: +34.1% vs prior quarter YoY: +19.0% (accel: +15.1%)",
      "severity": "HIGH"
    },
    {
      "quarter": "2023-03 (Q1)",
      "signal": "INCREMENTAL MARGIN (YoY)",
      "detail": "YoY Incr OPM: +22.4% vs year-ago OPM: +0.2%",
      "severity": "HIGH"
    },
    {
      "quarter": "2022-12 (Q4)",
      "signal": "YoY REVENUE GROWTH DECELERATION",
      "detail": "YoY growth: +19.0% vs prior quarter YoY: +25.7% (decel: -6.6%)",
      "severity": "WARNING"
    },
    {
      "quarter": "2022-12 (Q4)",
      "signal": "OP MARGIN TURNED POSITIVE (YoY)",
      "detail": "Op margin: -4.0% (year-ago) -> +0.9%",
      "severity": "HIGH"
    },
    {
      "quarter": "2022-09 (Q3)",
      "signal": "FCF TURNED POSITIVE",
      "detail": "FCF margin: -11.4% -> +14.5%",
      "severity": "HIGH"
    },
    {
      "quarter": "2022-09 (Q3)",
      "signal": "GROSS MARGIN INFLECTION",
      "detail": "GM: +14.9% -> +14.1% -> +20.6% (reversal +6.5%)",
      "severity": "HIGH"
    },
    {
      "quarter": "2022-09 (Q3)",
      "signal": "YoY REVENUE GROWTH ACCELERATION",
      "detail": "YoY growth: +25.7% vs prior quarter YoY: +17.0% (accel: +8.7%)",
      "severity": "MEDIUM"
    },
    {
      "quarter": "2022-09 (Q3)",
      "signal": "INCREMENTAL MARGIN (YoY)",
      "detail": "YoY Incr OPM: +19.6% vs year-ago OPM: +3.0%",
      "severity": "MEDIUM"
    },
    {
      "quarter": "2022-06 (Q2)",
      "signal": "YoY REVENUE GROWTH ACCELERATION",
      "detail": "YoY growth: +17.0% vs prior quarter YoY: +7.7% (accel: +9.3%)",
      "severity": "MEDIUM"
    },
    {
      "quarter": "2022-06 (Q2)",
      "signal": "OP MARGIN TURNED POSITIVE (YoY)",
      "detail": "Op margin: -1.2% (year-ago) -> +0.6%",
      "severity": "HIGH"
    },
    {
      "quarter": "2022-03 (Q1)",
      "signal": "FCF TURNED POSITIVE",
      "detail": "FCF margin: -26.5% -> +11.1%",
      "severity": "HIGH"
    },
    {
      "quarter": "2022-03 (Q1)",
      "signal": "OPERATING LEVERAGE",
      "detail": "Rev growth +20.0% vs OpEx growth +5.9% (leverage: 3.4x)",
      "severity": "MEDIUM"
    },
    {
      "quarter": "2022-03 (Q1)",
      "signal": "GROSS MARGIN INFLECTION",
      "detail": "GM: +17.4% -> +12.6% -> +14.9% (reversal +2.3%)",
      "severity": "MEDIUM"
    },
    {
      "quarter": "2022-03 (Q1)",
      "signal": "YoY REVENUE GROWTH ACCELERATION",
      "detail": "YoY growth: +7.7% vs prior quarter YoY: -0.0% (accel: +7.7%)",
      "severity": "MEDIUM"
    },
    {
      "quarter": "2022-03 (Q1)",
      "signal": "OP MARGIN TURNED POSITIVE (YoY)",
      "detail": "Op margin: -1.0% (year-ago) -> +0.2%",
      "severity": "HIGH"
    },
    {
      "quarter": "2022-03 (Q1)",
      "signal": "OP MARGIN TURNED POSITIVE (QoQ)",
      "detail": "Op margin: -4.0% -> +0.2%",
      "severity": "HIGH"
    },
    {
      "quarter": "2021-09 (Q3)",
      "signal": "FCF TURNED POSITIVE",
      "detail": "FCF margin: -19.4% -> +6.8%",
      "severity": "HIGH"
    },
    {
      "quarter": "2021-09 (Q3)",
      "signal": "OPERATING LEVERAGE",
      "detail": "Rev growth +11.8% vs OpEx growth +0.4% (leverage: 26.6x)",
      "severity": "MEDIUM"
    },
    {
      "quarter": "2021-09 (Q3)",
      "signal": "OP MARGIN TURNED POSITIVE (QoQ)",
      "detail": "Op margin: -1.2% -> +3.0%",
      "severity": "HIGH"
    },
    {
      "quarter": "2021-03 (Q1)",
      "signal": "FCF TURNED POSITIVE",
      "detail": "FCF margin: -24.5% -> +5.4%",
      "severity": "HIGH"
    }
  ],
  "data_quality": {
    "n_quarters": 20,
    "coverage": {
      "revenue": [
        20,
        20
      ],
      "gross_profit": [
        20,
        20
      ],
      "op_income": [
        20,
        20
      ],
      "fcf": [
        20,
        20
      ]
    },
    "gaps": [],
    "warnings": []
  },
  "market_cap": null,
  "source": "SEC EDGAR",
  "last_updated": "2026-02-02T21:01:03.222688"
}