{
  "ticker": "POWW",
  "name": "Outdoor Holding Company",
  "quarters": [
    {
      "date": "2020-12-31T00:00:00",
      "quarter_label": "2020-12 (Q4)",
      "revenue": 16620244,
      "gross_profit": 3341906,
      "operating_income": -428807,
      "net_income": -1906437,
      "opex": 3770713,
      "cogs": 13278338,
      "rd": null,
      "sga": null,
      "fcf": -3717039,
      "ocf": -1499454,
      "capex": -2217585,
      "gross_margin": 0.2010744246594695,
      "op_margin": -0.025800283076469876,
      "fcf_margin": -0.22364527259647932
    },
    {
      "date": "2021-03-31T00:00:00",
      "quarter_label": "2021-03 (Q1)",
      "revenue": 24189244,
      "gross_profit": 5683714,
      "operating_income": -461049,
      "net_income": -463443,
      "opex": 6144763,
      "cogs": 18505530,
      "rd": null,
      "sga": null,
      "fcf": -12109562,
      "ocf": -9165348,
      "capex": -2944214,
      "gross_margin": 0.23496864970232223,
      "op_margin": -0.01906008306832574,
      "fcf_margin": -0.5006176298854151,
      "op_leverage_ratio": 0.7233270836137929,
      "fcf_margin_change": -0.2769723572889358
    },
    {
      "date": "2021-06-30T00:00:00",
      "quarter_label": "2021-06 (Q2)",
      "revenue": 44476332,
      "gross_profit": 18970894,
      "operating_income": 9680514,
      "net_income": 9536660,
      "opex": 9290380,
      "cogs": 25505438,
      "rd": null,
      "sga": 6679319,
      "fcf": 7059351,
      "ocf": 8670667,
      "capex": -1611316,
      "gross_margin": 0.42653908600196616,
      "op_margin": 0.2176554037774518,
      "fcf_margin": 0.15872151957135314,
      "op_leverage_ratio": 1.6383123744075072,
      "fcf_margin_change": 0.6593391494567683
    },
    {
      "date": "2021-09-30T00:00:00",
      "quarter_label": "2021-09 (Q3)",
      "revenue": 61002085,
      "gross_profit": 26216068,
      "operating_income": 14228318,
      "net_income": 14115512,
      "opex": 11987750,
      "cogs": 34786017,
      "rd": null,
      "sga": 8279736,
      "fcf": -64712271,
      "ocf": -15802747,
      "capex": -48909524,
      "gross_margin": 0.42975691732503896,
      "op_margin": 0.23324314242701705,
      "fcf_margin": -1.0608206424419755,
      "op_leverage_ratio": 1.2797503264931451,
      "fcf_margin_change": -1.2195421620133287
    },
    {
      "date": "2021-12-31T00:00:00",
      "quarter_label": "2021-12 (Q4)",
      "revenue": 64689186,
      "gross_profit": 22522866,
      "operating_income": 10609821,
      "net_income": 9067867,
      "opex": 11913045,
      "cogs": 42166320,
      "rd": null,
      "sga": 8187124,
      "fcf": 3575248,
      "ocf": 3572248,
      "capex": 3000,
      "gross_margin": 0.34817049637941033,
      "op_margin": 0.1640122817436596,
      "fcf_margin": 0.05526809380473577,
      "incr_op_margin_yoy": 0.229641584372712,
      "rev_growth_yoy": 2.8921923167914985,
      "op_leverage_ratio": Infinity,
      "fcf_margin_change": 1.1160887362467113
    },
    {
      "date": "2022-03-31T00:00:00",
      "quarter_label": "2022-03 (Q1)",
      "revenue": 70101563,
      "gross_profit": 21053681,
      "operating_income": 2630709,
      "net_income": 527397,
      "opex": 18422972,
      "cogs": 49047882,
      "rd": null,
      "sga": 14765818,
      "fcf": 36624901,
      "ocf": 5326043,
      "capex": 31298858,
      "gross_margin": 0.3003311210051051,
      "op_margin": 0.03752710906032152,
      "fcf_margin": 0.5224548416987507,
      "incr_op_margin_yoy": 0.06734048872591254,
      "rev_growth_yoy": 1.898046875710543,
      "rev_growth_yoy_accel": -0.9941454410809554,
      "op_leverage_ratio": 0.15310980987276826,
      "fcf_margin_change": 0.46718674789401493
    },
    {
      "date": "2022-06-30T00:00:00",
      "quarter_label": "2022-06 (Q2)",
      "revenue": 60756026,
      "gross_profit": 18135662,
      "operating_income": 5062741,
      "net_income": 3253027,
      "opex": 13072921,
      "cogs": 42620364,
      "rd": null,
      "sga": 9722565,
      "fcf": -52370,
      "ocf": 5212493,
      "capex": -5264863,
      "gross_margin": 0.2984998064224938,
      "op_margin": 0.08332903471994696,
      "fcf_margin": -0.0008619721112108287,
      "incr_op_margin_yoy": -0.2836523217205434,
      "rev_growth_yoy": 0.36603049909781227,
      "rev_growth_yoy_accel": -1.5320163766127308,
      "fcf_margin_change": -0.5233168138099615
    },
    {
      "date": "2022-09-30T00:00:00",
      "quarter_label": "2022-09 (Q3)",
      "revenue": 48288559,
      "gross_profit": 12835709,
      "operating_income": -503513,
      "net_income": -803507,
      "opex": 13339222,
      "cogs": 35452850,
      "rd": null,
      "sga": 10047900,
      "fcf": 9357433,
      "ocf": 12497750,
      "capex": -3140317,
      "gross_margin": 0.2658126327604847,
      "op_margin": -0.010427169715294258,
      "fcf_margin": 0.19378157463758652,
      "incr_op_margin_yoy": 1.1587525757999786,
      "rev_growth_yoy": -0.20841133544861623,
      "rev_growth_yoy_accel": -0.5744418345464285,
      "fcf_margin_change": 0.19464354674879736
    },
    {
      "date": "2022-12-31T00:00:00",
      "quarter_label": "2022-12 (Q4)",
      "revenue": 38711494,
      "gross_profit": 12527179,
      "operating_income": -4333275,
      "net_income": -4102992,
      "opex": 16860454,
      "cogs": 26184315,
      "rd": null,
      "sga": 13551380,
      "fcf": -1439824,
      "ocf": 721178,
      "capex": -2161002,
      "gross_margin": 0.3236036046555062,
      "op_margin": -0.11193768445103153,
      "fcf_margin": -0.03719370789461135,
      "incr_op_margin_yoy": 0.5752280071686122,
      "rev_growth_yoy": -0.4015770425678258,
      "rev_growth_yoy_accel": -0.19316570711920955,
      "fcf_margin_change": -0.23097528253219787
    },
    {
      "date": "2023-03-31T00:00:00",
      "quarter_label": "2023-03 (Q1)",
      "revenue": 43683722,
      "gross_profit": 11910047,
      "operating_income": -3484872,
      "net_income": -2942566,
      "opex": 15394919,
      "cogs": 31773675,
      "rd": null,
      "sga": 12066909,
      "fcf": 25934158,
      "ocf": 17124945,
      "capex": 8809213,
      "gross_margin": 0.27264267911969586,
      "op_margin": -0.07977507044843844,
      "fcf_margin": 0.593680135589179,
      "incr_op_margin_yoy": 0.23149435262328968,
      "rev_growth_yoy": -0.37685095552006453,
      "rev_growth_yoy_accel": 0.024726087047761247,
      "op_leverage_ratio": Infinity,
      "fcf_margin_change": 0.6308738434837904
    },
    {
      "date": "2023-06-30T00:00:00",
      "quarter_label": "2023-06 (Q2)",
      "revenue": 34254575,
      "gross_profit": 14024540,
      "operating_income": -1678927,
      "net_income": -1093033,
      "opex": 15703467,
      "cogs": 20230035,
      "rd": null,
      "sga": 12359424,
      "fcf": 11682152,
      "ocf": 12996091,
      "capex": -1313939,
      "gross_margin": 0.4094209313646425,
      "op_margin": -0.049013219402079866,
      "fcf_margin": 0.3410391750590979,
      "incr_op_margin_yoy": 0.25438863705991044,
      "rev_growth_yoy": -0.4361946089100693,
      "rev_growth_yoy_accel": -0.05934365339000475,
      "fcf_margin_change": -0.25264096053008106
    },
    {
      "date": "2023-09-30T00:00:00",
      "quarter_label": "2023-09 (Q3)",
      "revenue": 34372386,
      "gross_profit": 8288266,
      "operating_income": -8819147,
      "net_income": -7495297,
      "opex": 17107413,
      "cogs": 26084120,
      "rd": null,
      "sga": 13735611,
      "fcf": 3850732,
      "ocf": 5154998,
      "capex": -1304266,
      "gross_margin": 0.2411315292455985,
      "op_margin": -0.25657651464754294,
      "fcf_margin": 0.11202981369986942,
      "incr_op_margin_yoy": 0.5975517838129779,
      "rev_growth_yoy": -0.2881877879188733,
      "rev_growth_yoy_accel": 0.148006820991196,
      "fcf_margin_change": -0.2290093613592285
    },
    {
      "date": "2023-12-31T00:00:00",
      "quarter_label": "2023-12 (Q4)",
      "revenue": 36006464,
      "gross_profit": 10910376,
      "operating_income": -1920753,
      "net_income": -1643989,
      "opex": 12831129,
      "cogs": 25096088,
      "rd": null,
      "sga": 9429973,
      "fcf": 7224123,
      "ocf": 10168201,
      "capex": -2944078,
      "gross_margin": 0.3030115925851536,
      "op_margin": -0.05334467166784275,
      "fcf_margin": 0.20063405837351872,
      "incr_op_margin_yoy": -0.8918651549151027,
      "rev_growth_yoy": -0.06987666247135799,
      "rev_growth_yoy_accel": 0.2183111254475153,
      "op_leverage_ratio": Infinity,
      "fcf_margin_change": 0.0886042446736493
    },
    {
      "date": "2024-03-31T00:00:00",
      "quarter_label": "2024-03 (Q1)",
      "revenue": 40421147,
      "gross_profit": 9387766,
      "operating_income": -6033811,
      "net_income": -5217802,
      "opex": 15421577,
      "cogs": 31033381,
      "rd": null,
      "sga": 12132167,
      "fcf": 7221723,
      "ocf": 4312051,
      "capex": 2909672,
      "gross_margin": 0.2322488770543795,
      "op_margin": -0.14927362155259968,
      "fcf_margin": 0.17866200085811518,
      "incr_op_margin_yoy": 0.7812660245358344,
      "rev_growth_yoy": -0.074686287033875,
      "rev_growth_yoy_accel": -0.0048096245625170175,
      "op_leverage_ratio": 0.6073080570392498,
      "fcf_margin_change": -0.021972057515403542
    },
    {
      "date": "2024-06-30T00:00:00",
      "quarter_label": "2024-06 (Q2)",
      "revenue": 30953550,
      "gross_profit": 9789122,
      "operating_income": -9676339,
      "net_income": -7061287,
      "opex": 19465461,
      "cogs": 21164428,
      "rd": null,
      "sga": 16083792,
      "fcf": -1349885,
      "ocf": -547489,
      "capex": -802396,
      "gross_margin": 0.31625199694380773,
      "op_margin": -0.3126083760990258,
      "fcf_margin": -0.043610022113780164,
      "incr_op_margin_yoy": 2.422705674752539,
      "rev_growth_yoy": -0.09636741953447095,
      "rev_growth_yoy_accel": -0.021681132500595945,
      "fcf_margin_change": -0.22227202297189536
    },
    {
      "date": "2024-09-30T00:00:00",
      "quarter_label": "2024-09 (Q3)",
      "revenue": 31419585,
      "gross_profit": 7219259,
      "operating_income": -12464118,
      "net_income": -12428113,
      "opex": 19683377,
      "cogs": 24200326,
      "rd": null,
      "sga": 16307901,
      "fcf": -10581402,
      "ocf": -9337641,
      "capex": -1243761,
      "gross_margin": 0.22976939383508727,
      "op_margin": -0.39669900159406946,
      "fcf_margin": -0.33677726806385255,
      "incr_op_margin_yoy": 1.2344113267368848,
      "rev_growth_yoy": -0.08590619807423319,
      "rev_growth_yoy_accel": 0.010461221460237757,
      "op_leverage_ratio": 1.3448803389884951,
      "fcf_margin_change": -0.2931672459500724
    },
    {
      "date": "2024-12-31T00:00:00",
      "quarter_label": "2024-12 (Q4)",
      "revenue": 29187502,
      "gross_profit": 7797493,
      "operating_income": -26119070,
      "net_income": -26128782,
      "opex": 33916563,
      "cogs": 21390009,
      "rd": null,
      "sga": 30505805,
      "fcf": -748639,
      "ocf": 1265684,
      "capex": -2014323,
      "gross_margin": 0.26715177612664487,
      "op_margin": -0.8948717159830945,
      "fcf_margin": -0.025649300169641103,
      "incr_op_margin_yoy": 3.548680429660702,
      "rev_growth_yoy": -0.18938160659152756,
      "rev_growth_yoy_accel": -0.10347540851729436,
      "fcf_margin_change": 0.31112796789421143
    },
    {
      "date": "2025-03-31T00:00:00",
      "quarter_label": "2025-03 (Q1)",
      "revenue": -42159090,
      "gross_profit": 18139463,
      "operating_income": -10721896,
      "net_income": -77516730,
      "opex": 28861359,
      "cogs": -60298553,
      "rd": null,
      "sga": null,
      "fcf": null,
      "ocf": null,
      "capex": 652570,
      "gross_margin": -0.43026220442613916,
      "op_margin": 0.2543199106052811,
      "fcf_margin": null,
      "incr_op_margin_yoy": 0.05677005988733115,
      "rev_growth_yoy": -2.042995885297367,
      "rev_growth_yoy_accel": -1.8536142787058394
    },
    {
      "date": "2025-06-30T00:00:00",
      "quarter_label": "2025-06 (Q2)",
      "revenue": 11857376,
      "gross_profit": 10334978,
      "operating_income": -6010675,
      "net_income": -6458327,
      "opex": 16345653,
      "cogs": 1522398,
      "rd": null,
      "sga": null,
      "fcf": null,
      "ocf": null,
      "capex": -889800,
      "gross_margin": 0.8716075124884292,
      "op_margin": -0.5069144303090329,
      "fcf_margin": null,
      "incr_op_margin_yoy": -0.19195803305939713,
      "rev_growth_yoy": -0.6169300128741292,
      "rev_growth_yoy_accel": 1.4260658724232376
    },
    {
      "date": "2025-09-30T00:00:00",
      "quarter_label": "2025-09 (Q3)",
      "revenue": 11984314,
      "gross_profit": 10441079,
      "operating_income": 707024,
      "net_income": 1404828,
      "opex": 9734055,
      "cogs": 1543235,
      "rd": null,
      "sga": null,
      "fcf": null,
      "ocf": null,
      "capex": -700618,
      "gross_margin": 0.87122875785798,
      "op_margin": 0.058995783988970915,
      "fcf_margin": null,
      "incr_op_margin_yoy": -0.6776927370860947,
      "rev_growth_yoy": -0.618571855739024,
      "rev_growth_yoy_accel": -0.0016418428648947714,
      "op_leverage_ratio": Infinity
    }
  ],
  "signals": [
    {
      "quarter": "2025-09 (Q3)",
      "signal": "OP MARGIN TURNED POSITIVE (YoY)",
      "detail": "Op margin: -39.7% (year-ago) -> +5.9%",
      "severity": "HIGH"
    },
    {
      "quarter": "2025-09 (Q3)",
      "signal": "OP MARGIN TURNED POSITIVE (QoQ)",
      "detail": "Op margin: -50.7% -> +5.9%",
      "severity": "HIGH"
    },
    {
      "quarter": "2025-06 (Q2)",
      "signal": "GROSS MARGIN INFLECTION",
      "detail": "GM: +26.7% -> -43.0% -> +87.2% (reversal +130.2%)",
      "severity": "HIGH"
    },
    {
      "quarter": "2025-06 (Q2)",
      "signal": "YoY REVENUE GROWTH ACCELERATION",
      "detail": "YoY growth: -61.7% vs prior quarter YoY: -204.3% (accel: +142.6%)",
      "severity": "HIGH"
    },
    {
      "quarter": "2025-03 (Q1)",
      "signal": "YoY REVENUE GROWTH DECELERATION",
      "detail": "YoY growth: -204.3% vs prior quarter YoY: -18.9% (decel: -185.4%)",
      "severity": "WARNING"
    },
    {
      "quarter": "2025-03 (Q1)",
      "signal": "OP MARGIN TURNED POSITIVE (YoY)",
      "detail": "Op margin: -14.9% (year-ago) -> +25.4%",
      "severity": "HIGH"
    },
    {
      "quarter": "2025-03 (Q1)",
      "signal": "OP MARGIN TURNED POSITIVE (QoQ)",
      "detail": "Op margin: -89.5% -> +25.4%",
      "severity": "HIGH"
    },
    {
      "quarter": "2024-12 (Q4)",
      "signal": "FCF MARGIN EXPANSION",
      "detail": "FCF margin: -33.7% -> -2.6% (+31.1%)",
      "severity": "MEDIUM"
    },
    {
      "quarter": "2024-12 (Q4)",
      "signal": "GROSS MARGIN INFLECTION",
      "detail": "GM: +31.6% -> +23.0% -> +26.7% (reversal +3.7%)",
      "severity": "MEDIUM"
    },
    {
      "quarter": "2024-12 (Q4)",
      "signal": "YoY REVENUE GROWTH DECELERATION",
      "detail": "YoY growth: -18.9% vs prior quarter YoY: -8.6% (decel: -10.3%)",
      "severity": "WARNING"
    },
    {
      "quarter": "2024-06 (Q2)",
      "signal": "GROSS MARGIN INFLECTION",
      "detail": "GM: +30.3% -> +23.2% -> +31.6% (reversal +8.4%)",
      "severity": "HIGH"
    },
    {
      "quarter": "2023-12 (Q4)",
      "signal": "FCF MARGIN EXPANSION",
      "detail": "FCF margin: +11.2% -> +20.1% (+8.9%)",
      "severity": "MEDIUM"
    },
    {
      "quarter": "2023-12 (Q4)",
      "signal": "GROSS MARGIN INFLECTION",
      "detail": "GM: +40.9% -> +24.1% -> +30.3% (reversal +6.2%)",
      "severity": "HIGH"
    },
    {
      "quarter": "2023-12 (Q4)",
      "signal": "YoY REVENUE GROWTH ACCELERATION",
      "detail": "YoY growth: -7.0% vs prior quarter YoY: -28.8% (accel: +21.8%)",
      "severity": "HIGH"
    },
    {
      "quarter": "2023-09 (Q3)",
      "signal": "YoY REVENUE GROWTH ACCELERATION",
      "detail": "YoY growth: -28.8% vs prior quarter YoY: -43.6% (accel: +14.8%)",
      "severity": "MEDIUM"
    },
    {
      "quarter": "2023-06 (Q2)",
      "signal": "GROSS MARGIN INFLECTION",
      "detail": "GM: +32.4% -> +27.3% -> +40.9% (reversal +13.7%)",
      "severity": "HIGH"
    },
    {
      "quarter": "2023-06 (Q2)",
      "signal": "YoY REVENUE GROWTH DECELERATION",
      "detail": "YoY growth: -43.6% vs prior quarter YoY: -37.7% (decel: -5.9%)",
      "severity": "WARNING"
    },
    {
      "quarter": "2023-03 (Q1)",
      "signal": "FCF TURNED POSITIVE",
      "detail": "FCF margin: -3.7% -> +59.4%",
      "severity": "HIGH"
    },
    {
      "quarter": "2022-12 (Q4)",
      "signal": "GROSS MARGIN INFLECTION",
      "detail": "GM: +29.8% -> +26.6% -> +32.4% (reversal +5.8%)",
      "severity": "HIGH"
    },
    {
      "quarter": "2022-12 (Q4)",
      "signal": "YoY REVENUE GROWTH DECELERATION",
      "detail": "YoY growth: -40.2% vs prior quarter YoY: -20.8% (decel: -19.3%)",
      "severity": "WARNING"
    },
    {
      "quarter": "2022-09 (Q3)",
      "signal": "FCF TURNED POSITIVE",
      "detail": "FCF margin: -0.1% -> +19.4%",
      "severity": "HIGH"
    },
    {
      "quarter": "2022-09 (Q3)",
      "signal": "YoY REVENUE GROWTH DECELERATION",
      "detail": "YoY growth: -20.8% vs prior quarter YoY: +36.6% (decel: -57.4%)",
      "severity": "WARNING"
    },
    {
      "quarter": "2022-06 (Q2)",
      "signal": "YoY REVENUE GROWTH DECELERATION",
      "detail": "YoY growth: +36.6% vs prior quarter YoY: +189.8% (decel: -153.2%)",
      "severity": "WARNING"
    },
    {
      "quarter": "2022-03 (Q1)",
      "signal": "FCF MARGIN EXPANSION",
      "detail": "FCF margin: +5.5% -> +52.2% (+46.7%)",
      "severity": "MEDIUM"
    },
    {
      "quarter": "2022-03 (Q1)",
      "signal": "YoY REVENUE GROWTH DECELERATION",
      "detail": "YoY growth: +189.8% vs prior quarter YoY: +289.2% (decel: -99.4%)",
      "severity": "WARNING"
    },
    {
      "quarter": "2022-03 (Q1)",
      "signal": "OP MARGIN TURNED POSITIVE (YoY)",
      "detail": "Op margin: -1.9% (year-ago) -> +3.8%",
      "severity": "HIGH"
    },
    {
      "quarter": "2021-12 (Q4)",
      "signal": "FCF TURNED POSITIVE",
      "detail": "FCF margin: -106.1% -> +5.5%",
      "severity": "HIGH"
    },
    {
      "quarter": "2021-12 (Q4)",
      "signal": "OP MARGIN TURNED POSITIVE (YoY)",
      "detail": "Op margin: -2.6% (year-ago) -> +16.4%",
      "severity": "HIGH"
    },
    {
      "quarter": "2021-06 (Q2)",
      "signal": "FCF TURNED POSITIVE",
      "detail": "FCF margin: -50.1% -> +15.9%",
      "severity": "HIGH"
    },
    {
      "quarter": "2021-06 (Q2)",
      "signal": "OPERATING LEVERAGE",
      "detail": "Rev growth +83.9% vs OpEx growth +51.2% (leverage: 1.6x)",
      "severity": "MEDIUM"
    },
    {
      "quarter": "2021-06 (Q2)",
      "signal": "OP MARGIN TURNED POSITIVE (QoQ)",
      "detail": "Op margin: -1.9% -> +21.8%",
      "severity": "HIGH"
    }
  ],
  "data_quality": {
    "n_quarters": 20,
    "coverage": {
      "revenue": [
        20,
        20
      ],
      "gross_profit": [
        20,
        20
      ],
      "op_income": [
        20,
        20
      ],
      "fcf": [
        17,
        20
      ]
    },
    "gaps": [],
    "warnings": []
  },
  "market_cap": null,
  "source": "SEC EDGAR",
  "last_updated": "2026-02-02T23:02:03.833186"
}