{
  "ticker": "PPC",
  "name": "PILGRIM\u2019S PRIDE CORPORATION",
  "quarters": [
    {
      "date": "2020-12-27T00:00:00",
      "quarter_label": "2020-12 (Q4)",
      "revenue": 3117829000,
      "gross_profit": 227396000,
      "operating_income": 39500000,
      "net_income": 79000,
      "opex": 187896000,
      "cogs": 2890433000,
      "rd": null,
      "sga": 187773000,
      "fcf": 103753000,
      "ocf": 215912000,
      "capex": -112159000,
      "gross_margin": 0.07293408329962933,
      "op_margin": 0.012669071972837509,
      "fcf_margin": 0.03327732213665342
    },
    {
      "date": "2021-03-28T00:00:00",
      "quarter_label": "2021-03 (Q1)",
      "revenue": 3273425000,
      "gross_profit": 261243000,
      "operating_income": 158464000,
      "net_income": 100208000,
      "opex": 102779000,
      "cogs": 3012182000,
      "rd": null,
      "sga": 102779000,
      "fcf": -245718000,
      "ocf": -143551000,
      "capex": -102167000,
      "gross_margin": 0.07980723554075624,
      "op_margin": 0.04840923497559895,
      "fcf_margin": -0.07506449666633572,
      "op_leverage_ratio": Infinity,
      "fcf_margin_change": -0.10834181880298914
    },
    {
      "date": "2021-06-27T00:00:00",
      "quarter_label": "2021-06 (Q2)",
      "revenue": 3637698000,
      "gross_profit": 380241000,
      "operating_income": -123131000,
      "net_income": -166687000,
      "opex": 503372000,
      "cogs": 3257457000,
      "rd": null,
      "sga": 503372000,
      "fcf": 176926000,
      "ocf": 258503000,
      "capex": -81577000,
      "gross_margin": 0.10452791848031365,
      "op_margin": -0.03384860425466875,
      "fcf_margin": 0.04863680272523997,
      "op_leverage_ratio": 0.028551282373560048,
      "fcf_margin_change": 0.12370129939157569
    },
    {
      "date": "2021-09-26T00:00:00",
      "quarter_label": "2021-09 (Q3)",
      "revenue": 3827566000,
      "gross_profit": 371843000,
      "operating_income": 120777000,
      "net_income": 60725000,
      "opex": 251066000,
      "cogs": 3455723000,
      "rd": null,
      "sga": 251066000,
      "fcf": 115467000,
      "ocf": 212543000,
      "capex": -97076000,
      "gross_margin": 0.09714868404620587,
      "op_margin": 0.03155451793646406,
      "fcf_margin": 0.030167213315198223,
      "op_leverage_ratio": Infinity,
      "fcf_margin_change": -0.01846958941004175
    },
    {
      "date": "2021-12-26T00:00:00",
      "quarter_label": "2021-12 (Q4)",
      "revenue": 4038769000,
      "gross_profit": 352500000,
      "operating_income": 55054000,
      "net_income": 36754000,
      "opex": 297446000,
      "cogs": 3686269000,
      "rd": null,
      "sga": 291644000,
      "fcf": -101887000,
      "ocf": -1036000,
      "capex": -100851000,
      "gross_margin": 0.08727906943922764,
      "op_margin": 0.013631381245126918,
      "fcf_margin": -0.025227241270793156,
      "incr_op_margin_yoy": 0.01688926531587291,
      "rev_growth_yoy": 0.2953786112067083,
      "op_leverage_ratio": 0.29869953999300985,
      "fcf_margin_change": -0.055394454585991376
    },
    {
      "date": "2022-03-27T00:00:00",
      "quarter_label": "2022-03 (Q1)",
      "revenue": 4240395000,
      "gross_profit": 541980000,
      "operating_income": 402013000,
      "net_income": 280438000,
      "opex": 139967000,
      "cogs": 3698415000,
      "rd": null,
      "sga": 139967000,
      "fcf": 145418000,
      "ocf": 226996000,
      "capex": -81578000,
      "gross_margin": 0.1278135645382093,
      "op_margin": 0.09480555467120398,
      "fcf_margin": 0.034293503317497545,
      "incr_op_margin_yoy": 0.2518682068730157,
      "rev_growth_yoy": 0.2954000779000588,
      "rev_growth_yoy_accel": 2.1466693350513655e-05,
      "op_leverage_ratio": Infinity,
      "fcf_margin_change": 0.0595207445882907
    },
    {
      "date": "2022-06-26T00:00:00",
      "quarter_label": "2022-06 (Q2)",
      "revenue": 4631648000,
      "gross_profit": 676771000,
      "operating_income": 512904000,
      "net_income": 362116000,
      "opex": 163867000,
      "cogs": 3954877000,
      "rd": null,
      "sga": 163867000,
      "fcf": 79596000,
      "ocf": 194223000,
      "capex": -114627000,
      "gross_margin": 0.14611883286467364,
      "op_margin": 0.11073898534603666,
      "fcf_margin": 0.017185243783638136,
      "incr_op_margin_yoy": 0.6399064339252477,
      "rev_growth_yoy": 0.27323598605491717,
      "rev_growth_yoy_accel": -0.02216409184514162,
      "op_leverage_ratio": 0.5403549324056666,
      "fcf_margin_change": -0.01710825953385941
    },
    {
      "date": "2022-09-25T00:00:00",
      "quarter_label": "2022-09 (Q3)",
      "revenue": 4468969000,
      "gross_profit": 497270000,
      "operating_income": 339202000,
      "net_income": 258352000,
      "opex": 158068000,
      "cogs": 3971699000,
      "rd": null,
      "sga": 158068000,
      "fcf": 223011000,
      "ocf": 369394000,
      "capex": -146383000,
      "gross_margin": 0.1112717497033432,
      "op_margin": 0.07590162294703767,
      "fcf_margin": 0.0499021138880131,
      "incr_op_margin_yoy": 0.34054252942377883,
      "rev_growth_yoy": 0.167574641430089,
      "rev_growth_yoy_accel": -0.10566134462482818,
      "fcf_margin_change": 0.03271687010437496
    },
    {
      "date": "2022-12-25T00:00:00",
      "quarter_label": "2022-12 (Q4)",
      "revenue": 4127365000,
      "gross_profit": 95782000,
      "operating_income": -77524000,
      "net_income": -154976000,
      "opex": 173306000,
      "cogs": 4031583000,
      "rd": null,
      "sga": 142840000,
      "fcf": -265262000,
      "ocf": -120750000,
      "capex": -144512000,
      "gross_margin": 0.023206573685632358,
      "op_margin": -0.018782928090924838,
      "fcf_margin": -0.06426909178131811,
      "incr_op_margin_yoy": -1.4964332475506794,
      "rev_growth_yoy": 0.02193638705258954,
      "rev_growth_yoy_accel": -0.14563825437749944,
      "fcf_margin_change": -0.1141712056693312
    },
    {
      "date": "2023-03-26T00:00:00",
      "quarter_label": "2023-03 (Q1)",
      "revenue": 4165628000,
      "gross_profit": 173047000,
      "operating_income": 31343000,
      "net_income": 5187000,
      "opex": 141704000,
      "cogs": 3992581000,
      "rd": null,
      "sga": 133678000,
      "fcf": -293404000,
      "ocf": -161704000,
      "capex": -131700000,
      "gross_margin": 0.04154163549889717,
      "op_margin": 0.007524195631487017,
      "fcf_margin": -0.07043451791662626,
      "incr_op_margin_yoy": 4.957668490109273,
      "rev_growth_yoy": -0.01763208380351359,
      "rev_growth_yoy_accel": -0.03956847085610313,
      "fcf_margin_change": -0.006165426135308155
    },
    {
      "date": "2023-06-25T00:00:00",
      "quarter_label": "2023-06 (Q2)",
      "revenue": 4308091000,
      "gross_profit": 278425000,
      "operating_income": 100271000,
      "net_income": 60456000,
      "opex": 178154000,
      "cogs": 4029666000,
      "rd": null,
      "sga": 148436000,
      "fcf": 96145000,
      "ocf": 251045000,
      "capex": -154900000,
      "gross_margin": 0.06462839341137408,
      "op_margin": 0.02327504224028694,
      "fcf_margin": 0.02231730945330542,
      "incr_op_margin_yoy": 1.2753023424002572,
      "rev_growth_yoy": -0.06985785621014377,
      "rev_growth_yoy_accel": -0.052225772406630185,
      "op_leverage_ratio": 0.13295546051662144,
      "fcf_margin_change": 0.09275182736993168
    },
    {
      "date": "2023-09-24T00:00:00",
      "quarter_label": "2023-09 (Q3)",
      "revenue": 4360196000,
      "gross_profit": 345882000,
      "operating_income": 206373000,
      "net_income": 121278000,
      "opex": 139509000,
      "cogs": 4014314000,
      "rd": null,
      "sga": 138569000,
      "fcf": 164557000,
      "ocf": 310257000,
      "capex": -145700000,
      "gross_margin": 0.07932716786126129,
      "op_margin": 0.04733112915107486,
      "fcf_margin": 0.03774073459083032,
      "incr_op_margin_yoy": 1.221157824092376,
      "rev_growth_yoy": -0.02433961837730358,
      "rev_growth_yoy_accel": 0.04551823783284019,
      "op_leverage_ratio": Infinity,
      "fcf_margin_change": 0.015423425137524899
    },
    {
      "date": "2023-12-31T00:00:00",
      "quarter_label": "2023-12 (Q4)",
      "revenue": 4528302000,
      "gross_profit": 321047000,
      "operating_income": 184299000,
      "net_income": 134653000,
      "opex": 136748000,
      "cogs": 4207255000,
      "rd": null,
      "sga": 131087000,
      "fcf": 152779000,
      "ocf": 278279000,
      "capex": -125500000,
      "gross_margin": 0.07089787739421974,
      "op_margin": 0.04069936148251596,
      "fcf_margin": 0.03373869498986596,
      "incr_op_margin_yoy": 0.6530277824196818,
      "rev_growth_yoy": 0.09714115422309391,
      "rev_growth_yoy_accel": 0.1214807726003975,
      "op_leverage_ratio": Infinity,
      "fcf_margin_change": -0.0040020396009643605
    },
    {
      "date": "2024-03-31T00:00:00",
      "quarter_label": "2024-03 (Q1)",
      "revenue": 4361934000,
      "gross_profit": 383909000,
      "operating_income": 250274000,
      "net_income": 174421000,
      "opex": 133635000,
      "cogs": 3978025000,
      "rd": null,
      "sga": 119076000,
      "fcf": 171927000,
      "ocf": 271027000,
      "capex": -99100000,
      "gross_margin": 0.08801348209303488,
      "op_margin": 0.05737684247400351,
      "fcf_margin": 0.03941531439953012,
      "incr_op_margin_yoy": 1.1152537365134025,
      "rev_growth_yoy": 0.047125187366706775,
      "rev_growth_yoy_accel": -0.05001596685638714,
      "fcf_margin_change": 0.005676619409664158
    },
    {
      "date": "2024-06-30T00:00:00",
      "quarter_label": "2024-06 (Q2)",
      "revenue": 4559314000,
      "gross_profit": 691626000,
      "operating_income": 440790000,
      "net_income": 326303000,
      "opex": 250836000,
      "cogs": 3867688000,
      "rd": null,
      "sga": 214161000,
      "fcf": 617729000,
      "ocf": 718629000,
      "capex": -100900000,
      "gross_margin": 0.15169518923241523,
      "op_margin": 0.09667901793997957,
      "fcf_margin": 0.13548726847942474,
      "incr_op_margin_yoy": 1.3554451622661938,
      "rev_growth_yoy": 0.05831422780995109,
      "rev_growth_yoy_accel": 0.011189040443244314,
      "op_leverage_ratio": 0.05159563423524042,
      "fcf_margin_change": 0.09607195407989463
    },
    {
      "date": "2024-09-29T00:00:00",
      "quarter_label": "2024-09 (Q3)",
      "revenue": 4584979000,
      "gross_profit": 683970000,
      "operating_income": 508354000,
      "net_income": 349860000,
      "opex": 175616000,
      "cogs": 3901009000,
      "rd": null,
      "sga": 144780000,
      "fcf": 565336000,
      "ocf": 651136000,
      "capex": -85800000,
      "gross_margin": 0.1491762557691104,
      "op_margin": 0.11087379026163478,
      "fcf_margin": 0.12330176430470019,
      "incr_op_margin_yoy": 1.3434334446999996,
      "rev_growth_yoy": 0.05155341640605147,
      "rev_growth_yoy_accel": -0.006760811403899621,
      "fcf_margin_change": -0.012185504174724554
    },
    {
      "date": "2024-12-29T00:00:00",
      "quarter_label": "2024-12 (Q4)",
      "revenue": 4372064000,
      "gross_profit": 553262000,
      "operating_income": 306651000,
      "net_income": 235854000,
      "opex": 246611000,
      "cogs": 3818802000,
      "rd": null,
      "sga": 235293000,
      "fcf": 176635000,
      "ocf": 349335000,
      "capex": -172700000,
      "gross_margin": 0.12654480812723692,
      "op_margin": 0.07013872624005504,
      "fcf_margin": 0.040400826703360246,
      "incr_op_margin_yoy": -0.7831129430740281,
      "rev_growth_yoy": -0.0345025574707694,
      "rev_growth_yoy_accel": -0.08605597387682087,
      "fcf_margin_change": -0.08290093760133994
    },
    {
      "date": "2025-03-30T00:00:00",
      "quarter_label": "2025-03 (Q1)",
      "revenue": 4463009000,
      "gross_profit": 554873000,
      "operating_income": 404482000,
      "net_income": 296033000,
      "opex": 150391000,
      "cogs": 3908136000,
      "rd": null,
      "sga": 133779000,
      "fcf": 28091000,
      "ocf": 126891000,
      "capex": -98800000,
      "gross_margin": 0.12432710756352945,
      "op_margin": 0.0906298866975173,
      "fcf_margin": 0.006294184035927331,
      "incr_op_margin_yoy": 1.5256789512738065,
      "rev_growth_yoy": 0.02317206083356603,
      "rev_growth_yoy_accel": 0.05767461830433543,
      "op_leverage_ratio": Infinity,
      "fcf_margin_change": -0.034106642667432914
    },
    {
      "date": "2025-06-29T00:00:00",
      "quarter_label": "2025-06 (Q2)",
      "revenue": 4757365000,
      "gross_profit": 715295000,
      "operating_income": 512339000,
      "net_income": 355520000,
      "opex": 202956000,
      "cogs": 4042070000,
      "rd": null,
      "sga": 199457000,
      "fcf": 339112000,
      "ocf": 495212000,
      "capex": -156100000,
      "gross_margin": 0.15035529121688163,
      "op_margin": 0.1076938599413751,
      "fcf_margin": 0.07128147619533082,
      "incr_op_margin_yoy": 0.36126553261533645,
      "rev_growth_yoy": 0.04343877170995461,
      "rev_growth_yoy_accel": 0.02026671087638858,
      "op_leverage_ratio": 0.18869930838458804,
      "fcf_margin_change": 0.06498729215940349
    },
    {
      "date": "2025-09-28T00:00:00",
      "quarter_label": "2025-09 (Q3)",
      "revenue": 4759342000,
      "gross_profit": 659384000,
      "operating_income": 492608000,
      "net_income": 342813000,
      "opex": 166776000,
      "cogs": 4099958000,
      "rd": null,
      "sga": 164997000,
      "fcf": 275937000,
      "ocf": 458337000,
      "capex": -182400000,
      "gross_margin": 0.13854520225695063,
      "op_margin": 0.10350338345090561,
      "fcf_margin": 0.05797797258528595,
      "incr_op_margin_yoy": -0.09030585617361482,
      "rev_growth_yoy": 0.03802918181304647,
      "rev_growth_yoy_accel": -0.005409589896908137,
      "fcf_margin_change": -0.01330350361004487
    }
  ],
  "signals": [
    {
      "quarter": "2025-06 (Q2)",
      "signal": "FCF MARGIN EXPANSION",
      "detail": "FCF margin: +0.6% -> +7.1% (+6.5%)",
      "severity": "MEDIUM"
    },
    {
      "quarter": "2025-06 (Q2)",
      "signal": "GROSS MARGIN INFLECTION",
      "detail": "GM: +12.7% -> +12.4% -> +15.0% (reversal +2.6%)",
      "severity": "MEDIUM"
    },
    {
      "quarter": "2025-06 (Q2)",
      "signal": "INCREMENTAL MARGIN (YoY)",
      "detail": "YoY Incr OPM: +36.1% vs year-ago OPM: +9.7%",
      "severity": "HIGH"
    },
    {
      "quarter": "2025-03 (Q1)",
      "signal": "YoY REVENUE GROWTH ACCELERATION",
      "detail": "YoY growth: +2.3% vs prior quarter YoY: -3.5% (accel: +5.8%)",
      "severity": "MEDIUM"
    },
    {
      "quarter": "2025-03 (Q1)",
      "signal": "INCREMENTAL MARGIN (YoY)",
      "detail": "YoY Incr OPM: +152.6% vs year-ago OPM: +5.7%",
      "severity": "HIGH"
    },
    {
      "quarter": "2024-12 (Q4)",
      "signal": "YoY REVENUE GROWTH DECELERATION",
      "detail": "YoY growth: -3.5% vs prior quarter YoY: +5.2% (decel: -8.6%)",
      "severity": "WARNING"
    },
    {
      "quarter": "2024-09 (Q3)",
      "signal": "INCREMENTAL MARGIN (YoY)",
      "detail": "YoY Incr OPM: +134.3% vs year-ago OPM: +4.7%",
      "severity": "HIGH"
    },
    {
      "quarter": "2024-06 (Q2)",
      "signal": "FCF MARGIN EXPANSION",
      "detail": "FCF margin: +3.9% -> +13.5% (+9.6%)",
      "severity": "MEDIUM"
    },
    {
      "quarter": "2024-06 (Q2)",
      "signal": "INCREMENTAL MARGIN (YoY)",
      "detail": "YoY Incr OPM: +135.5% vs year-ago OPM: +2.3%",
      "severity": "HIGH"
    },
    {
      "quarter": "2024-03 (Q1)",
      "signal": "YoY REVENUE GROWTH DECELERATION",
      "detail": "YoY growth: +4.7% vs prior quarter YoY: +9.7% (decel: -5.0%)",
      "severity": "WARNING"
    },
    {
      "quarter": "2024-03 (Q1)",
      "signal": "INCREMENTAL MARGIN (YoY)",
      "detail": "YoY Incr OPM: +111.5% vs year-ago OPM: +0.8%",
      "severity": "HIGH"
    },
    {
      "quarter": "2023-12 (Q4)",
      "signal": "YoY REVENUE GROWTH ACCELERATION",
      "detail": "YoY growth: +9.7% vs prior quarter YoY: -2.4% (accel: +12.1%)",
      "severity": "MEDIUM"
    },
    {
      "quarter": "2023-12 (Q4)",
      "signal": "OP MARGIN TURNED POSITIVE (YoY)",
      "detail": "Op margin: -1.9% (year-ago) -> +4.1%",
      "severity": "HIGH"
    },
    {
      "quarter": "2023-09 (Q3)",
      "signal": "INCREMENTAL MARGIN (YoY)",
      "detail": "YoY Incr OPM: +122.1% vs year-ago OPM: +7.6%",
      "severity": "HIGH"
    },
    {
      "quarter": "2023-06 (Q2)",
      "signal": "FCF TURNED POSITIVE",
      "detail": "FCF margin: -7.0% -> +2.2%",
      "severity": "HIGH"
    },
    {
      "quarter": "2023-06 (Q2)",
      "signal": "YoY REVENUE GROWTH DECELERATION",
      "detail": "YoY growth: -7.0% vs prior quarter YoY: -1.8% (decel: -5.2%)",
      "severity": "WARNING"
    },
    {
      "quarter": "2023-06 (Q2)",
      "signal": "INCREMENTAL MARGIN (YoY)",
      "detail": "YoY Incr OPM: +127.5% vs year-ago OPM: +11.1%",
      "severity": "HIGH"
    },
    {
      "quarter": "2023-03 (Q1)",
      "signal": "INCREMENTAL MARGIN (YoY)",
      "detail": "YoY Incr OPM: +495.8% vs year-ago OPM: +9.5%",
      "severity": "HIGH"
    },
    {
      "quarter": "2023-03 (Q1)",
      "signal": "OP MARGIN TURNED POSITIVE (QoQ)",
      "detail": "Op margin: -1.9% -> +0.8%",
      "severity": "HIGH"
    },
    {
      "quarter": "2022-12 (Q4)",
      "signal": "YoY REVENUE GROWTH DECELERATION",
      "detail": "YoY growth: +2.2% vs prior quarter YoY: +16.8% (decel: -14.6%)",
      "severity": "WARNING"
    },
    {
      "quarter": "2022-09 (Q3)",
      "signal": "YoY REVENUE GROWTH DECELERATION",
      "detail": "YoY growth: +16.8% vs prior quarter YoY: +27.3% (decel: -10.6%)",
      "severity": "WARNING"
    },
    {
      "quarter": "2022-09 (Q3)",
      "signal": "INCREMENTAL MARGIN (YoY)",
      "detail": "YoY Incr OPM: +34.1% vs year-ago OPM: +3.2%",
      "severity": "HIGH"
    },
    {
      "quarter": "2022-06 (Q2)",
      "signal": "OP MARGIN TURNED POSITIVE (YoY)",
      "detail": "Op margin: -3.4% (year-ago) -> +11.1%",
      "severity": "HIGH"
    },
    {
      "quarter": "2022-03 (Q1)",
      "signal": "FCF TURNED POSITIVE",
      "detail": "FCF margin: -2.5% -> +3.4%",
      "severity": "HIGH"
    },
    {
      "quarter": "2022-03 (Q1)",
      "signal": "GROSS MARGIN INFLECTION",
      "detail": "GM: +9.7% -> +8.7% -> +12.8% (reversal +4.1%)",
      "severity": "MEDIUM"
    },
    {
      "quarter": "2022-03 (Q1)",
      "signal": "INCREMENTAL MARGIN (YoY)",
      "detail": "YoY Incr OPM: +25.2% vs year-ago OPM: +4.8%",
      "severity": "HIGH"
    },
    {
      "quarter": "2021-09 (Q3)",
      "signal": "OP MARGIN TURNED POSITIVE (QoQ)",
      "detail": "Op margin: -3.4% -> +3.2%",
      "severity": "HIGH"
    },
    {
      "quarter": "2021-06 (Q2)",
      "signal": "FCF TURNED POSITIVE",
      "detail": "FCF margin: -7.5% -> +4.9%",
      "severity": "HIGH"
    }
  ],
  "data_quality": {
    "n_quarters": 20,
    "coverage": {
      "revenue": [
        20,
        20
      ],
      "gross_profit": [
        20,
        20
      ],
      "op_income": [
        20,
        20
      ],
      "fcf": [
        20,
        20
      ]
    },
    "gaps": [],
    "warnings": []
  },
  "market_cap": null,
  "source": "SEC EDGAR",
  "last_updated": "2026-02-02T20:37:13.393085"
}