{
  "ticker": "PPG",
  "name": "PPG INDUSTRIES, INC.",
  "sector": "Basic Materials",
  "industry": "Specialty Chemicals",
  "quarters": [
    {
      "date": "2021-03-31T00:00:00",
      "quarter_label": "2021-03 (Q1)",
      "revenue": 3881000000,
      "gross_profit": 1649000000,
      "operating_income": 631000000,
      "net_income": 378000000,
      "opex": 1018000000,
      "cogs": 2232000000,
      "rd": null,
      "sga": 891000000,
      "fcf": -103000000,
      "ocf": -23000000,
      "capex": -80000000,
      "gross_margin": 0.4248904921412007,
      "op_margin": 0.16258696212316412,
      "fcf_margin": -0.026539551661942797
    },
    {
      "date": "2021-06-30T00:00:00",
      "quarter_label": "2021-06 (Q2)",
      "revenue": 4359000000,
      "gross_profit": 1730000000,
      "operating_income": 644000000,
      "net_income": 431000000,
      "opex": 1086000000,
      "cogs": 2629000000,
      "rd": null,
      "sga": 955000000,
      "fcf": 542000000,
      "ocf": 604000000,
      "capex": -62000000,
      "gross_margin": 0.3968800183528332,
      "op_margin": 0.14774030740995642,
      "fcf_margin": 0.12434044505620555,
      "op_leverage_ratio": 1.843839519832669,
      "fcf_margin_change": 0.15087999671814833
    },
    {
      "date": "2021-09-30T00:00:00",
      "quarter_label": "2021-09 (Q3)",
      "revenue": 4372000000,
      "gross_profit": 1639000000,
      "operating_income": 548000000,
      "net_income": 344000000,
      "opex": 1091000000,
      "cogs": 2733000000,
      "rd": null,
      "sga": 950000000,
      "fcf": 447000000,
      "ocf": 525000000,
      "capex": -78000000,
      "gross_margin": 0.37488563586459284,
      "op_margin": 0.1253430924062214,
      "fcf_margin": 0.10224153705397987,
      "fcf_margin_change": -0.02209890800222568
    },
    {
      "date": "2021-12-31T00:00:00",
      "quarter_label": "2021-12 (Q4)",
      "revenue": 4190000000,
      "gross_profit": 1498000000,
      "operating_income": 348000000,
      "net_income": 286000000,
      "opex": 1150000000,
      "cogs": 2692000000,
      "rd": null,
      "sga": 984000000,
      "fcf": 305000000,
      "ocf": 456000000,
      "capex": -151000000,
      "gross_margin": 0.3575178997613365,
      "op_margin": 0.08305489260143198,
      "fcf_margin": 0.07279236276849642,
      "fcf_margin_change": -0.02944917428548345
    },
    {
      "date": "2022-03-31T00:00:00",
      "quarter_label": "2022-03 (Q1)",
      "revenue": 4308000000,
      "gross_profit": 1610000000,
      "operating_income": 459000000,
      "net_income": 18000000,
      "opex": 1151000000,
      "cogs": 2698000000,
      "rd": null,
      "sga": 974000000,
      "fcf": -498000000,
      "ocf": -304000000,
      "capex": -194000000,
      "gross_margin": 0.3737233054781801,
      "op_margin": 0.10654596100278552,
      "fcf_margin": -0.11559888579387187,
      "incr_op_margin_yoy": -0.4028103044496487,
      "rev_growth_yoy": 0.11002318989951043,
      "op_leverage_ratio": null,
      "fcf_margin_change": -0.18839124856236827
    },
    {
      "date": "2022-06-30T00:00:00",
      "quarter_label": "2022-06 (Q2)",
      "revenue": 4691000000,
      "gross_profit": 1737000000,
      "operating_income": 602000000,
      "net_income": 441000000,
      "opex": 1135000000,
      "cogs": 2954000000,
      "rd": null,
      "sga": 982000000,
      "fcf": 98000000,
      "ocf": 168000000,
      "capex": -70000000,
      "gross_margin": 0.3702835216371776,
      "op_margin": 0.12833084630142827,
      "fcf_margin": 0.02089106800255809,
      "incr_op_margin_yoy": -0.12650602409638553,
      "rev_growth_yoy": 0.07616425785730672,
      "rev_growth_yoy_accel": -0.03385893204220371,
      "op_leverage_ratio": null,
      "fcf_margin_change": 0.13648995379642997
    },
    {
      "date": "2022-09-30T00:00:00",
      "quarter_label": "2022-09 (Q3)",
      "revenue": 4468000000,
      "gross_profit": 1647000000,
      "operating_income": 554000000,
      "net_income": 329000000,
      "opex": 1093000000,
      "cogs": 2821000000,
      "rd": null,
      "sga": 931000000,
      "fcf": 408000000,
      "ocf": 512000000,
      "capex": -104000000,
      "gross_margin": 0.36862130707251567,
      "op_margin": 0.12399283795881827,
      "fcf_margin": 0.09131602506714413,
      "incr_op_margin_yoy": 0.0625,
      "rev_growth_yoy": 0.021957913998170174,
      "rev_growth_yoy_accel": -0.05420634385913655,
      "fcf_margin_change": 0.07042495706458604
    },
    {
      "date": "2022-12-31T00:00:00",
      "quarter_label": "2022-12 (Q4)",
      "revenue": 4185000000,
      "gross_profit": 1562000000,
      "operating_income": 427000000,
      "net_income": 238000000,
      "opex": 1135000000,
      "cogs": 2623000000,
      "rd": null,
      "sga": 955000000,
      "fcf": 469000000,
      "ocf": 587000000,
      "capex": -118000000,
      "gross_margin": 0.3732377538829152,
      "op_margin": 0.1020310633213859,
      "fcf_margin": 0.11206690561529271,
      "incr_op_margin_yoy": -15.8,
      "rev_growth_yoy": -0.0011933174224343676,
      "rev_growth_yoy_accel": -0.023151231420604542,
      "fcf_margin_change": 0.02075088054814858
    },
    {
      "date": "2023-03-31T00:00:00",
      "quarter_label": "2023-03 (Q1)",
      "revenue": 4380000000,
      "gross_profit": 1784000000,
      "operating_income": 635000000,
      "net_income": 264000000,
      "opex": 1149000000,
      "cogs": 2596000000,
      "rd": null,
      "sga": 992000000,
      "fcf": -35000000,
      "ocf": 85000000,
      "capex": -120000000,
      "gross_margin": 0.40730593607305937,
      "op_margin": 0.1449771689497717,
      "fcf_margin": -0.007990867579908675,
      "incr_op_margin_yoy": 2.4444444444444446,
      "rev_growth_yoy": 0.016713091922005572,
      "rev_growth_yoy_accel": 0.01790640934443994,
      "op_leverage_ratio": 3.7775217613927294,
      "fcf_margin_change": -0.12005777319520139
    },
    {
      "date": "2023-06-30T00:00:00",
      "quarter_label": "2023-06 (Q2)",
      "revenue": 4872000000,
      "gross_profit": 2006000000,
      "operating_income": 787000000,
      "net_income": 490000000,
      "opex": 1219000000,
      "cogs": 2866000000,
      "rd": null,
      "sga": 1069000000,
      "fcf": 414000000,
      "ocf": 536000000,
      "capex": -122000000,
      "gross_margin": 0.41174055829228245,
      "op_margin": 0.1615353037766831,
      "fcf_margin": 0.08497536945812807,
      "incr_op_margin_yoy": 1.022099447513812,
      "rev_growth_yoy": 0.03858452355574504,
      "rev_growth_yoy_accel": 0.02187143163373947,
      "op_leverage_ratio": 1.8437964774951077,
      "fcf_margin_change": 0.09296623703803675
    },
    {
      "date": "2023-09-30T00:00:00",
      "quarter_label": "2023-09 (Q3)",
      "revenue": 4644000000,
      "gross_profit": 1892000000,
      "operating_income": 698000000,
      "net_income": 426000000,
      "opex": 1194000000,
      "cogs": 2752000000,
      "rd": null,
      "sga": 1047000000,
      "fcf": 753000000,
      "ocf": 892000000,
      "capex": -139000000,
      "gross_margin": 0.4074074074074074,
      "op_margin": 0.15030146425495264,
      "fcf_margin": 0.16214470284237725,
      "incr_op_margin_yoy": 0.8181818181818182,
      "rev_growth_yoy": 0.03939122649955237,
      "rev_growth_yoy_accel": 0.0008067029438073303,
      "fcf_margin_change": 0.07716933338424918
    },
    {
      "date": "2023-12-31T00:00:00",
      "quarter_label": "2023-12 (Q4)",
      "revenue": 4350000000,
      "gross_profit": 1819000000,
      "operating_income": 555000000,
      "net_income": 90000000,
      "opex": 1264000000,
      "cogs": 2531000000,
      "rd": null,
      "sga": 1114000000,
      "fcf": 763000000,
      "ocf": 898000000,
      "capex": -135000000,
      "gross_margin": 0.4181609195402299,
      "op_margin": 0.12758620689655173,
      "fcf_margin": 0.1754022988505747,
      "incr_op_margin_yoy": 0.7757575757575758,
      "rev_growth_yoy": 0.03942652329749104,
      "rev_growth_yoy_accel": 3.529679793866369e-05,
      "fcf_margin_change": 0.013257596008197453
    },
    {
      "date": "2024-03-31T00:00:00",
      "quarter_label": "2024-03 (Q1)",
      "revenue": 4311000000,
      "gross_profit": 1866000000,
      "operating_income": 651000000,
      "net_income": 400000000,
      "opex": 1215000000,
      "cogs": 2445000000,
      "rd": null,
      "sga": 1064000000,
      "fcf": -312000000,
      "ocf": -60000000,
      "capex": -252000000,
      "gross_margin": 0.4328462073764788,
      "op_margin": 0.15100904662491302,
      "fcf_margin": -0.07237299930410578,
      "incr_op_margin_yoy": -0.2318840579710145,
      "rev_growth_yoy": -0.015753424657534248,
      "rev_growth_yoy_accel": -0.05517994795502529,
      "fcf_margin_change": -0.24777529815468047
    },
    {
      "date": "2024-06-30T00:00:00",
      "quarter_label": "2024-06 (Q2)",
      "revenue": 4794000000,
      "gross_profit": 2060000000,
      "operating_income": 829000000,
      "net_income": 528000000,
      "opex": 1231000000,
      "cogs": 2734000000,
      "rd": null,
      "sga": 1077000000,
      "fcf": 250000000,
      "ocf": 365000000,
      "capex": -115000000,
      "gross_margin": 0.42970379641218187,
      "op_margin": 0.17292448894451398,
      "fcf_margin": 0.05214851898206091,
      "incr_op_margin_yoy": -0.5384615384615384,
      "rev_growth_yoy": -0.01600985221674877,
      "rev_growth_yoy_accel": -0.00025642755921452196,
      "op_leverage_ratio": 8.507959290187891,
      "fcf_margin_change": 0.12452151828616669
    },
    {
      "date": "2024-09-30T00:00:00",
      "quarter_label": "2024-09 (Q3)",
      "revenue": 4575000000,
      "gross_profit": 1912000000,
      "operating_income": 712000000,
      "net_income": 468000000,
      "opex": 1200000000,
      "cogs": 2663000000,
      "rd": null,
      "sga": 1062000000,
      "fcf": 623000000,
      "ocf": 769000000,
      "capex": -146000000,
      "gross_margin": 0.41792349726775957,
      "op_margin": 0.15562841530054644,
      "fcf_margin": 0.13617486338797813,
      "incr_op_margin_yoy": -0.2028985507246377,
      "rev_growth_yoy": -0.014857881136950904,
      "rev_growth_yoy_accel": 0.0011519710797978661,
      "fcf_margin_change": 0.08402634440591722
    },
    {
      "date": "2024-12-31T00:00:00",
      "quarter_label": "2024-12 (Q4)",
      "revenue": 2165000000,
      "gross_profit": 755000000,
      "operating_income": null,
      "net_income": -280000000,
      "opex": null,
      "cogs": 1410000000,
      "rd": null,
      "sga": 188000000,
      "fcf": 138000000,
      "ocf": 346000000,
      "capex": -208000000,
      "gross_margin": 0.34872979214780603,
      "op_margin": null,
      "fcf_margin": 0.06374133949191686,
      "rev_growth_yoy": -0.5022988505747127,
      "rev_growth_yoy_accel": -0.4874409694377618,
      "fcf_margin_change": -0.07243352389606127
    },
    {
      "date": "2025-03-31T00:00:00",
      "quarter_label": "2025-03 (Q1)",
      "revenue": 3684000000,
      "gross_profit": 1542000000,
      "operating_income": 607000000,
      "net_income": 373000000,
      "opex": 935000000,
      "cogs": 2142000000,
      "rd": null,
      "sga": 838000000,
      "fcf": -227000000,
      "ocf": -18000000,
      "capex": -209000000,
      "gross_margin": 0.4185667752442997,
      "op_margin": 0.16476655808903365,
      "fcf_margin": -0.061617806731813246,
      "incr_op_margin_yoy": 0.07017543859649122,
      "rev_growth_yoy": -0.1454418928322895,
      "rev_growth_yoy_accel": 0.3568569577424232,
      "fcf_margin_change": -0.12535914622373012
    },
    {
      "date": "2025-06-30T00:00:00",
      "quarter_label": "2025-06 (Q2)",
      "revenue": 4195000000,
      "gross_profit": 1763000000,
      "operating_income": 743000000,
      "net_income": 450000000,
      "opex": 1020000000,
      "cogs": 2432000000,
      "rd": null,
      "sga": 872000000,
      "fcf": 266000000,
      "ocf": 387000000,
      "capex": -121000000,
      "gross_margin": 0.4202622169249106,
      "op_margin": 0.17711561382598331,
      "fcf_margin": 0.06340882002383791,
      "incr_op_margin_yoy": 0.14357262103505844,
      "rev_growth_yoy": -0.12494785148101793,
      "rev_growth_yoy_accel": 0.020494041351271572,
      "op_leverage_ratio": 1.5257871878393052,
      "fcf_margin_change": 0.12502662675565115
    },
    {
      "date": "2025-09-30T00:00:00",
      "quarter_label": "2025-09 (Q3)",
      "revenue": 4082000000,
      "gross_profit": 1656000000,
      "operating_income": 689000000,
      "net_income": 453000000,
      "opex": 967000000,
      "cogs": 2426000000,
      "rd": null,
      "sga": 824000000,
      "fcf": 538000000,
      "ocf": 685000000,
      "capex": -147000000,
      "gross_margin": 0.40568348848603625,
      "op_margin": 0.16878980891719744,
      "fcf_margin": 0.13179813816756492,
      "incr_op_margin_yoy": 0.04665314401622718,
      "rev_growth_yoy": -0.10775956284153006,
      "rev_growth_yoy_accel": 0.017188288639487875,
      "fcf_margin_change": 0.06838931814372701
    },
    {
      "date": "2025-12-31T00:00:00",
      "quarter_label": "2025-12 (Q4)",
      "revenue": 3914000000,
      "gross_profit": 1598000000,
      "operating_income": null,
      "net_income": 300000000,
      "opex": null,
      "cogs": 2316000000,
      "rd": null,
      "sga": 905000000,
      "fcf": 586000000,
      "ocf": 887000000,
      "capex": -301000000,
      "gross_margin": 0.40827797649463465,
      "op_margin": null,
      "fcf_margin": 0.14971895758814513,
      "rev_growth_yoy": 0.8078521939953811,
      "rev_growth_yoy_accel": 0.9156117568369112,
      "fcf_margin_change": 0.017920819420580214
    }
  ],
  "signals": [
    {
      "quarter": "2025-12 (Q4)",
      "signal": "YoY REVENUE GROWTH ACCELERATION",
      "detail": "YoY growth: +80.8% vs prior quarter YoY: -10.8% (accel: +91.6%)",
      "severity": "HIGH"
    },
    {
      "quarter": "2025-09 (Q3)",
      "signal": "FCF MARGIN EXPANSION",
      "detail": "FCF margin: +6.3% -> +13.2% (+6.8%)",
      "severity": "MEDIUM"
    },
    {
      "quarter": "2025-06 (Q2)",
      "signal": "FCF TURNED POSITIVE",
      "detail": "FCF margin: -6.2% -> +6.3%",
      "severity": "HIGH"
    },
    {
      "quarter": "2025-06 (Q2)",
      "signal": "OPERATING LEVERAGE",
      "detail": "Rev growth +13.9% vs OpEx growth +9.1% (leverage: 1.5x)",
      "severity": "MEDIUM"
    },
    {
      "quarter": "2025-03 (Q1)",
      "signal": "GROSS MARGIN INFLECTION",
      "detail": "GM: +41.8% -> +34.9% -> +41.9% (reversal +7.0%)",
      "severity": "HIGH"
    },
    {
      "quarter": "2025-03 (Q1)",
      "signal": "YoY REVENUE GROWTH ACCELERATION",
      "detail": "YoY growth: -14.5% vs prior quarter YoY: -50.2% (accel: +35.7%)",
      "severity": "HIGH"
    },
    {
      "quarter": "2024-12 (Q4)",
      "signal": "YoY REVENUE GROWTH DECELERATION",
      "detail": "YoY growth: -50.2% vs prior quarter YoY: -1.5% (decel: -48.7%)",
      "severity": "WARNING"
    },
    {
      "quarter": "2024-09 (Q3)",
      "signal": "FCF MARGIN EXPANSION",
      "detail": "FCF margin: +5.2% -> +13.6% (+8.4%)",
      "severity": "MEDIUM"
    },
    {
      "quarter": "2024-06 (Q2)",
      "signal": "FCF TURNED POSITIVE",
      "detail": "FCF margin: -7.2% -> +5.2%",
      "severity": "HIGH"
    },
    {
      "quarter": "2024-06 (Q2)",
      "signal": "OPERATING LEVERAGE",
      "detail": "Rev growth +11.2% vs OpEx growth +1.3% (leverage: 8.5x)",
      "severity": "MEDIUM"
    },
    {
      "quarter": "2024-03 (Q1)",
      "signal": "YoY REVENUE GROWTH DECELERATION",
      "detail": "YoY growth: -1.6% vs prior quarter YoY: +3.9% (decel: -5.5%)",
      "severity": "WARNING"
    },
    {
      "quarter": "2023-12 (Q4)",
      "signal": "INCREMENTAL MARGIN (YoY)",
      "detail": "YoY Incr OPM: +77.6% vs year-ago OPM: +10.2%",
      "severity": "HIGH"
    },
    {
      "quarter": "2023-09 (Q3)",
      "signal": "FCF MARGIN EXPANSION",
      "detail": "FCF margin: +8.5% -> +16.2% (+7.7%)",
      "severity": "MEDIUM"
    },
    {
      "quarter": "2023-09 (Q3)",
      "signal": "INCREMENTAL MARGIN (YoY)",
      "detail": "YoY Incr OPM: +81.8% vs year-ago OPM: +12.4%",
      "severity": "HIGH"
    },
    {
      "quarter": "2023-06 (Q2)",
      "signal": "FCF TURNED POSITIVE",
      "detail": "FCF margin: -0.8% -> +8.5%",
      "severity": "HIGH"
    },
    {
      "quarter": "2023-06 (Q2)",
      "signal": "OPERATING LEVERAGE",
      "detail": "Rev growth +11.2% vs OpEx growth +6.1% (leverage: 1.8x)",
      "severity": "MEDIUM"
    },
    {
      "quarter": "2023-06 (Q2)",
      "signal": "INCREMENTAL MARGIN (YoY)",
      "detail": "YoY Incr OPM: +102.2% vs year-ago OPM: +12.8%",
      "severity": "HIGH"
    },
    {
      "quarter": "2023-03 (Q1)",
      "signal": "OPERATING LEVERAGE",
      "detail": "Rev growth +4.7% vs OpEx growth +1.2% (leverage: 3.8x)",
      "severity": "MEDIUM"
    },
    {
      "quarter": "2023-03 (Q1)",
      "signal": "INCREMENTAL MARGIN (YoY)",
      "detail": "YoY Incr OPM: +244.4% vs year-ago OPM: +10.7%",
      "severity": "HIGH"
    },
    {
      "quarter": "2022-09 (Q3)",
      "signal": "FCF MARGIN EXPANSION",
      "detail": "FCF margin: +2.1% -> +9.1% (+7.0%)",
      "severity": "MEDIUM"
    },
    {
      "quarter": "2022-09 (Q3)",
      "signal": "YoY REVENUE GROWTH DECELERATION",
      "detail": "YoY growth: +2.2% vs prior quarter YoY: +7.6% (decel: -5.4%)",
      "severity": "WARNING"
    },
    {
      "quarter": "2022-06 (Q2)",
      "signal": "FCF TURNED POSITIVE",
      "detail": "FCF margin: -11.6% -> +2.1%",
      "severity": "HIGH"
    },
    {
      "quarter": "2022-03 (Q1)",
      "signal": "OPERATING LEVERAGE",
      "detail": "Rev growth +2.8% vs OpEx growth +0.1% (leverage: 32.4x)",
      "severity": "MEDIUM"
    },
    {
      "quarter": "2021-06 (Q2)",
      "signal": "FCF TURNED POSITIVE",
      "detail": "FCF margin: -2.7% -> +12.4%",
      "severity": "HIGH"
    },
    {
      "quarter": "2021-06 (Q2)",
      "signal": "OPERATING LEVERAGE",
      "detail": "Rev growth +12.3% vs OpEx growth +6.7% (leverage: 1.8x)",
      "severity": "MEDIUM"
    }
  ],
  "data_quality": {
    "n_quarters": 20,
    "coverage": {
      "revenue": [
        20,
        20
      ],
      "gross_profit": [
        20,
        20
      ],
      "op_income": [
        18,
        20
      ],
      "fcf": [
        20,
        20
      ]
    },
    "gaps": [],
    "warnings": []
  },
  "market_cap": null,
  "source": "SEC EDGAR",
  "last_updated": "2026-02-24T10:19:10.788445"
}