{
  "ticker": "PPIH",
  "name": "PERMA-PIPE INTERNATIONAL HOLDINGS, INC.",
  "quarters": [
    {
      "date": "2021-01-31T00:00:00",
      "quarter_label": "2021-01 (Q1)",
      "revenue": 21295000,
      "gross_profit": 2410000,
      "operating_income": -2673000,
      "net_income": -2538000,
      "opex": 5083000,
      "cogs": 18885000,
      "rd": null,
      "sga": null,
      "fcf": -2134000,
      "ocf": -1804000,
      "capex": -330000,
      "gross_margin": 0.11317210612819911,
      "op_margin": -0.12552242310401504,
      "fcf_margin": -0.10021131721061281
    },
    {
      "date": "2021-04-30T00:00:00",
      "quarter_label": "2021-04 (Q2)",
      "revenue": 24423000,
      "gross_profit": 4505000,
      "operating_income": -941000,
      "net_income": -843000,
      "opex": 5446000,
      "cogs": 19918000,
      "rd": null,
      "sga": null,
      "fcf": -2851000,
      "ocf": -2427000,
      "capex": -424000,
      "gross_margin": 0.18445727388117758,
      "op_margin": -0.03852925521025263,
      "fcf_margin": -0.11673422593456988,
      "op_leverage_ratio": 2.0568498276539007,
      "fcf_margin_change": -0.016522908723957064
    },
    {
      "date": "2021-07-31T00:00:00",
      "quarter_label": "2021-07 (Q3)",
      "revenue": 39804000,
      "gross_profit": 10743000,
      "operating_income": 4088000,
      "net_income": 3416000,
      "opex": 6655000,
      "cogs": 29061000,
      "rd": null,
      "sga": null,
      "fcf": -3286000,
      "ocf": -2798000,
      "capex": -488000,
      "gross_margin": 0.2698974977389207,
      "op_margin": 0.10270324590493418,
      "fcf_margin": -0.08255451713395638,
      "op_leverage_ratio": 2.836853435860453,
      "fcf_margin_change": 0.034179708800613495
    },
    {
      "date": "2021-10-31T00:00:00",
      "quarter_label": "2021-10 (Q4)",
      "revenue": 35199000,
      "gross_profit": 7629000,
      "operating_income": 1691000,
      "net_income": 495000,
      "opex": 5938000,
      "cogs": 27570000,
      "rd": null,
      "sga": null,
      "fcf": 4154000,
      "ocf": 5193000,
      "capex": -1039000,
      "gross_margin": 0.21673911190658826,
      "op_margin": 0.04804113753231626,
      "fcf_margin": 0.11801471632716838,
      "fcf_margin_change": 0.20056923346112476
    },
    {
      "date": "2022-01-31T00:00:00",
      "quarter_label": "2022-01 (Q1)",
      "revenue": 39126000,
      "gross_profit": 9653000,
      "operating_income": 3274000,
      "net_income": 2994000,
      "opex": 6379000,
      "cogs": 29473000,
      "rd": null,
      "sga": null,
      "fcf": -2853000,
      "ocf": -2542000,
      "capex": -311000,
      "gross_margin": 0.24671573889485252,
      "op_margin": 0.08367837243776517,
      "fcf_margin": -0.07291826406992792,
      "incr_op_margin_yoy": 0.3335202736806685,
      "rev_growth_yoy": 0.8373327072082648,
      "op_leverage_ratio": 1.5022152956185173,
      "fcf_margin_change": -0.1909329803970963
    },
    {
      "date": "2022-04-30T00:00:00",
      "quarter_label": "2022-04 (Q2)",
      "revenue": 31222000,
      "gross_profit": 7049000,
      "operating_income": 160000,
      "net_income": -885000,
      "opex": 6889000,
      "cogs": 24173000,
      "rd": null,
      "sga": null,
      "fcf": -7508000,
      "ocf": -7108000,
      "capex": -400000,
      "gross_margin": 0.22577029018000128,
      "op_margin": 0.005124591634104158,
      "fcf_margin": -0.2404714624303376,
      "incr_op_margin_yoy": 0.1619355787615826,
      "rev_growth_yoy": 0.2783851287720591,
      "rev_growth_yoy_accel": -0.5589475784362057,
      "fcf_margin_change": -0.16755319836040966
    },
    {
      "date": "2022-07-31T00:00:00",
      "quarter_label": "2022-07 (Q3)",
      "revenue": 37003000,
      "gross_profit": 9886000,
      "operating_income": 3325000,
      "net_income": 1868000,
      "opex": 6561000,
      "cogs": 27117000,
      "rd": null,
      "sga": null,
      "fcf": -5694000,
      "ocf": -4064000,
      "capex": -1630000,
      "gross_margin": 0.26716752695727375,
      "op_margin": 0.08985757911520688,
      "fcf_margin": -0.15387941518255277,
      "incr_op_margin_yoy": 0.2724027133166726,
      "rev_growth_yoy": -0.07036981207918802,
      "rev_growth_yoy_accel": -0.34875494085124714,
      "op_leverage_ratio": Infinity,
      "fcf_margin_change": 0.08659204724778483
    },
    {
      "date": "2022-10-31T00:00:00",
      "quarter_label": "2022-10 (Q4)",
      "revenue": 37903000,
      "gross_profit": 11130000,
      "operating_income": 4536000,
      "net_income": 1728000,
      "opex": 6594000,
      "cogs": 26773000,
      "rd": null,
      "sga": null,
      "fcf": 4866000,
      "ocf": 6072000,
      "capex": -1206000,
      "gross_margin": 0.2936443025618025,
      "op_margin": 0.11967390444028177,
      "fcf_margin": 0.12838033928712766,
      "incr_op_margin_yoy": 1.0521449704142012,
      "rev_growth_yoy": 0.07682036421489247,
      "rev_growth_yoy_accel": 0.1471901762940805,
      "op_leverage_ratio": 4.835725850238187,
      "fcf_margin_change": 0.28225975446968044
    },
    {
      "date": "2023-01-31T00:00:00",
      "quarter_label": "2023-01 (Q1)",
      "revenue": 36441000,
      "gross_profit": 10236000,
      "operating_income": 3122000,
      "net_income": 3234000,
      "opex": 7114000,
      "cogs": 26205000,
      "rd": null,
      "sga": null,
      "fcf": 120000,
      "ocf": 3859000,
      "capex": -3739000,
      "gross_margin": 0.2808924014159875,
      "op_margin": 0.08567273126423534,
      "fcf_margin": 0.003292994154935375,
      "incr_op_margin_yoy": 0.05661080074487896,
      "rev_growth_yoy": -0.06862444410366508,
      "rev_growth_yoy_accel": -0.14544480831855755,
      "fcf_margin_change": -0.1250873451321923
    },
    {
      "date": "2023-04-30T00:00:00",
      "quarter_label": "2023-04 (Q2)",
      "revenue": 29657000,
      "gross_profit": 6774000,
      "operating_income": 75000,
      "net_income": -1123000,
      "opex": 6699000,
      "cogs": 22883000,
      "rd": null,
      "sga": null,
      "fcf": 584000,
      "ocf": 3811000,
      "capex": -3227000,
      "gross_margin": 0.22841150487237413,
      "op_margin": 0.002528913915770307,
      "fcf_margin": 0.019691809690798125,
      "incr_op_margin_yoy": 0.054313099041533544,
      "rev_growth_yoy": -0.05012491192108129,
      "rev_growth_yoy_accel": 0.018499532182583794,
      "fcf_margin_change": 0.01639881553586275
    },
    {
      "date": "2023-07-31T00:00:00",
      "quarter_label": "2023-07 (Q3)",
      "revenue": 35141000,
      "gross_profit": 9464000,
      "operating_income": 2691000,
      "net_income": 1022000,
      "opex": 6773000,
      "cogs": 25677000,
      "rd": null,
      "sga": null,
      "fcf": -3848000,
      "ocf": -278000,
      "capex": -3570000,
      "gross_margin": 0.26931504510400955,
      "op_margin": 0.07657721749523348,
      "fcf_margin": -0.1095017216356962,
      "incr_op_margin_yoy": 0.34049409237379163,
      "rev_growth_yoy": -0.05032024430451585,
      "rev_growth_yoy_accel": -0.00019533238343456133,
      "op_leverage_ratio": 16.73973147035156,
      "fcf_margin_change": -0.12919353132649433
    },
    {
      "date": "2023-10-31T00:00:00",
      "quarter_label": "2023-10 (Q4)",
      "revenue": 45690000,
      "gross_profit": 13184000,
      "operating_income": 6039000,
      "net_income": 1935000,
      "opex": 7145000,
      "cogs": 32506000,
      "rd": null,
      "sga": null,
      "fcf": 2677000,
      "ocf": 4084000,
      "capex": -1407000,
      "gross_margin": 0.28855329393740425,
      "op_margin": 0.13217334208798423,
      "fcf_margin": 0.0585905012037645,
      "incr_op_margin_yoy": 0.19301399768845512,
      "rev_growth_yoy": 0.2054454792496636,
      "rev_growth_yoy_accel": 0.2557657235541795,
      "op_leverage_ratio": 5.465568127540266,
      "fcf_margin_change": 0.1680922228394607
    },
    {
      "date": "2024-01-31T00:00:00",
      "quarter_label": "2024-01 (Q1)",
      "revenue": 40179000,
      "gross_profit": 12034000,
      "operating_income": 4553000,
      "net_income": 8637000,
      "opex": 7481000,
      "cogs": 28145000,
      "rd": null,
      "sga": null,
      "fcf": 4212000,
      "ocf": 7114000,
      "capex": -2902000,
      "gross_margin": 0.2995096941188183,
      "op_margin": 0.11331790238681899,
      "fcf_margin": 0.10483088180392743,
      "incr_op_margin_yoy": 0.3828250401284109,
      "rev_growth_yoy": 0.10257676792623693,
      "rev_growth_yoy_accel": -0.10286871132342668,
      "fcf_margin_change": 0.046240380600162924
    },
    {
      "date": "2024-04-30T00:00:00",
      "quarter_label": "2024-04 (Q2)",
      "revenue": 34321000,
      "gross_profit": 10517000,
      "operating_income": 3134000,
      "net_income": 1443000,
      "opex": 7383000,
      "cogs": 23804000,
      "rd": null,
      "sga": null,
      "fcf": -662000,
      "ocf": -73000,
      "capex": -589000,
      "gross_margin": 0.3064304653127823,
      "op_margin": 0.09131435564231812,
      "fcf_margin": -0.01928848227033012,
      "incr_op_margin_yoy": 0.6558747855917667,
      "rev_growth_yoy": 0.15726472670870284,
      "rev_growth_yoy_accel": 0.054687958782465906,
      "fcf_margin_change": -0.12411936407425754
    },
    {
      "date": "2024-07-31T00:00:00",
      "quarter_label": "2024-07 (Q3)",
      "revenue": 37513000,
      "gross_profit": 13474000,
      "operating_income": 6142000,
      "net_income": 3289000,
      "opex": 7332000,
      "cogs": 24039000,
      "rd": null,
      "sga": null,
      "fcf": 2173000,
      "ocf": 2817000,
      "capex": -644000,
      "gross_margin": 0.35918215018793487,
      "op_margin": 0.16372990696558526,
      "fcf_margin": 0.0579265854503772,
      "incr_op_margin_yoy": 1.4548903878583475,
      "rev_growth_yoy": 0.06749950200620358,
      "rev_growth_yoy_accel": -0.08976522470249926,
      "op_leverage_ratio": Infinity,
      "fcf_margin_change": 0.07721506772070733
    },
    {
      "date": "2024-10-31T00:00:00",
      "quarter_label": "2024-10 (Q4)",
      "revenue": 41563000,
      "gross_profit": 14086000,
      "operating_income": 5586000,
      "net_income": 2491000,
      "opex": 8500000,
      "cogs": 27477000,
      "rd": null,
      "sga": null,
      "fcf": 4840000,
      "ocf": 5162000,
      "capex": -322000,
      "gross_margin": 0.33890720111637757,
      "op_margin": 0.13439838317734523,
      "fcf_margin": 0.1164497269205784,
      "incr_op_margin_yoy": 0.10976496244245214,
      "rev_growth_yoy": -0.090326110746334,
      "rev_growth_yoy_accel": -0.1578256127525376,
      "op_leverage_ratio": 0.6777239598035238,
      "fcf_margin_change": 0.05852314147020119
    },
    {
      "date": "2025-01-31T00:00:00",
      "quarter_label": "2025-01 (Q1)",
      "revenue": 44987000,
      "gross_profit": 15171000,
      "operating_income": 5438000,
      "net_income": 1760000,
      "opex": 9733000,
      "cogs": 29816000,
      "rd": null,
      "sga": null,
      "fcf": 4702000,
      "ocf": 6022000,
      "capex": -1320000,
      "gross_margin": 0.3372307555516038,
      "op_margin": 0.12087936514993221,
      "fcf_margin": 0.10451908329072843,
      "incr_op_margin_yoy": 0.18406821963394343,
      "rev_growth_yoy": 0.11966450135642998,
      "rev_growth_yoy_accel": 0.20999061210276398,
      "op_leverage_ratio": 0.5679141870423736,
      "fcf_margin_change": -0.011930643629849969
    },
    {
      "date": "2025-04-30T00:00:00",
      "quarter_label": "2025-04 (Q2)",
      "revenue": 46747000,
      "gross_profit": 16724000,
      "operating_income": 7889000,
      "net_income": 4952000,
      "opex": 8835000,
      "cogs": 30023000,
      "rd": null,
      "sga": null,
      "fcf": -194000,
      "ocf": 733000,
      "capex": -927000,
      "gross_margin": 0.3577555778980469,
      "op_margin": 0.16875949258775963,
      "fcf_margin": -0.0041499989304126465,
      "incr_op_margin_yoy": 0.3826653790439401,
      "rev_growth_yoy": 0.3620523877509397,
      "rev_growth_yoy_accel": 0.2423878863945097,
      "op_leverage_ratio": Infinity,
      "fcf_margin_change": -0.10866908222114108
    },
    {
      "date": "2025-07-31T00:00:00",
      "quarter_label": "2025-07 (Q3)",
      "revenue": 47902000,
      "gross_profit": 14423000,
      "operating_income": 3187000,
      "net_income": 851000,
      "opex": 11236000,
      "cogs": 33479000,
      "rd": null,
      "sga": null,
      "fcf": -4592000,
      "ocf": -2041000,
      "capex": -2551000,
      "gross_margin": 0.3010939000459271,
      "op_margin": 0.06653166882384869,
      "fcf_margin": -0.09586238570414596,
      "incr_op_margin_yoy": -0.28443546058330926,
      "rev_growth_yoy": 0.2769439927491803,
      "rev_growth_yoy_accel": -0.08510839500175937,
      "op_leverage_ratio": 0.09091648418716444,
      "fcf_margin_change": -0.0917123867737333
    },
    {
      "date": "2025-10-31T00:00:00",
      "quarter_label": "2025-10 (Q4)",
      "revenue": 61148000,
      "gross_profit": 21005000,
      "operating_income": 11403000,
      "net_income": 6315000,
      "opex": 9602000,
      "cogs": 40143000,
      "rd": null,
      "sga": null,
      "fcf": 12352000,
      "ocf": 17280000,
      "capex": -4928000,
      "gross_margin": 0.3435108261921894,
      "op_margin": 0.18648197815137044,
      "fcf_margin": 0.20200170079152222,
      "incr_op_margin_yoy": 0.2970130201684963,
      "rev_growth_yoy": 0.47121237639246444,
      "rev_growth_yoy_accel": 0.19426838364328414,
      "op_leverage_ratio": Infinity,
      "fcf_margin_change": 0.2978640864956682
    }
  ],
  "signals": [
    {
      "quarter": "2025-10 (Q4)",
      "signal": "FCF TURNED POSITIVE",
      "detail": "FCF margin: -9.6% -> +20.2%",
      "severity": "HIGH"
    },
    {
      "quarter": "2025-10 (Q4)",
      "signal": "GROSS MARGIN INFLECTION",
      "detail": "GM: +35.8% -> +30.1% -> +34.4% (reversal +4.2%)",
      "severity": "MEDIUM"
    },
    {
      "quarter": "2025-10 (Q4)",
      "signal": "YoY REVENUE GROWTH ACCELERATION",
      "detail": "YoY growth: +47.1% vs prior quarter YoY: +27.7% (accel: +19.4%)",
      "severity": "HIGH"
    },
    {
      "quarter": "2025-10 (Q4)",
      "signal": "INCREMENTAL MARGIN (YoY)",
      "detail": "YoY Incr OPM: +29.7% vs year-ago OPM: +13.4%",
      "severity": "MEDIUM"
    },
    {
      "quarter": "2025-07 (Q3)",
      "signal": "YoY REVENUE GROWTH DECELERATION",
      "detail": "YoY growth: +27.7% vs prior quarter YoY: +36.2% (decel: -8.5%)",
      "severity": "WARNING"
    },
    {
      "quarter": "2025-04 (Q2)",
      "signal": "GROSS MARGIN INFLECTION",
      "detail": "GM: +33.9% -> +33.7% -> +35.8% (reversal +2.1%)",
      "severity": "MEDIUM"
    },
    {
      "quarter": "2025-04 (Q2)",
      "signal": "YoY REVENUE GROWTH ACCELERATION",
      "detail": "YoY growth: +36.2% vs prior quarter YoY: +12.0% (accel: +24.2%)",
      "severity": "HIGH"
    },
    {
      "quarter": "2025-04 (Q2)",
      "signal": "INCREMENTAL MARGIN (YoY)",
      "detail": "YoY Incr OPM: +38.3% vs year-ago OPM: +9.1%",
      "severity": "HIGH"
    },
    {
      "quarter": "2025-01 (Q1)",
      "signal": "YoY REVENUE GROWTH ACCELERATION",
      "detail": "YoY growth: +12.0% vs prior quarter YoY: -9.0% (accel: +21.0%)",
      "severity": "HIGH"
    },
    {
      "quarter": "2024-10 (Q4)",
      "signal": "FCF MARGIN EXPANSION",
      "detail": "FCF margin: +5.8% -> +11.6% (+5.9%)",
      "severity": "MEDIUM"
    },
    {
      "quarter": "2024-10 (Q4)",
      "signal": "YoY REVENUE GROWTH DECELERATION",
      "detail": "YoY growth: -9.0% vs prior quarter YoY: +6.7% (decel: -15.8%)",
      "severity": "WARNING"
    },
    {
      "quarter": "2024-07 (Q3)",
      "signal": "FCF TURNED POSITIVE",
      "detail": "FCF margin: -1.9% -> +5.8%",
      "severity": "HIGH"
    },
    {
      "quarter": "2024-07 (Q3)",
      "signal": "YoY REVENUE GROWTH DECELERATION",
      "detail": "YoY growth: +6.7% vs prior quarter YoY: +15.7% (decel: -9.0%)",
      "severity": "WARNING"
    },
    {
      "quarter": "2024-07 (Q3)",
      "signal": "INCREMENTAL MARGIN (YoY)",
      "detail": "YoY Incr OPM: +145.5% vs year-ago OPM: +7.7%",
      "severity": "HIGH"
    },
    {
      "quarter": "2024-04 (Q2)",
      "signal": "YoY REVENUE GROWTH ACCELERATION",
      "detail": "YoY growth: +15.7% vs prior quarter YoY: +10.3% (accel: +5.5%)",
      "severity": "MEDIUM"
    },
    {
      "quarter": "2024-04 (Q2)",
      "signal": "INCREMENTAL MARGIN (YoY)",
      "detail": "YoY Incr OPM: +65.6% vs year-ago OPM: +0.3%",
      "severity": "HIGH"
    },
    {
      "quarter": "2024-01 (Q1)",
      "signal": "YoY REVENUE GROWTH DECELERATION",
      "detail": "YoY growth: +10.3% vs prior quarter YoY: +20.5% (decel: -10.3%)",
      "severity": "WARNING"
    },
    {
      "quarter": "2024-01 (Q1)",
      "signal": "INCREMENTAL MARGIN (YoY)",
      "detail": "YoY Incr OPM: +38.3% vs year-ago OPM: +8.6%",
      "severity": "HIGH"
    },
    {
      "quarter": "2023-10 (Q4)",
      "signal": "FCF TURNED POSITIVE",
      "detail": "FCF margin: -11.0% -> +5.9%",
      "severity": "HIGH"
    },
    {
      "quarter": "2023-10 (Q4)",
      "signal": "OPERATING LEVERAGE",
      "detail": "Rev growth +30.0% vs OpEx growth +5.5% (leverage: 5.5x)",
      "severity": "MEDIUM"
    },
    {
      "quarter": "2023-10 (Q4)",
      "signal": "YoY REVENUE GROWTH ACCELERATION",
      "detail": "YoY growth: +20.5% vs prior quarter YoY: -5.0% (accel: +25.6%)",
      "severity": "HIGH"
    },
    {
      "quarter": "2023-07 (Q3)",
      "signal": "OPERATING LEVERAGE",
      "detail": "Rev growth +18.5% vs OpEx growth +1.1% (leverage: 16.7x)",
      "severity": "MEDIUM"
    },
    {
      "quarter": "2023-07 (Q3)",
      "signal": "GROSS MARGIN INFLECTION",
      "detail": "GM: +28.1% -> +22.8% -> +26.9% (reversal +4.1%)",
      "severity": "MEDIUM"
    },
    {
      "quarter": "2023-07 (Q3)",
      "signal": "INCREMENTAL MARGIN (YoY)",
      "detail": "YoY Incr OPM: +34.0% vs year-ago OPM: +9.0%",
      "severity": "HIGH"
    },
    {
      "quarter": "2023-01 (Q1)",
      "signal": "YoY REVENUE GROWTH DECELERATION",
      "detail": "YoY growth: -6.9% vs prior quarter YoY: +7.7% (decel: -14.5%)",
      "severity": "WARNING"
    },
    {
      "quarter": "2022-10 (Q4)",
      "signal": "FCF TURNED POSITIVE",
      "detail": "FCF margin: -15.4% -> +12.8%",
      "severity": "HIGH"
    },
    {
      "quarter": "2022-10 (Q4)",
      "signal": "OPERATING LEVERAGE",
      "detail": "Rev growth +2.4% vs OpEx growth +0.5% (leverage: 4.8x)",
      "severity": "MEDIUM"
    },
    {
      "quarter": "2022-10 (Q4)",
      "signal": "YoY REVENUE GROWTH ACCELERATION",
      "detail": "YoY growth: +7.7% vs prior quarter YoY: -7.0% (accel: +14.7%)",
      "severity": "MEDIUM"
    },
    {
      "quarter": "2022-10 (Q4)",
      "signal": "INCREMENTAL MARGIN (YoY)",
      "detail": "YoY Incr OPM: +105.2% vs year-ago OPM: +4.8%",
      "severity": "HIGH"
    },
    {
      "quarter": "2022-07 (Q3)",
      "signal": "FCF MARGIN EXPANSION",
      "detail": "FCF margin: -24.0% -> -15.4% (+8.7%)",
      "severity": "MEDIUM"
    },
    {
      "quarter": "2022-07 (Q3)",
      "signal": "GROSS MARGIN INFLECTION",
      "detail": "GM: +24.7% -> +22.6% -> +26.7% (reversal +4.1%)",
      "severity": "MEDIUM"
    },
    {
      "quarter": "2022-07 (Q3)",
      "signal": "YoY REVENUE GROWTH DECELERATION",
      "detail": "YoY growth: -7.0% vs prior quarter YoY: +27.8% (decel: -34.9%)",
      "severity": "WARNING"
    },
    {
      "quarter": "2022-07 (Q3)",
      "signal": "INCREMENTAL MARGIN (YoY)",
      "detail": "YoY Incr OPM: +27.2% vs year-ago OPM: +10.3%",
      "severity": "MEDIUM"
    },
    {
      "quarter": "2022-04 (Q2)",
      "signal": "YoY REVENUE GROWTH DECELERATION",
      "detail": "YoY growth: +27.8% vs prior quarter YoY: +83.7% (decel: -55.9%)",
      "severity": "WARNING"
    },
    {
      "quarter": "2022-04 (Q2)",
      "signal": "OP MARGIN TURNED POSITIVE (YoY)",
      "detail": "Op margin: -3.9% (year-ago) -> +0.5%",
      "severity": "HIGH"
    },
    {
      "quarter": "2022-01 (Q1)",
      "signal": "OPERATING LEVERAGE",
      "detail": "Rev growth +11.2% vs OpEx growth +7.4% (leverage: 1.5x)",
      "severity": "MEDIUM"
    },
    {
      "quarter": "2022-01 (Q1)",
      "signal": "GROSS MARGIN INFLECTION",
      "detail": "GM: +27.0% -> +21.7% -> +24.7% (reversal +3.0%)",
      "severity": "MEDIUM"
    },
    {
      "quarter": "2022-01 (Q1)",
      "signal": "OP MARGIN TURNED POSITIVE (YoY)",
      "detail": "Op margin: -12.6% (year-ago) -> +8.4%",
      "severity": "HIGH"
    },
    {
      "quarter": "2021-10 (Q4)",
      "signal": "FCF TURNED POSITIVE",
      "detail": "FCF margin: -8.3% -> +11.8%",
      "severity": "HIGH"
    },
    {
      "quarter": "2021-07 (Q3)",
      "signal": "OPERATING LEVERAGE",
      "detail": "Rev growth +63.0% vs OpEx growth +22.2% (leverage: 2.8x)",
      "severity": "MEDIUM"
    },
    {
      "quarter": "2021-07 (Q3)",
      "signal": "OP MARGIN TURNED POSITIVE (QoQ)",
      "detail": "Op margin: -3.9% -> +10.3%",
      "severity": "HIGH"
    },
    {
      "quarter": "2021-04 (Q2)",
      "signal": "OPERATING LEVERAGE",
      "detail": "Rev growth +14.7% vs OpEx growth +7.1% (leverage: 2.1x)",
      "severity": "MEDIUM"
    }
  ],
  "data_quality": {
    "n_quarters": 20,
    "coverage": {
      "revenue": [
        20,
        20
      ],
      "gross_profit": [
        20,
        20
      ],
      "op_income": [
        20,
        20
      ],
      "fcf": [
        20,
        20
      ]
    },
    "gaps": [],
    "warnings": []
  },
  "market_cap": null,
  "source": "SEC EDGAR",
  "last_updated": "2026-02-02T22:54:10.769177"
}