{
  "ticker": "PPSI",
  "name": "PIONEER POWER SOLUTIONS, INC.",
  "quarters": [
    {
      "date": "2020-12-31T00:00:00",
      "quarter_label": "2020-12 (Q4)",
      "revenue": 5352000,
      "gross_profit": 263000,
      "operating_income": -901000,
      "net_income": -744000,
      "opex": 1164000,
      "cogs": 5089000,
      "rd": null,
      "sga": 1164000,
      "fcf": -2285000,
      "ocf": -2285000,
      "capex": null,
      "gross_margin": 0.04914050822122571,
      "op_margin": -0.16834828101644245,
      "fcf_margin": -0.42694319880418535
    },
    {
      "date": "2021-03-31T00:00:00",
      "quarter_label": "2021-03 (Q1)",
      "revenue": 3502000,
      "gross_profit": 159000,
      "operating_income": -1106000,
      "net_income": 351000,
      "opex": 1265000,
      "cogs": 3343000,
      "rd": null,
      "sga": 1265000,
      "fcf": -941000,
      "ocf": -941000,
      "capex": null,
      "gross_margin": 0.045402627070245574,
      "op_margin": -0.3158195316961736,
      "fcf_margin": -0.268703597944032,
      "fcf_margin_change": 0.15823960086015337
    },
    {
      "date": "2021-06-30T00:00:00",
      "quarter_label": "2021-06 (Q2)",
      "revenue": 5625000,
      "gross_profit": 495000,
      "operating_income": -745000,
      "net_income": -686000,
      "opex": 1240000,
      "cogs": 5130000,
      "rd": null,
      "sga": 1240000,
      "fcf": 508000,
      "ocf": 508000,
      "capex": null,
      "gross_margin": 0.088,
      "op_margin": -0.13244444444444445,
      "fcf_margin": 0.0903111111111111,
      "op_leverage_ratio": Infinity,
      "fcf_margin_change": 0.3590147090551431
    },
    {
      "date": "2021-09-30T00:00:00",
      "quarter_label": "2021-09 (Q3)",
      "revenue": 5685000,
      "gross_profit": 713000,
      "operating_income": -518000,
      "net_income": -434000,
      "opex": 1231000,
      "cogs": 4972000,
      "rd": null,
      "sga": 1231000,
      "fcf": -652000,
      "ocf": -558000,
      "capex": -94000,
      "gross_margin": 0.12541776605101143,
      "op_margin": -0.0911169744942832,
      "fcf_margin": -0.1146877748460862,
      "op_leverage_ratio": Infinity,
      "fcf_margin_change": -0.20499888595719729
    },
    {
      "date": "2021-12-31T00:00:00",
      "quarter_label": "2021-12 (Q4)",
      "revenue": 3498000,
      "gross_profit": 25000,
      "operating_income": -1492000,
      "net_income": -1398000,
      "opex": 1517000,
      "cogs": 3473000,
      "rd": null,
      "sga": 1517000,
      "fcf": -2283000,
      "ocf": -2202000,
      "capex": -81000,
      "gross_margin": 0.00714694110920526,
      "op_margin": -0.4265294453973699,
      "fcf_margin": -0.6526586620926244,
      "incr_op_margin_yoy": 0.3187702265372168,
      "rev_growth_yoy": -0.34641255605381166,
      "fcf_margin_change": -0.5379708872465382
    },
    {
      "date": "2022-03-31T00:00:00",
      "quarter_label": "2022-03 (Q1)",
      "revenue": 6036000,
      "gross_profit": 875000,
      "operating_income": -871000,
      "net_income": -788000,
      "opex": 1746000,
      "cogs": 5161000,
      "rd": null,
      "sga": 1746000,
      "fcf": 1975000,
      "ocf": 2087000,
      "capex": -112000,
      "gross_margin": 0.1449635520212061,
      "op_margin": -0.1443008614976806,
      "fcf_margin": 0.3272034459907223,
      "incr_op_margin_yoy": 0.09273875295974743,
      "rev_growth_yoy": 0.7235865219874358,
      "rev_growth_yoy_accel": 1.0699990780412474,
      "op_leverage_ratio": 4.806422135168942,
      "fcf_margin_change": 0.9798621080833467
    },
    {
      "date": "2022-06-30T00:00:00",
      "quarter_label": "2022-06 (Q2)",
      "revenue": 4289000,
      "gross_profit": 81000,
      "operating_income": -2504000,
      "net_income": -2517000,
      "opex": 2585000,
      "cogs": 4208000,
      "rd": null,
      "sga": 2585000,
      "fcf": -3770000,
      "ocf": -3708000,
      "capex": -62000,
      "gross_margin": 0.018885521100489626,
      "op_margin": -0.5838190720447657,
      "fcf_margin": -0.8789927722079739,
      "incr_op_margin_yoy": 1.3166167664670658,
      "rev_growth_yoy": -0.23751111111111112,
      "rev_growth_yoy_accel": -0.9610976330985469,
      "fcf_margin_change": -1.2061962181986963
    },
    {
      "date": "2022-09-30T00:00:00",
      "quarter_label": "2022-09 (Q3)",
      "revenue": 6251000,
      "gross_profit": 861000,
      "operating_income": -1444000,
      "net_income": -1311000,
      "opex": 2305000,
      "cogs": 5390000,
      "rd": null,
      "sga": 2305000,
      "fcf": -2532000,
      "ocf": -2315000,
      "capex": -217000,
      "gross_margin": 0.13773796192609183,
      "op_margin": -0.23100303951367782,
      "fcf_margin": -0.4050551911694129,
      "rev_growth_yoy": 0.09956024626209323,
      "rev_growth_yoy_accel": 0.33707135737320437,
      "op_leverage_ratio": Infinity,
      "fcf_margin_change": 0.473937581038561
    },
    {
      "date": "2022-12-31T00:00:00",
      "quarter_label": "2022-12 (Q4)",
      "revenue": 9524000,
      "gross_profit": 2760000,
      "operating_income": 760000,
      "net_income": 948000,
      "opex": 2000000,
      "cogs": 6764000,
      "rd": null,
      "sga": 2000000,
      "fcf": -2957000,
      "ocf": -1836000,
      "capex": -1121000,
      "gross_margin": 0.28979420411591766,
      "op_margin": 0.07979840403191936,
      "fcf_margin": -0.3104787904241915,
      "incr_op_margin_yoy": 0.37371390640557584,
      "rev_growth_yoy": 1.7226986849628358,
      "rev_growth_yoy_accel": 1.6231384387007426,
      "op_leverage_ratio": Infinity,
      "fcf_margin_change": 0.09457640074522139
    },
    {
      "date": "2023-03-31T00:00:00",
      "quarter_label": "2023-03 (Q1)",
      "revenue": 8507000,
      "gross_profit": 2213000,
      "operating_income": 55000,
      "net_income": 122000,
      "opex": 2158000,
      "cogs": 6294000,
      "rd": null,
      "sga": 2158000,
      "fcf": 1331000,
      "ocf": 1525000,
      "capex": -194000,
      "gross_margin": 0.26013870929822497,
      "op_margin": 0.0064652639003173855,
      "fcf_margin": 0.15645938638768073,
      "incr_op_margin_yoy": 0.3747470659651963,
      "rev_growth_yoy": 0.409377070907886,
      "rev_growth_yoy_accel": -1.3133216140549497,
      "fcf_margin_change": 0.4669381768118722
    },
    {
      "date": "2023-06-30T00:00:00",
      "quarter_label": "2023-06 (Q2)",
      "revenue": 12130000,
      "gross_profit": 2711000,
      "operating_income": -378000,
      "net_income": -319000,
      "opex": 3089000,
      "cogs": 9419000,
      "rd": null,
      "sga": 3089000,
      "fcf": -1775000,
      "ocf": -1159000,
      "capex": -616000,
      "gross_margin": 0.2234954657873042,
      "op_margin": -0.031162407254740312,
      "fcf_margin": -0.14633140972794723,
      "incr_op_margin_yoy": 0.27113888534625685,
      "rev_growth_yoy": 1.8281650734436932,
      "rev_growth_yoy_accel": 1.4187880025358073,
      "op_leverage_ratio": 0.9871738911671528,
      "fcf_margin_change": -0.302790796115628
    },
    {
      "date": "2023-09-30T00:00:00",
      "quarter_label": "2023-09 (Q3)",
      "revenue": 12443000,
      "gross_profit": 3711000,
      "operating_income": 953000,
      "net_income": 1024000,
      "opex": 2758000,
      "cogs": 8732000,
      "rd": null,
      "sga": 2758000,
      "fcf": -2129000,
      "ocf": -594000,
      "capex": -1535000,
      "gross_margin": 0.29823997428272925,
      "op_margin": 0.07658924696616572,
      "fcf_margin": -0.171100216989472,
      "incr_op_margin_yoy": 0.3871124031007752,
      "rev_growth_yoy": 0.9905615101583747,
      "rev_growth_yoy_accel": -0.8376035632853185,
      "op_leverage_ratio": Infinity,
      "fcf_margin_change": -0.024768807261524778
    },
    {
      "date": "2023-12-31T00:00:00",
      "quarter_label": "2023-12 (Q4)",
      "revenue": 8413000,
      "gross_profit": -285000,
      "operating_income": -3285000,
      "net_income": -2725000,
      "opex": 3000000,
      "cogs": 8698000,
      "rd": null,
      "sga": 2115000,
      "fcf": -3818000,
      "ocf": -3667000,
      "capex": -151000,
      "gross_margin": -0.033876144062760016,
      "op_margin": -0.39046713419707596,
      "fcf_margin": -0.4538214667776061,
      "incr_op_margin_yoy": 3.640864086408641,
      "rev_growth_yoy": -0.11665266694666107,
      "rev_growth_yoy_accel": -1.1072141771050357,
      "fcf_margin_change": -0.28272124978813407
    },
    {
      "date": "2024-03-31T00:00:00",
      "quarter_label": "2024-03 (Q1)",
      "revenue": 8590000,
      "gross_profit": 1728000,
      "operating_income": -1106000,
      "net_income": -1035000,
      "opex": 2834000,
      "cogs": 6862000,
      "rd": 211000,
      "sga": 2623000,
      "fcf": -2163000,
      "ocf": -1950000,
      "capex": -213000,
      "gross_margin": 0.20116414435389987,
      "op_margin": -0.12875436554132713,
      "fcf_margin": -0.25180442374854484,
      "rev_growth_yoy": 0.0097566709768426,
      "rev_growth_yoy_accel": 0.12640933792350367,
      "op_leverage_ratio": Infinity,
      "fcf_margin_change": 0.20201704302906126
    },
    {
      "date": "2024-06-30T00:00:00",
      "quarter_label": "2024-06 (Q2)",
      "revenue": 6340000,
      "gross_profit": 653000,
      "operating_income": -2300000,
      "net_income": -2283000,
      "opex": 2953000,
      "cogs": 5687000,
      "rd": 238000,
      "sga": 2715000,
      "fcf": 170000,
      "ocf": 571000,
      "capex": -401000,
      "gross_margin": 0.10299684542586751,
      "op_margin": -0.3627760252365931,
      "fcf_margin": 0.026813880126182965,
      "incr_op_margin_yoy": 0.3319516407599309,
      "rev_growth_yoy": -0.47732893652102226,
      "rev_growth_yoy_accel": -0.48708560749786484,
      "fcf_margin_change": 0.2786183038747278
    },
    {
      "date": "2024-09-30T00:00:00",
      "quarter_label": "2024-09 (Q3)",
      "revenue": 10911000,
      "gross_profit": 2066000,
      "operating_income": -1097000,
      "net_income": -1121000,
      "opex": 3163000,
      "cogs": 8845000,
      "rd": 256000,
      "sga": 2907000,
      "fcf": -3402000,
      "ocf": -2739000,
      "capex": -663000,
      "gross_margin": 0.18935019704884978,
      "op_margin": -0.10054073870406012,
      "fcf_margin": -0.3117954357987352,
      "incr_op_margin_yoy": 1.3381201044386424,
      "rev_growth_yoy": -0.12312143373784457,
      "rev_growth_yoy_accel": 0.3542075027831777,
      "op_leverage_ratio": 10.138322818086225,
      "fcf_margin_change": -0.33860931592491816
    },
    {
      "date": "2024-12-31T00:00:00",
      "quarter_label": "2024-12 (Q4)",
      "revenue": -2962000,
      "gross_profit": 1067000,
      "operating_income": -745000,
      "net_income": 36294000,
      "opex": 1812000,
      "cogs": -4029000,
      "rd": 345000,
      "sga": 1467000,
      "fcf": -4576000,
      "ocf": -2094000,
      "capex": -2482000,
      "gross_margin": -0.3602295746117488,
      "op_margin": 0.25151924375422013,
      "fcf_margin": 1.5449020931802835,
      "incr_op_margin_yoy": -0.22329670329670329,
      "rev_growth_yoy": -1.3520741709259478,
      "rev_growth_yoy_accel": -1.2289527371881033,
      "fcf_margin_change": 1.8566975289790186
    },
    {
      "date": "2025-03-31T00:00:00",
      "quarter_label": "2025-03 (Q1)",
      "revenue": 6740000,
      "gross_profit": 148000,
      "operating_income": -2346000,
      "net_income": -929000,
      "opex": 2494000,
      "cogs": 6592000,
      "rd": 80000,
      "sga": 2414000,
      "fcf": 907000,
      "ocf": 1502000,
      "capex": -595000,
      "gross_margin": 0.02195845697329377,
      "op_margin": -0.3480712166172107,
      "fcf_margin": 0.13456973293768545,
      "incr_op_margin_yoy": 0.6702702702702703,
      "rev_growth_yoy": -0.21536670547147846,
      "rev_growth_yoy_accel": 1.1367074654544693,
      "fcf_margin_change": -1.4103323602425981
    },
    {
      "date": "2025-06-30T00:00:00",
      "quarter_label": "2025-06 (Q2)",
      "revenue": 8370000,
      "gross_profit": 1314000,
      "operating_income": -1708000,
      "net_income": -1328000,
      "opex": 3022000,
      "cogs": 7056000,
      "rd": 534000,
      "sga": 2488000,
      "fcf": -5610000,
      "ocf": -5465000,
      "capex": -145000,
      "gross_margin": 0.15698924731182795,
      "op_margin": -0.2040621266427718,
      "fcf_margin": -0.6702508960573477,
      "incr_op_margin_yoy": 0.2916256157635468,
      "rev_growth_yoy": 0.32018927444794953,
      "rev_growth_yoy_accel": 0.535555979919428,
      "op_leverage_ratio": 1.1423264544555345,
      "fcf_margin_change": -0.8048206289950331
    },
    {
      "date": "2025-09-30T00:00:00",
      "quarter_label": "2025-09 (Q3)",
      "revenue": 6888000,
      "gross_profit": 640000,
      "operating_income": -1447000,
      "net_income": -2350000,
      "opex": 2087000,
      "cogs": 6248000,
      "rd": 111000,
      "sga": 1976000,
      "fcf": -1609000,
      "ocf": -817000,
      "capex": -792000,
      "gross_margin": 0.09291521486643438,
      "op_margin": -0.21007549361207897,
      "fcf_margin": -0.23359465737514518,
      "incr_op_margin_yoy": 0.08699975142928162,
      "rev_growth_yoy": -0.3687104756667583,
      "rev_growth_yoy_accel": -0.6888997501147078,
      "fcf_margin_change": 0.4366562386822025
    }
  ],
  "signals": [
    {
      "quarter": "2025-09 (Q3)",
      "signal": "FCF MARGIN EXPANSION",
      "detail": "FCF margin: -67.0% -> -23.4% (+43.7%)",
      "severity": "MEDIUM"
    },
    {
      "quarter": "2025-09 (Q3)",
      "signal": "YoY REVENUE GROWTH DECELERATION",
      "detail": "YoY growth: -36.9% vs prior quarter YoY: +32.0% (decel: -68.9%)",
      "severity": "WARNING"
    },
    {
      "quarter": "2025-06 (Q2)",
      "signal": "YoY REVENUE GROWTH ACCELERATION",
      "detail": "YoY growth: +32.0% vs prior quarter YoY: -21.5% (accel: +53.6%)",
      "severity": "HIGH"
    },
    {
      "quarter": "2025-03 (Q1)",
      "signal": "GROSS MARGIN INFLECTION",
      "detail": "GM: +18.9% -> -36.0% -> +2.2% (reversal +38.2%)",
      "severity": "HIGH"
    },
    {
      "quarter": "2025-03 (Q1)",
      "signal": "YoY REVENUE GROWTH ACCELERATION",
      "detail": "YoY growth: -21.5% vs prior quarter YoY: -135.2% (accel: +113.7%)",
      "severity": "HIGH"
    },
    {
      "quarter": "2024-12 (Q4)",
      "signal": "FCF TURNED POSITIVE",
      "detail": "FCF margin: -31.2% -> +154.5%",
      "severity": "HIGH"
    },
    {
      "quarter": "2024-12 (Q4)",
      "signal": "YoY REVENUE GROWTH DECELERATION",
      "detail": "YoY growth: -135.2% vs prior quarter YoY: -12.3% (decel: -122.9%)",
      "severity": "WARNING"
    },
    {
      "quarter": "2024-12 (Q4)",
      "signal": "OP MARGIN TURNED POSITIVE (YoY)",
      "detail": "Op margin: -39.0% (year-ago) -> +25.2%",
      "severity": "HIGH"
    },
    {
      "quarter": "2024-12 (Q4)",
      "signal": "OP MARGIN TURNED POSITIVE (QoQ)",
      "detail": "Op margin: -10.1% -> +25.2%",
      "severity": "HIGH"
    },
    {
      "quarter": "2024-09 (Q3)",
      "signal": "OPERATING LEVERAGE",
      "detail": "Rev growth +72.1% vs OpEx growth +7.1% (leverage: 10.1x)",
      "severity": "MEDIUM"
    },
    {
      "quarter": "2024-09 (Q3)",
      "signal": "GROSS MARGIN INFLECTION",
      "detail": "GM: +20.1% -> +10.3% -> +18.9% (reversal +8.6%)",
      "severity": "HIGH"
    },
    {
      "quarter": "2024-09 (Q3)",
      "signal": "YoY REVENUE GROWTH ACCELERATION",
      "detail": "YoY growth: -12.3% vs prior quarter YoY: -47.7% (accel: +35.4%)",
      "severity": "HIGH"
    },
    {
      "quarter": "2024-06 (Q2)",
      "signal": "FCF TURNED POSITIVE",
      "detail": "FCF margin: -25.2% -> +2.7%",
      "severity": "HIGH"
    },
    {
      "quarter": "2024-06 (Q2)",
      "signal": "YoY REVENUE GROWTH DECELERATION",
      "detail": "YoY growth: -47.7% vs prior quarter YoY: +1.0% (decel: -48.7%)",
      "severity": "WARNING"
    },
    {
      "quarter": "2024-03 (Q1)",
      "signal": "FCF MARGIN EXPANSION",
      "detail": "FCF margin: -45.4% -> -25.2% (+20.2%)",
      "severity": "MEDIUM"
    },
    {
      "quarter": "2024-03 (Q1)",
      "signal": "GROSS MARGIN INFLECTION",
      "detail": "GM: +29.8% -> -3.4% -> +20.1% (reversal +23.5%)",
      "severity": "HIGH"
    },
    {
      "quarter": "2024-03 (Q1)",
      "signal": "YoY REVENUE GROWTH ACCELERATION",
      "detail": "YoY growth: +1.0% vs prior quarter YoY: -11.7% (accel: +12.6%)",
      "severity": "MEDIUM"
    },
    {
      "quarter": "2023-12 (Q4)",
      "signal": "YoY REVENUE GROWTH DECELERATION",
      "detail": "YoY growth: -11.7% vs prior quarter YoY: +99.1% (decel: -110.7%)",
      "severity": "WARNING"
    },
    {
      "quarter": "2023-09 (Q3)",
      "signal": "GROSS MARGIN INFLECTION",
      "detail": "GM: +26.0% -> +22.3% -> +29.8% (reversal +7.5%)",
      "severity": "HIGH"
    },
    {
      "quarter": "2023-09 (Q3)",
      "signal": "YoY REVENUE GROWTH DECELERATION",
      "detail": "YoY growth: +99.1% vs prior quarter YoY: +182.8% (decel: -83.8%)",
      "severity": "WARNING"
    },
    {
      "quarter": "2023-09 (Q3)",
      "signal": "OP MARGIN TURNED POSITIVE (YoY)",
      "detail": "Op margin: -23.1% (year-ago) -> +7.7%",
      "severity": "HIGH"
    },
    {
      "quarter": "2023-09 (Q3)",
      "signal": "OP MARGIN TURNED POSITIVE (QoQ)",
      "detail": "Op margin: -3.1% -> +7.7%",
      "severity": "HIGH"
    },
    {
      "quarter": "2023-06 (Q2)",
      "signal": "YoY REVENUE GROWTH ACCELERATION",
      "detail": "YoY growth: +182.8% vs prior quarter YoY: +40.9% (accel: +141.9%)",
      "severity": "HIGH"
    },
    {
      "quarter": "2023-03 (Q1)",
      "signal": "FCF TURNED POSITIVE",
      "detail": "FCF margin: -31.0% -> +15.6%",
      "severity": "HIGH"
    },
    {
      "quarter": "2023-03 (Q1)",
      "signal": "YoY REVENUE GROWTH DECELERATION",
      "detail": "YoY growth: +40.9% vs prior quarter YoY: +172.3% (decel: -131.3%)",
      "severity": "WARNING"
    },
    {
      "quarter": "2023-03 (Q1)",
      "signal": "OP MARGIN TURNED POSITIVE (YoY)",
      "detail": "Op margin: -14.4% (year-ago) -> +0.6%",
      "severity": "HIGH"
    },
    {
      "quarter": "2022-12 (Q4)",
      "signal": "FCF MARGIN EXPANSION",
      "detail": "FCF margin: -40.5% -> -31.0% (+9.5%)",
      "severity": "MEDIUM"
    },
    {
      "quarter": "2022-12 (Q4)",
      "signal": "YoY REVENUE GROWTH ACCELERATION",
      "detail": "YoY growth: +172.3% vs prior quarter YoY: +10.0% (accel: +162.3%)",
      "severity": "HIGH"
    },
    {
      "quarter": "2022-12 (Q4)",
      "signal": "OP MARGIN TURNED POSITIVE (YoY)",
      "detail": "Op margin: -42.7% (year-ago) -> +8.0%",
      "severity": "HIGH"
    },
    {
      "quarter": "2022-12 (Q4)",
      "signal": "OP MARGIN TURNED POSITIVE (QoQ)",
      "detail": "Op margin: -23.1% -> +8.0%",
      "severity": "HIGH"
    },
    {
      "quarter": "2022-09 (Q3)",
      "signal": "FCF MARGIN EXPANSION",
      "detail": "FCF margin: -87.9% -> -40.5% (+47.4%)",
      "severity": "MEDIUM"
    },
    {
      "quarter": "2022-09 (Q3)",
      "signal": "GROSS MARGIN INFLECTION",
      "detail": "GM: +14.5% -> +1.9% -> +13.8% (reversal +11.9%)",
      "severity": "HIGH"
    },
    {
      "quarter": "2022-09 (Q3)",
      "signal": "YoY REVENUE GROWTH ACCELERATION",
      "detail": "YoY growth: +10.0% vs prior quarter YoY: -23.8% (accel: +33.7%)",
      "severity": "HIGH"
    },
    {
      "quarter": "2022-06 (Q2)",
      "signal": "YoY REVENUE GROWTH DECELERATION",
      "detail": "YoY growth: -23.8% vs prior quarter YoY: +72.4% (decel: -96.1%)",
      "severity": "WARNING"
    },
    {
      "quarter": "2022-03 (Q1)",
      "signal": "FCF TURNED POSITIVE",
      "detail": "FCF margin: -65.3% -> +32.7%",
      "severity": "HIGH"
    },
    {
      "quarter": "2022-03 (Q1)",
      "signal": "OPERATING LEVERAGE",
      "detail": "Rev growth +72.6% vs OpEx growth +15.1% (leverage: 4.8x)",
      "severity": "MEDIUM"
    },
    {
      "quarter": "2022-03 (Q1)",
      "signal": "GROSS MARGIN INFLECTION",
      "detail": "GM: +12.5% -> +0.7% -> +14.5% (reversal +13.8%)",
      "severity": "HIGH"
    },
    {
      "quarter": "2022-03 (Q1)",
      "signal": "YoY REVENUE GROWTH ACCELERATION",
      "detail": "YoY growth: +72.4% vs prior quarter YoY: -34.6% (accel: +107.0%)",
      "severity": "HIGH"
    },
    {
      "quarter": "2021-06 (Q2)",
      "signal": "FCF TURNED POSITIVE",
      "detail": "FCF margin: -26.9% -> +9.0%",
      "severity": "HIGH"
    },
    {
      "quarter": "2021-06 (Q2)",
      "signal": "GROSS MARGIN INFLECTION",
      "detail": "GM: +4.9% -> +4.5% -> +8.8% (reversal +4.3%)",
      "severity": "MEDIUM"
    },
    {
      "quarter": "2021-03 (Q1)",
      "signal": "FCF MARGIN EXPANSION",
      "detail": "FCF margin: -42.7% -> -26.9% (+15.8%)",
      "severity": "MEDIUM"
    }
  ],
  "data_quality": {
    "n_quarters": 20,
    "coverage": {
      "revenue": [
        20,
        20
      ],
      "gross_profit": [
        20,
        20
      ],
      "op_income": [
        20,
        20
      ],
      "fcf": [
        20,
        20
      ]
    },
    "gaps": [],
    "warnings": []
  },
  "market_cap": null,
  "source": "SEC EDGAR",
  "last_updated": "2026-02-02T23:38:47.318711"
}