{
  "ticker": "PRAX",
  "name": "PRAXIS PRECISION MEDICINES, INC.",
  "quarters": [
    {
      "date": "2022-03-31T00:00:00",
      "quarter_label": "2022-03 (Q1)",
      "revenue": 0,
      "gross_profit": null,
      "operating_income": -68849000,
      "net_income": -68717000,
      "opex": 68849000,
      "cogs": null,
      "rd": 52652000,
      "sga": null,
      "fcf": -54398000,
      "ocf": -54109000,
      "capex": -289000,
      "gross_margin": null,
      "op_margin": null,
      "fcf_margin": null
    },
    {
      "date": "2022-06-30T00:00:00",
      "quarter_label": "2022-06 (Q2)",
      "revenue": 0,
      "gross_profit": null,
      "operating_income": -60394000,
      "net_income": -60194000,
      "opex": 60394000,
      "cogs": null,
      "rd": 43620000,
      "sga": null,
      "fcf": -57319000,
      "ocf": -57209000,
      "capex": -110000,
      "gross_margin": null,
      "op_margin": null,
      "fcf_margin": null
    },
    {
      "date": "2022-09-30T00:00:00",
      "quarter_label": "2022-09 (Q3)",
      "revenue": 0,
      "gross_profit": null,
      "operating_income": -44290000,
      "net_income": -43945000,
      "opex": 44290000,
      "cogs": null,
      "rd": 30439000,
      "sga": null,
      "fcf": -44964000,
      "ocf": -44919000,
      "capex": -45000,
      "gross_margin": null,
      "op_margin": null,
      "fcf_margin": null
    },
    {
      "date": "2022-12-31T00:00:00",
      "quarter_label": "2022-12 (Q4)",
      "revenue": 0,
      "gross_profit": null,
      "operating_income": -41453000,
      "net_income": -41173000,
      "opex": 41453000,
      "cogs": null,
      "rd": 28329000,
      "sga": null,
      "fcf": -28806000,
      "ocf": -28806000,
      "capex": null,
      "gross_margin": null,
      "op_margin": null,
      "fcf_margin": null
    },
    {
      "date": "2023-03-31T00:00:00",
      "quarter_label": "2023-03 (Q1)",
      "revenue": 683000,
      "gross_profit": null,
      "operating_income": -38091000,
      "net_income": -37455000,
      "opex": 38774000,
      "cogs": null,
      "rd": 25504000,
      "sga": null,
      "fcf": -32846000,
      "ocf": -32846000,
      "capex": null,
      "gross_margin": null,
      "op_margin": -55.7701317715959,
      "fcf_margin": -48.09077598828697
    },
    {
      "date": "2023-06-30T00:00:00",
      "quarter_label": "2023-06 (Q2)",
      "revenue": 781000,
      "gross_profit": null,
      "operating_income": -34960000,
      "net_income": -34312000,
      "opex": 35741000,
      "cogs": null,
      "rd": 25614000,
      "sga": null,
      "fcf": -31214000,
      "ocf": -31214000,
      "capex": null,
      "gross_margin": null,
      "op_margin": -44.76312419974392,
      "fcf_margin": -39.96670934699104,
      "op_leverage_ratio": Infinity,
      "fcf_margin_change": 8.124066641295933
    },
    {
      "date": "2023-09-30T00:00:00",
      "quarter_label": "2023-09 (Q3)",
      "revenue": 468000,
      "gross_profit": null,
      "operating_income": -25516000,
      "net_income": -24632000,
      "opex": 25984000,
      "cogs": null,
      "rd": 17260000,
      "sga": null,
      "fcf": -23215000,
      "ocf": -23215000,
      "capex": null,
      "gross_margin": null,
      "op_margin": -54.52136752136752,
      "fcf_margin": -49.60470085470085,
      "fcf_margin_change": -9.637991507709813
    },
    {
      "date": "2023-12-31T00:00:00",
      "quarter_label": "2023-12 (Q4)",
      "revenue": 515000,
      "gross_profit": null,
      "operating_income": -27806000,
      "net_income": -26878000,
      "opex": 28321000,
      "cogs": null,
      "rd": 18388000,
      "sga": null,
      "fcf": -23911000,
      "ocf": -23861000,
      "capex": -50000,
      "gross_margin": null,
      "op_margin": -53.99223300970874,
      "fcf_margin": -46.429126213592234,
      "op_leverage_ratio": 1.1166043104425647,
      "fcf_margin_change": 3.175574641108618
    },
    {
      "date": "2024-03-31T00:00:00",
      "quarter_label": "2024-03 (Q1)",
      "revenue": 431000,
      "gross_profit": null,
      "operating_income": -41886000,
      "net_income": -39553000,
      "opex": 42317000,
      "cogs": null,
      "rd": 26984000,
      "sga": null,
      "fcf": -20857000,
      "ocf": -20857000,
      "capex": null,
      "gross_margin": null,
      "op_margin": -97.18329466357308,
      "fcf_margin": -48.39211136890951,
      "rev_growth_yoy": -0.3689604685212299,
      "fcf_margin_change": -1.962985155317277
    },
    {
      "date": "2024-06-30T00:00:00",
      "quarter_label": "2024-06 (Q2)",
      "revenue": 357000,
      "gross_profit": null,
      "operating_income": -37488000,
      "net_income": -32677000,
      "opex": 37845000,
      "cogs": null,
      "rd": 27260000,
      "sga": null,
      "fcf": -27278000,
      "ocf": -27278000,
      "capex": null,
      "gross_margin": null,
      "op_margin": -105.00840336134453,
      "fcf_margin": -76.40896358543418,
      "rev_growth_yoy": -0.5428937259923176,
      "rev_growth_yoy_accel": -0.17393325747108768,
      "fcf_margin_change": -28.01685221652467
    },
    {
      "date": "2024-09-30T00:00:00",
      "quarter_label": "2024-09 (Q3)",
      "revenue": 302000,
      "gross_profit": null,
      "operating_income": -56835000,
      "net_income": -51910000,
      "opex": 57137000,
      "cogs": null,
      "rd": 41881000,
      "sga": null,
      "fcf": -27500000,
      "ocf": -27500000,
      "capex": null,
      "gross_margin": null,
      "op_margin": -188.1953642384106,
      "fcf_margin": -91.05960264900662,
      "rev_growth_yoy": -0.3547008547008547,
      "rev_growth_yoy_accel": 0.18819287129146284,
      "fcf_margin_change": -14.650639063572442
    },
    {
      "date": "2024-12-31T00:00:00",
      "quarter_label": "2024-12 (Q4)",
      "revenue": 7463000,
      "gross_profit": null,
      "operating_income": -63956000,
      "net_income": -58679000,
      "opex": 71419000,
      "cogs": null,
      "rd": 56288000,
      "sga": null,
      "fcf": -56122000,
      "ocf": -56122000,
      "capex": null,
      "gross_margin": null,
      "op_margin": -8.569744070749028,
      "fcf_margin": -7.520032158649337,
      "incr_op_margin_yoy": -5.202936096718481,
      "rev_growth_yoy": 13.49126213592233,
      "rev_growth_yoy_accel": 13.845962990623185,
      "op_leverage_ratio": 94.86262451416177,
      "fcf_margin_change": 83.53957049035728
    },
    {
      "date": "2025-03-31T00:00:00",
      "quarter_label": "2025-03 (Q1)",
      "revenue": 0,
      "gross_profit": null,
      "operating_income": -74728000,
      "net_income": -69296000,
      "opex": 74728000,
      "cogs": null,
      "rd": 60806000,
      "sga": null,
      "fcf": -53010000,
      "ocf": -53010000,
      "capex": null,
      "gross_margin": null,
      "op_margin": null,
      "fcf_margin": null,
      "rev_growth_yoy": -1.0,
      "rev_growth_yoy_accel": -14.49126213592233
    },
    {
      "date": "2025-06-30T00:00:00",
      "quarter_label": "2025-06 (Q2)",
      "revenue": 0,
      "gross_profit": null,
      "operating_income": -76067000,
      "net_income": -71127000,
      "opex": 76067000,
      "cogs": null,
      "rd": 63006000,
      "sga": null,
      "fcf": -54676000,
      "ocf": -54676000,
      "capex": null,
      "gross_margin": null,
      "op_margin": null,
      "fcf_margin": null,
      "rev_growth_yoy": -1.0,
      "rev_growth_yoy_accel": 0.0
    },
    {
      "date": "2025-09-30T00:00:00",
      "quarter_label": "2025-09 (Q3)",
      "revenue": 0,
      "gross_profit": null,
      "operating_income": -78359000,
      "net_income": -73934000,
      "opex": 78359000,
      "cogs": null,
      "rd": 65797000,
      "sga": null,
      "fcf": -65057000,
      "ocf": -65057000,
      "capex": null,
      "gross_margin": null,
      "op_margin": null,
      "fcf_margin": null,
      "rev_growth_yoy": -1.0,
      "rev_growth_yoy_accel": 0.0
    }
  ],
  "signals": [
    {
      "quarter": "2025-03 (Q1)",
      "signal": "YoY REVENUE GROWTH DECELERATION",
      "detail": "YoY growth: -100.0% vs prior quarter YoY: +1349.1% (decel: -1449.1%)",
      "severity": "WARNING"
    },
    {
      "quarter": "2024-12 (Q4)",
      "signal": "FCF MARGIN EXPANSION",
      "detail": "FCF margin: -9106.0% -> -752.0% (+8354.0%)",
      "severity": "MEDIUM"
    },
    {
      "quarter": "2024-12 (Q4)",
      "signal": "OPERATING LEVERAGE",
      "detail": "Rev growth +2371.2% vs OpEx growth +25.0% (leverage: 94.9x)",
      "severity": "MEDIUM"
    },
    {
      "quarter": "2024-12 (Q4)",
      "signal": "YoY REVENUE GROWTH ACCELERATION",
      "detail": "YoY growth: +1349.1% vs prior quarter YoY: -35.5% (accel: +1384.6%)",
      "severity": "HIGH"
    },
    {
      "quarter": "2024-09 (Q3)",
      "signal": "YoY REVENUE GROWTH ACCELERATION",
      "detail": "YoY growth: -35.5% vs prior quarter YoY: -54.3% (accel: +18.8%)",
      "severity": "HIGH"
    },
    {
      "quarter": "2024-06 (Q2)",
      "signal": "YoY REVENUE GROWTH DECELERATION",
      "detail": "YoY growth: -54.3% vs prior quarter YoY: -36.9% (decel: -17.4%)",
      "severity": "WARNING"
    },
    {
      "quarter": "2023-12 (Q4)",
      "signal": "FCF MARGIN EXPANSION",
      "detail": "FCF margin: -4960.5% -> -4642.9% (+317.6%)",
      "severity": "MEDIUM"
    },
    {
      "quarter": "2023-06 (Q2)",
      "signal": "FCF MARGIN EXPANSION",
      "detail": "FCF margin: -4809.1% -> -3996.7% (+812.4%)",
      "severity": "MEDIUM"
    }
  ],
  "data_quality": {
    "n_quarters": 15,
    "coverage": {
      "revenue": [
        15,
        15
      ],
      "gross_profit": [
        0,
        15
      ],
      "op_income": [
        15,
        15
      ],
      "fcf": [
        15,
        15
      ]
    },
    "gaps": [],
    "warnings": [
      "gross_profit: no data"
    ]
  },
  "market_cap": null,
  "source": "SEC EDGAR",
  "last_updated": "2026-02-02T20:42:58.792046"
}