{
  "ticker": "PRCH",
  "name": "Porch Group, Inc.",
  "quarters": [
    {
      "date": "2020-12-31T00:00:00",
      "quarter_label": "2020-12 (Q4)",
      "revenue": 19513000,
      "gross_profit": 15203000,
      "operating_income": -19144000,
      "net_income": -48835108,
      "opex": 38657000,
      "cogs": 4310000,
      "rd": null,
      "sga": null,
      "fcf": -31812000,
      "ocf": -31654000,
      "capex": -158000,
      "gross_margin": 0.7791216112335366,
      "op_margin": -0.9810895300568852,
      "fcf_margin": -1.6302977502178035
    },
    {
      "date": "2021-03-31T00:00:00",
      "quarter_label": "2021-03 (Q1)",
      "revenue": 26742000,
      "gross_profit": 20812000,
      "operating_income": -29631000,
      "net_income": -65101000,
      "opex": 56373000,
      "cogs": 5930000,
      "rd": null,
      "sga": null,
      "fcf": -22969000,
      "ocf": -22935000,
      "capex": -34000,
      "gross_margin": 0.7782514396828958,
      "op_margin": -1.1080323087278439,
      "fcf_margin": -0.8589110762097075,
      "op_leverage_ratio": 0.8083820395564023,
      "fcf_margin_change": 0.771386674008096
    },
    {
      "date": "2021-06-30T00:00:00",
      "quarter_label": "2021-06 (Q2)",
      "revenue": 51340000,
      "gross_profit": 31840000,
      "operating_income": -22943000,
      "net_income": -16296000,
      "opex": 74283000,
      "cogs": 19500000,
      "rd": null,
      "sga": null,
      "fcf": -8342000,
      "ocf": -7837000,
      "capex": -505000,
      "gross_margin": 0.6201791975068173,
      "op_margin": -0.44688352162056877,
      "fcf_margin": -0.16248539150759642,
      "op_leverage_ratio": 2.8952193595805413,
      "fcf_margin_change": 0.6964256847021111
    },
    {
      "date": "2021-09-30T00:00:00",
      "quarter_label": "2021-09 (Q3)",
      "revenue": 62769000,
      "gross_profit": 43611000,
      "operating_income": -12614000,
      "net_income": -5099000,
      "opex": 75383000,
      "cogs": 19158000,
      "rd": null,
      "sga": null,
      "fcf": -10994000,
      "ocf": -10945000,
      "capex": -49000,
      "gross_margin": 0.6947856425942742,
      "op_margin": -0.20095907215345155,
      "fcf_margin": -0.1751501537383103,
      "op_leverage_ratio": 15.03311978963771,
      "fcf_margin_change": -0.012664762230713889
    },
    {
      "date": "2021-12-31T00:00:00",
      "quarter_label": "2021-12 (Q4)",
      "revenue": 51581000,
      "gross_profit": 37443000,
      "operating_income": -18373000,
      "net_income": -20109000,
      "opex": 69954000,
      "cogs": 14138000,
      "rd": null,
      "sga": null,
      "fcf": 6556000,
      "ocf": 6940000,
      "capex": -384000,
      "gross_margin": 0.7259068261569183,
      "op_margin": -0.35619704930109924,
      "fcf_margin": 0.1271010643453985,
      "incr_op_margin_yoy": 0.02404265934888362,
      "rev_growth_yoy": 1.6434172090401271,
      "fcf_margin_change": 0.3022512180837088
    },
    {
      "date": "2022-03-31T00:00:00",
      "quarter_label": "2022-03 (Q1)",
      "revenue": 62561000,
      "gross_profit": 41372000,
      "operating_income": -25301000,
      "net_income": -5796000,
      "opex": 87862000,
      "cogs": 21189000,
      "rd": null,
      "sga": null,
      "fcf": -16568000,
      "ocf": -15401000,
      "capex": -1167000,
      "gross_margin": 0.6613065647927623,
      "op_margin": -0.4044212848260098,
      "fcf_margin": -0.26482952638225093,
      "incr_op_margin_yoy": 0.12088556352773668,
      "rev_growth_yoy": 1.3394286141649838,
      "rev_growth_yoy_accel": -0.3039885948751433,
      "op_leverage_ratio": 0.8315302435406561,
      "fcf_margin_change": -0.39193059072764946
    },
    {
      "date": "2022-06-30T00:00:00",
      "quarter_label": "2022-06 (Q2)",
      "revenue": 70769000,
      "gross_profit": 42211000,
      "operating_income": -30797000,
      "net_income": -26377000,
      "opex": 101566000,
      "cogs": 28558000,
      "rd": null,
      "sga": null,
      "fcf": 10873000,
      "ocf": 11245000,
      "capex": -372000,
      "gross_margin": 0.59646172759259,
      "op_margin": -0.4351764190535404,
      "fcf_margin": 0.15364071839364693,
      "incr_op_margin_yoy": -0.4042410829172886,
      "rev_growth_yoy": 0.3784378652123101,
      "rev_growth_yoy_accel": -0.9609907489526737,
      "op_leverage_ratio": 0.8411770217346678,
      "fcf_margin_change": 0.4184702447758979
    },
    {
      "date": "2022-09-30T00:00:00",
      "quarter_label": "2022-09 (Q3)",
      "revenue": 77353000,
      "gross_profit": 44084000,
      "operating_income": -84900000,
      "net_income": -86391000,
      "opex": 160266000,
      "cogs": 33269000,
      "rd": null,
      "sga": null,
      "fcf": -6643000,
      "ocf": -6196000,
      "capex": -447000,
      "gross_margin": 0.5699067909454061,
      "op_margin": -1.097565705273228,
      "fcf_margin": -0.08587902214523031,
      "incr_op_margin_yoy": -4.956527701590784,
      "rev_growth_yoy": 0.2323439914607529,
      "rev_growth_yoy_accel": -0.1460938737515572,
      "op_leverage_ratio": 0.16097447262433576,
      "fcf_margin_change": -0.23951974053887726
    },
    {
      "date": "2022-12-31T00:00:00",
      "quarter_label": "2022-12 (Q4)",
      "revenue": 64113000,
      "gross_profit": 43943000,
      "operating_income": -33795000,
      "net_income": -35473000,
      "opex": 97908000,
      "cogs": 20170000,
      "rd": null,
      "sga": null,
      "fcf": -7748000,
      "ocf": -7384000,
      "capex": -364000,
      "gross_margin": 0.6853992170074712,
      "op_margin": -0.527116185485003,
      "fcf_margin": -0.1208491257623259,
      "incr_op_margin_yoy": -1.2306096393233323,
      "rev_growth_yoy": 0.24295767821484654,
      "rev_growth_yoy_accel": 0.010613686754093632,
      "fcf_margin_change": -0.034970103617095585
    },
    {
      "date": "2023-03-31T00:00:00",
      "quarter_label": "2023-03 (Q1)",
      "revenue": 87369000,
      "gross_profit": 36094000,
      "operating_income": -38528000,
      "net_income": -38740000,
      "opex": 125897000,
      "cogs": 51275000,
      "rd": null,
      "sga": null,
      "fcf": -22387000,
      "ocf": -22031000,
      "capex": -356000,
      "gross_margin": 0.4131213588343692,
      "op_margin": -0.44098021037209995,
      "fcf_margin": -0.2562350490448557,
      "incr_op_margin_yoy": -0.5331747823282812,
      "rev_growth_yoy": 0.3965409760074168,
      "rev_growth_yoy_accel": 0.15358329779257024,
      "op_leverage_ratio": 1.2688775593854453,
      "fcf_margin_change": -0.13538592328252982
    },
    {
      "date": "2023-06-30T00:00:00",
      "quarter_label": "2023-06 (Q2)",
      "revenue": 98765000,
      "gross_profit": 17435000,
      "operating_income": -159405000,
      "net_income": -86963000,
      "opex": 258170000,
      "cogs": 81330000,
      "rd": null,
      "sga": null,
      "fcf": 12938000,
      "ocf": 13254000,
      "capex": -316000,
      "gross_margin": 0.1765301473193945,
      "op_margin": -1.6139826861742521,
      "fcf_margin": 0.13099782311547614,
      "incr_op_margin_yoy": -4.593799114159165,
      "rev_growth_yoy": 0.3955969421639418,
      "rev_growth_yoy_accel": -0.0009440338434749673,
      "op_leverage_ratio": 0.12414786447272272,
      "fcf_margin_change": 0.38723287216033186
    },
    {
      "date": "2023-09-30T00:00:00",
      "quarter_label": "2023-09 (Q3)",
      "revenue": 129556000,
      "gross_profit": 76595000,
      "operating_income": 199000,
      "net_income": -5744000,
      "opex": 129357000,
      "cogs": 52961000,
      "rd": null,
      "sga": null,
      "fcf": 83571000,
      "ocf": 83675000,
      "capex": -104000,
      "gross_margin": 0.5912115224304548,
      "op_margin": 0.0015360153138411188,
      "fcf_margin": 0.6450569637840008,
      "incr_op_margin_yoy": 1.6301553550562229,
      "rev_growth_yoy": 0.6748671674013936,
      "rev_growth_yoy_accel": 0.2792702252374518,
      "op_leverage_ratio": Infinity,
      "fcf_margin_change": 0.5140591406685247
    },
    {
      "date": "2023-12-31T00:00:00",
      "quarter_label": "2023-12 (Q4)",
      "revenue": 114612000,
      "gross_profit": 79935000,
      "operating_income": 7380000,
      "net_income": -2486000,
      "opex": 107232000,
      "cogs": 34677000,
      "rd": null,
      "sga": null,
      "fcf": -41044000,
      "ocf": -40969000,
      "capex": -75000,
      "gross_margin": 0.6974400586326039,
      "op_margin": 0.06439116322898125,
      "fcf_margin": -0.35811258855966216,
      "incr_op_margin_yoy": 0.8153626804491177,
      "rev_growth_yoy": 0.7876561695755931,
      "rev_growth_yoy_accel": 0.11278900217419952,
      "fcf_margin_change": -1.003169552343663
    },
    {
      "date": "2024-03-31T00:00:00",
      "quarter_label": "2024-03 (Q1)",
      "revenue": 115443000,
      "gross_profit": 37077000,
      "operating_income": -34668000,
      "net_income": -13362000,
      "opex": 150111000,
      "cogs": 75844000,
      "rd": null,
      "sga": null,
      "fcf": 8424000,
      "ocf": 8465000,
      "capex": -41000,
      "gross_margin": 0.3211714872274629,
      "op_margin": -0.3003040461526468,
      "fcf_margin": 0.07297107663522258,
      "incr_op_margin_yoy": 0.13749376647431788,
      "rev_growth_yoy": 0.3213267863887649,
      "rev_growth_yoy_accel": -0.46632938318682826,
      "fcf_margin_change": 0.4310836651948847
    },
    {
      "date": "2024-06-30T00:00:00",
      "quarter_label": "2024-06 (Q2)",
      "revenue": 110844000,
      "gross_profit": 16798000,
      "operating_income": -52479000,
      "net_income": -64323000,
      "opex": 163323000,
      "cogs": 91646000,
      "rd": null,
      "sga": null,
      "fcf": -26015000,
      "ocf": -25970000,
      "capex": -45000,
      "gross_margin": 0.15154631734690197,
      "op_margin": -0.4734491718090289,
      "fcf_margin": -0.2346992169174696,
      "incr_op_margin_yoy": 8.852222866131303,
      "rev_growth_yoy": 0.12230041006429403,
      "rev_growth_yoy_accel": -0.19902637632447084,
      "fcf_margin_change": -0.30767029355269215
    },
    {
      "date": "2024-09-30T00:00:00",
      "quarter_label": "2024-09 (Q3)",
      "revenue": 111200000,
      "gross_profit": 61717000,
      "operating_income": -2504000,
      "net_income": 14382000,
      "opex": 113704000,
      "cogs": 47076000,
      "rd": null,
      "sga": null,
      "fcf": 12180000,
      "ocf": 12425000,
      "capex": -245000,
      "gross_margin": 0.5550089928057554,
      "op_margin": -0.02251798561151079,
      "fcf_margin": 0.10953237410071942,
      "incr_op_margin_yoy": 0.14725430376988452,
      "rev_growth_yoy": -0.14168390502948533,
      "rev_growth_yoy_accel": -0.26398431509377934,
      "fcf_margin_change": 0.344231591018189
    },
    {
      "date": "2024-12-31T00:00:00",
      "quarter_label": "2024-12 (Q4)",
      "revenue": 100361000,
      "gross_profit": 89300000,
      "operating_income": 25080000,
      "net_income": 30474000,
      "opex": 75281000,
      "cogs": 11061000,
      "rd": null,
      "sga": null,
      "fcf": -26794000,
      "ocf": -26602000,
      "capex": -192000,
      "gross_margin": 0.8897878658044459,
      "op_margin": 0.24989786869401462,
      "fcf_margin": -0.2669762158607427,
      "incr_op_margin_yoy": -1.2420181039927023,
      "rev_growth_yoy": -0.12434125571493386,
      "rev_growth_yoy_accel": 0.01734264931455147,
      "fcf_margin_change": -0.37650858996146214
    },
    {
      "date": "2025-03-31T00:00:00",
      "quarter_label": "2025-03 (Q1)",
      "revenue": 104745000,
      "gross_profit": 65448000,
      "operating_income": -1266000,
      "net_income": 8395000,
      "opex": 66714000,
      "cogs": 39297000,
      "rd": null,
      "sga": null,
      "fcf": -11243000,
      "ocf": -11178000,
      "capex": -65000,
      "gross_margin": 0.6248317342116568,
      "op_margin": -0.012086495775454675,
      "fcf_margin": -0.10733686572151416,
      "incr_op_margin_yoy": -3.1222658440830062,
      "rev_growth_yoy": -0.0926691094306281,
      "rev_growth_yoy_accel": 0.03167214628430576,
      "op_leverage_ratio": Infinity,
      "fcf_margin_change": 0.15963935013922856
    },
    {
      "date": "2025-06-30T00:00:00",
      "quarter_label": "2025-06 (Q2)",
      "revenue": 119295000,
      "gross_profit": 75873000,
      "operating_income": 5049000,
      "net_income": 2579000,
      "opex": 70824000,
      "cogs": 43422000,
      "rd": null,
      "sga": null,
      "fcf": 35363000,
      "ocf": 35569000,
      "capex": -206000,
      "gross_margin": 0.6360115679617754,
      "op_margin": 0.04232365145228216,
      "fcf_margin": 0.29643321178590887,
      "incr_op_margin_yoy": 6.807241746538871,
      "rev_growth_yoy": 0.07624228645664177,
      "rev_growth_yoy_accel": 0.1689113958872699,
      "op_leverage_ratio": 2.254783514917877,
      "fcf_margin_change": 0.403770077507423
    },
    {
      "date": "2025-09-30T00:00:00",
      "quarter_label": "2025-09 (Q3)",
      "revenue": 118082000,
      "gross_profit": 86947000,
      "operating_income": 16335000,
      "net_income": -10857000,
      "opex": 70612000,
      "cogs": 31135000,
      "rd": null,
      "sga": null,
      "fcf": 40736000,
      "ocf": 40827000,
      "capex": -91000,
      "gross_margin": 0.7363272979793702,
      "op_margin": 0.13833607154350366,
      "fcf_margin": 0.34498060669704106,
      "incr_op_margin_yoy": 2.7374309793664633,
      "rev_growth_yoy": 0.061888489208633095,
      "rev_growth_yoy_accel": -0.014353797248008678,
      "fcf_margin_change": 0.04854739491113219
    }
  ],
  "signals": [
    {
      "quarter": "2025-09 (Q3)",
      "signal": "OP MARGIN TURNED POSITIVE (YoY)",
      "detail": "Op margin: -2.3% (year-ago) -> +13.8%",
      "severity": "HIGH"
    },
    {
      "quarter": "2025-06 (Q2)",
      "signal": "FCF TURNED POSITIVE",
      "detail": "FCF margin: -10.7% -> +29.6%",
      "severity": "HIGH"
    },
    {
      "quarter": "2025-06 (Q2)",
      "signal": "OPERATING LEVERAGE",
      "detail": "Rev growth +13.9% vs OpEx growth +6.2% (leverage: 2.3x)",
      "severity": "MEDIUM"
    },
    {
      "quarter": "2025-06 (Q2)",
      "signal": "YoY REVENUE GROWTH ACCELERATION",
      "detail": "YoY growth: +7.6% vs prior quarter YoY: -9.3% (accel: +16.9%)",
      "severity": "HIGH"
    },
    {
      "quarter": "2025-06 (Q2)",
      "signal": "OP MARGIN TURNED POSITIVE (YoY)",
      "detail": "Op margin: -47.3% (year-ago) -> +4.2%",
      "severity": "HIGH"
    },
    {
      "quarter": "2025-06 (Q2)",
      "signal": "OP MARGIN TURNED POSITIVE (QoQ)",
      "detail": "Op margin: -1.2% -> +4.2%",
      "severity": "HIGH"
    },
    {
      "quarter": "2025-03 (Q1)",
      "signal": "FCF MARGIN EXPANSION",
      "detail": "FCF margin: -26.7% -> -10.7% (+16.0%)",
      "severity": "MEDIUM"
    },
    {
      "quarter": "2024-12 (Q4)",
      "signal": "OP MARGIN TURNED POSITIVE (QoQ)",
      "detail": "Op margin: -2.3% -> +25.0%",
      "severity": "HIGH"
    },
    {
      "quarter": "2024-09 (Q3)",
      "signal": "FCF TURNED POSITIVE",
      "detail": "FCF margin: -23.5% -> +11.0%",
      "severity": "HIGH"
    },
    {
      "quarter": "2024-09 (Q3)",
      "signal": "GROSS MARGIN INFLECTION",
      "detail": "GM: +32.1% -> +15.2% -> +55.5% (reversal +40.3%)",
      "severity": "HIGH"
    },
    {
      "quarter": "2024-09 (Q3)",
      "signal": "YoY REVENUE GROWTH DECELERATION",
      "detail": "YoY growth: -14.2% vs prior quarter YoY: +12.2% (decel: -26.4%)",
      "severity": "WARNING"
    },
    {
      "quarter": "2024-06 (Q2)",
      "signal": "YoY REVENUE GROWTH DECELERATION",
      "detail": "YoY growth: +12.2% vs prior quarter YoY: +32.1% (decel: -19.9%)",
      "severity": "WARNING"
    },
    {
      "quarter": "2024-03 (Q1)",
      "signal": "FCF TURNED POSITIVE",
      "detail": "FCF margin: -35.8% -> +7.3%",
      "severity": "HIGH"
    },
    {
      "quarter": "2024-03 (Q1)",
      "signal": "YoY REVENUE GROWTH DECELERATION",
      "detail": "YoY growth: +32.1% vs prior quarter YoY: +78.8% (decel: -46.6%)",
      "severity": "WARNING"
    },
    {
      "quarter": "2023-12 (Q4)",
      "signal": "YoY REVENUE GROWTH ACCELERATION",
      "detail": "YoY growth: +78.8% vs prior quarter YoY: +67.5% (accel: +11.3%)",
      "severity": "MEDIUM"
    },
    {
      "quarter": "2023-12 (Q4)",
      "signal": "OP MARGIN TURNED POSITIVE (YoY)",
      "detail": "Op margin: -52.7% (year-ago) -> +6.4%",
      "severity": "HIGH"
    },
    {
      "quarter": "2023-09 (Q3)",
      "signal": "FCF MARGIN EXPANSION",
      "detail": "FCF margin: +13.1% -> +64.5% (+51.4%)",
      "severity": "MEDIUM"
    },
    {
      "quarter": "2023-09 (Q3)",
      "signal": "GROSS MARGIN INFLECTION",
      "detail": "GM: +41.3% -> +17.7% -> +59.1% (reversal +41.5%)",
      "severity": "HIGH"
    },
    {
      "quarter": "2023-09 (Q3)",
      "signal": "YoY REVENUE GROWTH ACCELERATION",
      "detail": "YoY growth: +67.5% vs prior quarter YoY: +39.6% (accel: +27.9%)",
      "severity": "HIGH"
    },
    {
      "quarter": "2023-09 (Q3)",
      "signal": "OP MARGIN TURNED POSITIVE (YoY)",
      "detail": "Op margin: -109.8% (year-ago) -> +0.2%",
      "severity": "HIGH"
    },
    {
      "quarter": "2023-09 (Q3)",
      "signal": "OP MARGIN TURNED POSITIVE (QoQ)",
      "detail": "Op margin: -161.4% -> +0.2%",
      "severity": "HIGH"
    },
    {
      "quarter": "2023-06 (Q2)",
      "signal": "FCF TURNED POSITIVE",
      "detail": "FCF margin: -25.6% -> +13.1%",
      "severity": "HIGH"
    },
    {
      "quarter": "2023-03 (Q1)",
      "signal": "YoY REVENUE GROWTH ACCELERATION",
      "detail": "YoY growth: +39.7% vs prior quarter YoY: +24.3% (accel: +15.4%)",
      "severity": "HIGH"
    },
    {
      "quarter": "2022-12 (Q4)",
      "signal": "GROSS MARGIN INFLECTION",
      "detail": "GM: +59.6% -> +57.0% -> +68.5% (reversal +11.5%)",
      "severity": "HIGH"
    },
    {
      "quarter": "2022-09 (Q3)",
      "signal": "YoY REVENUE GROWTH DECELERATION",
      "detail": "YoY growth: +23.2% vs prior quarter YoY: +37.8% (decel: -14.6%)",
      "severity": "WARNING"
    },
    {
      "quarter": "2022-06 (Q2)",
      "signal": "FCF TURNED POSITIVE",
      "detail": "FCF margin: -26.5% -> +15.4%",
      "severity": "HIGH"
    },
    {
      "quarter": "2022-06 (Q2)",
      "signal": "YoY REVENUE GROWTH DECELERATION",
      "detail": "YoY growth: +37.8% vs prior quarter YoY: +133.9% (decel: -96.1%)",
      "severity": "WARNING"
    },
    {
      "quarter": "2022-03 (Q1)",
      "signal": "YoY REVENUE GROWTH DECELERATION",
      "detail": "YoY growth: +133.9% vs prior quarter YoY: +164.3% (decel: -30.4%)",
      "severity": "WARNING"
    },
    {
      "quarter": "2021-12 (Q4)",
      "signal": "FCF TURNED POSITIVE",
      "detail": "FCF margin: -17.5% -> +12.7%",
      "severity": "HIGH"
    },
    {
      "quarter": "2021-09 (Q3)",
      "signal": "OPERATING LEVERAGE",
      "detail": "Rev growth +22.3% vs OpEx growth +1.5% (leverage: 15.0x)",
      "severity": "MEDIUM"
    },
    {
      "quarter": "2021-09 (Q3)",
      "signal": "GROSS MARGIN INFLECTION",
      "detail": "GM: +77.8% -> +62.0% -> +69.5% (reversal +7.5%)",
      "severity": "HIGH"
    },
    {
      "quarter": "2021-06 (Q2)",
      "signal": "FCF MARGIN EXPANSION",
      "detail": "FCF margin: -85.9% -> -16.2% (+69.6%)",
      "severity": "MEDIUM"
    },
    {
      "quarter": "2021-06 (Q2)",
      "signal": "OPERATING LEVERAGE",
      "detail": "Rev growth +92.0% vs OpEx growth +31.8% (leverage: 2.9x)",
      "severity": "MEDIUM"
    },
    {
      "quarter": "2021-03 (Q1)",
      "signal": "FCF MARGIN EXPANSION",
      "detail": "FCF margin: -163.0% -> -85.9% (+77.1%)",
      "severity": "MEDIUM"
    }
  ],
  "data_quality": {
    "n_quarters": 20,
    "coverage": {
      "revenue": [
        20,
        20
      ],
      "gross_profit": [
        20,
        20
      ],
      "op_income": [
        20,
        20
      ],
      "fcf": [
        20,
        20
      ]
    },
    "gaps": [],
    "warnings": []
  },
  "market_cap": null,
  "source": "SEC EDGAR",
  "last_updated": "2026-02-02T22:07:22.583539"
}