{
  "ticker": "PRCT",
  "name": "PROCEPT BioRobotics Corporation",
  "quarters": [
    {
      "date": "2020-12-31T00:00:00",
      "quarter_label": "2020-12 (Q4)",
      "revenue": 3221000,
      "gross_profit": 470000,
      "operating_income": -13207000,
      "net_income": -15278000,
      "opex": 13677000,
      "cogs": 2751000,
      "rd": 4543000,
      "sga": 9134000,
      "fcf": -13454000,
      "ocf": -13445000,
      "capex": -9000,
      "gross_margin": 0.14591741695125737,
      "op_margin": -4.100279416330332,
      "fcf_margin": -4.176963675877057
    },
    {
      "date": "2021-03-31T00:00:00",
      "quarter_label": "2021-03 (Q1)",
      "revenue": 7192000,
      "gross_profit": 3527000,
      "operating_income": -11344000,
      "net_income": -12822000,
      "opex": 14871000,
      "cogs": 3665000,
      "rd": 4522000,
      "sga": 10349000,
      "fcf": -15237000,
      "ocf": -15198000,
      "capex": -39000,
      "gross_margin": 0.4904060066740823,
      "op_margin": -1.5773081201334815,
      "fcf_margin": -2.1186040044493883,
      "op_leverage_ratio": 14.121982935478385,
      "fcf_margin_change": 2.058359671427669
    },
    {
      "date": "2021-06-30T00:00:00",
      "quarter_label": "2021-06 (Q2)",
      "revenue": 8476000,
      "gross_profit": 3583000,
      "operating_income": -13192000,
      "net_income": -14580000,
      "opex": 16775000,
      "cogs": 4893000,
      "rd": 4476000,
      "sga": 12299000,
      "fcf": -13019000,
      "ocf": -12909000,
      "capex": -110000,
      "gross_margin": 0.4227229825389335,
      "op_margin": -1.5563945257196792,
      "fcf_margin": -1.535983954695611,
      "op_leverage_ratio": 1.3944038544227482,
      "fcf_margin_change": 0.5826200497537772
    },
    {
      "date": "2021-09-30T00:00:00",
      "quarter_label": "2021-09 (Q3)",
      "revenue": 8668000,
      "gross_profit": 4240000,
      "operating_income": -12797000,
      "net_income": -14103000,
      "opex": 17037000,
      "cogs": 4428000,
      "rd": 4919000,
      "sga": 12118000,
      "fcf": -12862000,
      "ocf": -12751000,
      "capex": -111000,
      "gross_margin": 0.4891555145362252,
      "op_margin": -1.47634979233964,
      "fcf_margin": -1.4838486386709737,
      "op_leverage_ratio": 1.450345654907075,
      "fcf_margin_change": 0.05213531602463739
    },
    {
      "date": "2021-12-31T00:00:00",
      "quarter_label": "2021-12 (Q4)",
      "revenue": 10138000,
      "gross_profit": 4516000,
      "operating_income": -16831000,
      "net_income": -18348000,
      "opex": 21347000,
      "cogs": 5622000,
      "rd": 5076000,
      "sga": 16271000,
      "fcf": -16808000,
      "ocf": -16476000,
      "capex": -332000,
      "gross_margin": 0.4454527520220951,
      "op_margin": -1.6601893864667587,
      "fcf_margin": -1.6579206944170448,
      "incr_op_margin_yoy": -0.5239265577562527,
      "rev_growth_yoy": 2.1474697298975474,
      "op_leverage_ratio": 0.6703695594216988,
      "fcf_margin_change": -0.1740720557460711
    },
    {
      "date": "2022-03-31T00:00:00",
      "quarter_label": "2022-03 (Q1)",
      "revenue": 14197000,
      "gross_profit": 7692000,
      "operating_income": -15704000,
      "net_income": -17185000,
      "opex": 23396000,
      "cogs": 6505000,
      "rd": 5011000,
      "sga": 18385000,
      "fcf": -18286000,
      "ocf": -18231000,
      "capex": -55000,
      "gross_margin": 0.5418046066070297,
      "op_margin": -1.106149186447841,
      "fcf_margin": -1.288018595477918,
      "incr_op_margin_yoy": -0.622412562455389,
      "rev_growth_yoy": 0.9739988876529477,
      "rev_growth_yoy_accel": -1.1734708422445996,
      "op_leverage_ratio": 4.1712061689244795,
      "fcf_margin_change": 0.36990209893912684
    },
    {
      "date": "2022-06-30T00:00:00",
      "quarter_label": "2022-06 (Q2)",
      "revenue": 16691000,
      "gross_profit": 8486000,
      "operating_income": -17875000,
      "net_income": -19184000,
      "opex": 26361000,
      "cogs": 8205000,
      "rd": 6706000,
      "sga": 19655000,
      "fcf": -17344000,
      "ocf": -17126000,
      "capex": -218000,
      "gross_margin": 0.5084177101431909,
      "op_margin": -1.0709364328081001,
      "fcf_margin": -1.0391228805943322,
      "incr_op_margin_yoy": -0.5700547778454047,
      "rev_growth_yoy": 0.9692071731949032,
      "rev_growth_yoy_accel": -0.004791714458044494,
      "op_leverage_ratio": 1.3861709139557663,
      "fcf_margin_change": 0.24889571488358575
    },
    {
      "date": "2022-09-30T00:00:00",
      "quarter_label": "2022-09 (Q3)",
      "revenue": 20349000,
      "gross_profit": 10231000,
      "operating_income": -22105000,
      "net_income": -22613000,
      "opex": 32336000,
      "cogs": 10118000,
      "rd": 7582000,
      "sga": 24754000,
      "fcf": -21365000,
      "ocf": -19851000,
      "capex": -1514000,
      "gross_margin": 0.5027765492161776,
      "op_margin": -1.0862941667895227,
      "fcf_margin": -1.0499287434271953,
      "incr_op_margin_yoy": -0.7968495847958222,
      "rev_growth_yoy": 1.3476003691739733,
      "rev_growth_yoy_accel": 0.37839319597907006,
      "op_leverage_ratio": 0.9669083606553679,
      "fcf_margin_change": -0.010805862832863111
    },
    {
      "date": "2022-12-31T00:00:00",
      "quarter_label": "2022-12 (Q4)",
      "revenue": 23777000,
      "gross_profit": 10676000,
      "operating_income": -25040000,
      "net_income": -28172000,
      "opex": 35716000,
      "cogs": 13101000,
      "rd": 9682000,
      "sga": 26034000,
      "fcf": -26040000,
      "ocf": -25174000,
      "capex": -866000,
      "gross_margin": 0.4490053412962106,
      "op_margin": -1.0531185599528956,
      "fcf_margin": -1.0951760104302477,
      "incr_op_margin_yoy": -0.6018769704523792,
      "rev_growth_yoy": 1.345334385480371,
      "rev_growth_yoy_accel": -0.0022659836936023137,
      "op_leverage_ratio": 1.6116374007300418,
      "fcf_margin_change": -0.04524726700305237
    },
    {
      "date": "2023-03-31T00:00:00",
      "quarter_label": "2023-03 (Q1)",
      "revenue": 24404000,
      "gross_profit": 12491000,
      "operating_income": -28377000,
      "net_income": -28484000,
      "opex": 40868000,
      "cogs": 11913000,
      "rd": 10737000,
      "sga": 30131000,
      "fcf": -41267000,
      "ocf": -35928000,
      "capex": -5339000,
      "gross_margin": 0.5118423209309949,
      "op_margin": -1.1628011801344043,
      "fcf_margin": -1.6909932797901983,
      "incr_op_margin_yoy": -1.241598902713824,
      "rev_growth_yoy": 0.7189547087412834,
      "rev_growth_yoy_accel": -0.6263796767390876,
      "op_leverage_ratio": 0.18280894528012223,
      "fcf_margin_change": -0.5958172693599506
    },
    {
      "date": "2023-06-30T00:00:00",
      "quarter_label": "2023-06 (Q2)",
      "revenue": 33104000,
      "gross_profit": 18429000,
      "operating_income": -25625000,
      "net_income": -25285000,
      "opex": 44054000,
      "cogs": 14675000,
      "rd": 11613000,
      "sga": 32441000,
      "fcf": -33711000,
      "ocf": -28339000,
      "capex": -5372000,
      "gross_margin": 0.5567000966650556,
      "op_margin": -0.7740756404059932,
      "fcf_margin": -1.018336152730788,
      "incr_op_margin_yoy": -0.472186681289222,
      "rev_growth_yoy": 0.9833443172967468,
      "rev_growth_yoy_accel": 0.26438960855546334,
      "op_leverage_ratio": 4.572943646977079,
      "fcf_margin_change": 0.6726571270594104
    },
    {
      "date": "2023-09-30T00:00:00",
      "quarter_label": "2023-09 (Q3)",
      "revenue": 35102000,
      "gross_profit": 18874000,
      "operating_income": -25609000,
      "net_income": -24622000,
      "opex": 44483000,
      "cogs": 16228000,
      "rd": 11600000,
      "sga": 32883000,
      "fcf": -24723000,
      "ocf": -18943000,
      "capex": -5780000,
      "gross_margin": 0.5376901601048373,
      "op_margin": -0.7295595692553131,
      "fcf_margin": -0.7043188422312119,
      "incr_op_margin_yoy": -0.23751101470887276,
      "rev_growth_yoy": 0.7249987714384,
      "rev_growth_yoy_accel": -0.2583455458583468,
      "op_leverage_ratio": 6.1978786076176124,
      "fcf_margin_change": 0.31401731049957604
    },
    {
      "date": "2023-12-31T00:00:00",
      "quarter_label": "2023-12 (Q4)",
      "revenue": 43581000,
      "gross_profit": 21255000,
      "operating_income": -29557000,
      "net_income": -27504000,
      "opex": 50812000,
      "cogs": 22326000,
      "rd": 14496000,
      "sga": 36316000,
      "fcf": -33508000,
      "ocf": -24793000,
      "capex": -8715000,
      "gross_margin": 0.4877125352791354,
      "op_margin": -0.6782083935660035,
      "fcf_margin": -0.7688671668846516,
      "incr_op_margin_yoy": -0.22808523530599878,
      "rev_growth_yoy": 0.8329057492534803,
      "rev_growth_yoy_accel": 0.1079069778150803,
      "op_leverage_ratio": 1.6977422112884681,
      "fcf_margin_change": -0.06454832465343974
    },
    {
      "date": "2024-03-31T00:00:00",
      "quarter_label": "2024-03 (Q1)",
      "revenue": 44539000,
      "gross_profit": 25034000,
      "operating_income": -27649000,
      "net_income": -25957000,
      "opex": 52683000,
      "cogs": 19505000,
      "rd": 13084000,
      "sga": 39599000,
      "fcf": -34232000,
      "ocf": -32286000,
      "capex": -1946000,
      "gross_margin": 0.5620691977817194,
      "op_margin": -0.6207817867486921,
      "fcf_margin": -0.7685848357619165,
      "incr_op_margin_yoy": 0.03615594735535138,
      "rev_growth_yoy": 0.8250696607113588,
      "rev_growth_yoy_accel": -0.007836088542121478,
      "op_leverage_ratio": 0.596981426955448,
      "fcf_margin_change": 0.0002823311227351244
    },
    {
      "date": "2024-06-30T00:00:00",
      "quarter_label": "2024-06 (Q2)",
      "revenue": 53353000,
      "gross_profit": 31482000,
      "operating_income": -26828000,
      "net_income": -25626000,
      "opex": 58310000,
      "cogs": 21871000,
      "rd": 17501000,
      "sga": 40809000,
      "fcf": -16779000,
      "ocf": -15736000,
      "capex": -1043000,
      "gross_margin": 0.5900699117200532,
      "op_margin": -0.5028395779056473,
      "fcf_margin": -0.3144902817086199,
      "incr_op_margin_yoy": -0.05941034125141982,
      "rev_growth_yoy": 0.6116783470275495,
      "rev_growth_yoy_accel": -0.21339131368380926,
      "op_leverage_ratio": 1.8527898662966142,
      "fcf_margin_change": 0.4540945540532966
    },
    {
      "date": "2024-09-30T00:00:00",
      "quarter_label": "2024-09 (Q3)",
      "revenue": 58370000,
      "gross_profit": 36911000,
      "operating_income": -22427000,
      "net_income": -20974000,
      "opex": 59338000,
      "cogs": 21459000,
      "rd": 16647000,
      "sga": 42691000,
      "fcf": -19046000,
      "ocf": -18800000,
      "capex": -246000,
      "gross_margin": 0.6323625149905774,
      "op_margin": -0.38422134658214835,
      "fcf_margin": -0.3262977556964194,
      "incr_op_margin_yoy": 0.13675434072545986,
      "rev_growth_yoy": 0.6628682126374565,
      "rev_growth_yoy_accel": 0.051189865609907015,
      "op_leverage_ratio": 5.3337810403230925,
      "fcf_margin_change": -0.011807473987799466
    },
    {
      "date": "2024-12-31T00:00:00",
      "quarter_label": "2024-12 (Q4)",
      "revenue": 68236000,
      "gross_profit": 43672000,
      "operating_income": -19710000,
      "net_income": -18856000,
      "opex": 63382000,
      "cogs": 24564000,
      "rd": 15066000,
      "sga": 48316000,
      "fcf": -33565000,
      "ocf": -32391000,
      "capex": -1174000,
      "gross_margin": 0.6400140688199777,
      "op_margin": -0.2888504601676534,
      "fcf_margin": -0.49189577349199837,
      "incr_op_margin_yoy": 0.39939160413709185,
      "rev_growth_yoy": 0.5657281843004979,
      "rev_growth_yoy_accel": -0.09714002833695867,
      "op_leverage_ratio": 2.4801227443809375,
      "fcf_margin_change": -0.16559801779557898
    },
    {
      "date": "2025-03-31T00:00:00",
      "quarter_label": "2025-03 (Q1)",
      "revenue": 69162000,
      "gross_profit": 44161000,
      "operating_income": -27438000,
      "net_income": -24737000,
      "opex": 71599000,
      "cogs": 25001000,
      "rd": 16402000,
      "sga": 55197000,
      "fcf": -18816000,
      "ocf": -16980000,
      "capex": -1836000,
      "gross_margin": 0.6385153697116914,
      "op_margin": -0.3967207426043203,
      "fcf_margin": -0.27205690986379805,
      "incr_op_margin_yoy": 0.008569223896357064,
      "rev_growth_yoy": 0.5528413300702755,
      "rev_growth_yoy_accel": -0.0128868542302224,
      "op_leverage_ratio": 0.10467671337988883,
      "fcf_margin_change": 0.21983886362820032
    },
    {
      "date": "2025-06-30T00:00:00",
      "quarter_label": "2025-06 (Q2)",
      "revenue": 79182000,
      "gross_profit": 51746000,
      "operating_income": -22189000,
      "net_income": -19578000,
      "opex": 73935000,
      "cogs": 27436000,
      "rd": 17632000,
      "sga": 56303000,
      "fcf": -17845000,
      "ocf": -15043000,
      "capex": -2802000,
      "gross_margin": 0.6535071102018135,
      "op_margin": -0.2802278295572226,
      "fcf_margin": -0.22536687631027252,
      "incr_op_margin_yoy": 0.17960432072476673,
      "rev_growth_yoy": 0.4841152325080127,
      "rev_growth_yoy_accel": -0.06872609756226278,
      "op_leverage_ratio": 4.440524762588372,
      "fcf_margin_change": 0.04669003355352552
    },
    {
      "date": "2025-09-30T00:00:00",
      "quarter_label": "2025-09 (Q3)",
      "revenue": 83327000,
      "gross_profit": 54006000,
      "operating_income": -23192000,
      "net_income": -21411000,
      "opex": 77198000,
      "cogs": 29321000,
      "rd": 18187000,
      "sga": 59011000,
      "fcf": -9503000,
      "ocf": -6635000,
      "capex": -2868000,
      "gross_margin": 0.6481212572155484,
      "op_margin": -0.27832515271160607,
      "fcf_margin": -0.114044667394722,
      "incr_op_margin_yoy": -0.030652722683014784,
      "rev_growth_yoy": 0.42756553023813604,
      "rev_growth_yoy_accel": -0.056549702269876656,
      "op_leverage_ratio": 1.1861266703344175,
      "fcf_margin_change": 0.11132220891555053
    }
  ],
  "signals": [
    {
      "quarter": "2025-09 (Q3)",
      "signal": "FCF MARGIN EXPANSION",
      "detail": "FCF margin: -22.5% -> -11.4% (+11.1%)",
      "severity": "MEDIUM"
    },
    {
      "quarter": "2025-09 (Q3)",
      "signal": "YoY REVENUE GROWTH DECELERATION",
      "detail": "YoY growth: +42.8% vs prior quarter YoY: +48.4% (decel: -5.7%)",
      "severity": "WARNING"
    },
    {
      "quarter": "2025-06 (Q2)",
      "signal": "OPERATING LEVERAGE",
      "detail": "Rev growth +14.5% vs OpEx growth +3.3% (leverage: 4.4x)",
      "severity": "MEDIUM"
    },
    {
      "quarter": "2025-06 (Q2)",
      "signal": "YoY REVENUE GROWTH DECELERATION",
      "detail": "YoY growth: +48.4% vs prior quarter YoY: +55.3% (decel: -6.9%)",
      "severity": "WARNING"
    },
    {
      "quarter": "2025-03 (Q1)",
      "signal": "FCF MARGIN EXPANSION",
      "detail": "FCF margin: -49.2% -> -27.2% (+22.0%)",
      "severity": "MEDIUM"
    },
    {
      "quarter": "2024-12 (Q4)",
      "signal": "OPERATING LEVERAGE",
      "detail": "Rev growth +16.9% vs OpEx growth +6.8% (leverage: 2.5x)",
      "severity": "MEDIUM"
    },
    {
      "quarter": "2024-12 (Q4)",
      "signal": "YoY REVENUE GROWTH DECELERATION",
      "detail": "YoY growth: +56.6% vs prior quarter YoY: +66.3% (decel: -9.7%)",
      "severity": "WARNING"
    },
    {
      "quarter": "2024-09 (Q3)",
      "signal": "OPERATING LEVERAGE",
      "detail": "Rev growth +9.4% vs OpEx growth +1.8% (leverage: 5.3x)",
      "severity": "MEDIUM"
    },
    {
      "quarter": "2024-09 (Q3)",
      "signal": "YoY REVENUE GROWTH ACCELERATION",
      "detail": "YoY growth: +66.3% vs prior quarter YoY: +61.2% (accel: +5.1%)",
      "severity": "MEDIUM"
    },
    {
      "quarter": "2024-06 (Q2)",
      "signal": "FCF MARGIN EXPANSION",
      "detail": "FCF margin: -76.9% -> -31.4% (+45.4%)",
      "severity": "MEDIUM"
    },
    {
      "quarter": "2024-06 (Q2)",
      "signal": "OPERATING LEVERAGE",
      "detail": "Rev growth +19.8% vs OpEx growth +10.7% (leverage: 1.9x)",
      "severity": "MEDIUM"
    },
    {
      "quarter": "2024-06 (Q2)",
      "signal": "YoY REVENUE GROWTH DECELERATION",
      "detail": "YoY growth: +61.2% vs prior quarter YoY: +82.5% (decel: -21.3%)",
      "severity": "WARNING"
    },
    {
      "quarter": "2024-03 (Q1)",
      "signal": "GROSS MARGIN INFLECTION",
      "detail": "GM: +53.8% -> +48.8% -> +56.2% (reversal +7.4%)",
      "severity": "HIGH"
    },
    {
      "quarter": "2023-12 (Q4)",
      "signal": "OPERATING LEVERAGE",
      "detail": "Rev growth +24.2% vs OpEx growth +14.2% (leverage: 1.7x)",
      "severity": "MEDIUM"
    },
    {
      "quarter": "2023-12 (Q4)",
      "signal": "YoY REVENUE GROWTH ACCELERATION",
      "detail": "YoY growth: +83.3% vs prior quarter YoY: +72.5% (accel: +10.8%)",
      "severity": "MEDIUM"
    },
    {
      "quarter": "2023-09 (Q3)",
      "signal": "FCF MARGIN EXPANSION",
      "detail": "FCF margin: -101.8% -> -70.4% (+31.4%)",
      "severity": "MEDIUM"
    },
    {
      "quarter": "2023-09 (Q3)",
      "signal": "OPERATING LEVERAGE",
      "detail": "Rev growth +6.0% vs OpEx growth +1.0% (leverage: 6.2x)",
      "severity": "MEDIUM"
    },
    {
      "quarter": "2023-09 (Q3)",
      "signal": "YoY REVENUE GROWTH DECELERATION",
      "detail": "YoY growth: +72.5% vs prior quarter YoY: +98.3% (decel: -25.8%)",
      "severity": "WARNING"
    },
    {
      "quarter": "2023-06 (Q2)",
      "signal": "FCF MARGIN EXPANSION",
      "detail": "FCF margin: -169.1% -> -101.8% (+67.3%)",
      "severity": "MEDIUM"
    },
    {
      "quarter": "2023-06 (Q2)",
      "signal": "OPERATING LEVERAGE",
      "detail": "Rev growth +35.6% vs OpEx growth +7.8% (leverage: 4.6x)",
      "severity": "MEDIUM"
    },
    {
      "quarter": "2023-06 (Q2)",
      "signal": "YoY REVENUE GROWTH ACCELERATION",
      "detail": "YoY growth: +98.3% vs prior quarter YoY: +71.9% (accel: +26.4%)",
      "severity": "HIGH"
    },
    {
      "quarter": "2023-03 (Q1)",
      "signal": "GROSS MARGIN INFLECTION",
      "detail": "GM: +50.3% -> +44.9% -> +51.2% (reversal +6.3%)",
      "severity": "HIGH"
    },
    {
      "quarter": "2023-03 (Q1)",
      "signal": "YoY REVENUE GROWTH DECELERATION",
      "detail": "YoY growth: +71.9% vs prior quarter YoY: +134.5% (decel: -62.6%)",
      "severity": "WARNING"
    },
    {
      "quarter": "2022-12 (Q4)",
      "signal": "OPERATING LEVERAGE",
      "detail": "Rev growth +16.8% vs OpEx growth +10.5% (leverage: 1.6x)",
      "severity": "MEDIUM"
    },
    {
      "quarter": "2022-09 (Q3)",
      "signal": "YoY REVENUE GROWTH ACCELERATION",
      "detail": "YoY growth: +134.8% vs prior quarter YoY: +96.9% (accel: +37.8%)",
      "severity": "HIGH"
    },
    {
      "quarter": "2022-06 (Q2)",
      "signal": "FCF MARGIN EXPANSION",
      "detail": "FCF margin: -128.8% -> -103.9% (+24.9%)",
      "severity": "MEDIUM"
    },
    {
      "quarter": "2022-03 (Q1)",
      "signal": "FCF MARGIN EXPANSION",
      "detail": "FCF margin: -165.8% -> -128.8% (+37.0%)",
      "severity": "MEDIUM"
    },
    {
      "quarter": "2022-03 (Q1)",
      "signal": "OPERATING LEVERAGE",
      "detail": "Rev growth +40.0% vs OpEx growth +9.6% (leverage: 4.2x)",
      "severity": "MEDIUM"
    },
    {
      "quarter": "2022-03 (Q1)",
      "signal": "GROSS MARGIN INFLECTION",
      "detail": "GM: +48.9% -> +44.5% -> +54.2% (reversal +9.6%)",
      "severity": "HIGH"
    },
    {
      "quarter": "2022-03 (Q1)",
      "signal": "YoY REVENUE GROWTH DECELERATION",
      "detail": "YoY growth: +97.4% vs prior quarter YoY: +214.7% (decel: -117.3%)",
      "severity": "WARNING"
    },
    {
      "quarter": "2021-09 (Q3)",
      "signal": "FCF MARGIN EXPANSION",
      "detail": "FCF margin: -153.6% -> -148.4% (+5.2%)",
      "severity": "MEDIUM"
    },
    {
      "quarter": "2021-09 (Q3)",
      "signal": "GROSS MARGIN INFLECTION",
      "detail": "GM: +49.0% -> +42.3% -> +48.9% (reversal +6.6%)",
      "severity": "HIGH"
    },
    {
      "quarter": "2021-06 (Q2)",
      "signal": "FCF MARGIN EXPANSION",
      "detail": "FCF margin: -211.9% -> -153.6% (+58.3%)",
      "severity": "MEDIUM"
    },
    {
      "quarter": "2021-03 (Q1)",
      "signal": "FCF MARGIN EXPANSION",
      "detail": "FCF margin: -417.7% -> -211.9% (+205.8%)",
      "severity": "MEDIUM"
    },
    {
      "quarter": "2021-03 (Q1)",
      "signal": "OPERATING LEVERAGE",
      "detail": "Rev growth +123.3% vs OpEx growth +8.7% (leverage: 14.1x)",
      "severity": "MEDIUM"
    }
  ],
  "data_quality": {
    "n_quarters": 20,
    "coverage": {
      "revenue": [
        20,
        20
      ],
      "gross_profit": [
        20,
        20
      ],
      "op_income": [
        20,
        20
      ],
      "fcf": [
        20,
        20
      ]
    },
    "gaps": [],
    "warnings": []
  },
  "market_cap": null,
  "source": "SEC EDGAR",
  "last_updated": "2026-02-02T21:42:56.514102"
}