{
  "ticker": "PRGO",
  "name": "Perrigo Company plc",
  "quarters": [
    {
      "date": "2020-12-31T00:00:00",
      "quarter_label": "2020-12 (Q4)",
      "revenue": 1289500000,
      "gross_profit": 469200000,
      "operating_income": -52200000,
      "net_income": -175000000,
      "opex": 521400000,
      "cogs": 820300000,
      "rd": 46100000,
      "sga": null,
      "fcf": 44300000,
      "ocf": 110400000,
      "capex": -66100000,
      "gross_margin": 0.3638619620007755,
      "op_margin": -0.04048080651415277,
      "fcf_margin": 0.034354400930593255
    },
    {
      "date": "2021-04-03T00:00:00",
      "quarter_label": "2021-04 (Q2)",
      "revenue": 1010000000,
      "gross_profit": 368400000,
      "operating_income": 51400000,
      "net_income": 38100000,
      "opex": 317000000,
      "cogs": 641600000,
      "rd": 31100000,
      "sga": null,
      "fcf": -45200000,
      "ocf": 200000,
      "capex": -45400000,
      "gross_margin": 0.36475247524752474,
      "op_margin": 0.05089108910891089,
      "fcf_margin": -0.04475247524752475,
      "fcf_margin_change": -0.07910687617811801
    },
    {
      "date": "2021-07-03T00:00:00",
      "quarter_label": "2021-07 (Q3)",
      "revenue": 981100000,
      "gross_profit": 349000000,
      "operating_income": -125900000,
      "net_income": -57700000,
      "opex": 474900000,
      "cogs": 632100000,
      "rd": 33000000,
      "sga": null,
      "fcf": -105300000,
      "ocf": -82300000,
      "capex": -23000000,
      "gross_margin": 0.35572316787279584,
      "op_margin": -0.1283253490979513,
      "fcf_margin": -0.10732850881663439,
      "fcf_margin_change": -0.06257603356910964
    },
    {
      "date": "2021-10-02T00:00:00",
      "quarter_label": "2021-10 (Q4)",
      "revenue": 1042700000,
      "gross_profit": 336400000,
      "operating_income": 438300000,
      "net_income": -58900000,
      "opex": -101900000,
      "cogs": 706300000,
      "rd": 27600000,
      "sga": null,
      "fcf": 301800000,
      "ocf": 343800000,
      "capex": -42000000,
      "gross_margin": 0.32262395703462166,
      "op_margin": 0.4203510117962981,
      "fcf_margin": 0.28944087465234486,
      "op_leverage_ratio": Infinity,
      "fcf_margin_change": 0.3967693834689793
    },
    {
      "date": "2021-12-31T00:00:00",
      "quarter_label": "2021-12 (Q4)",
      "revenue": 1104900000,
      "gross_profit": 362400000,
      "operating_income": 46700000,
      "net_income": 9600000,
      "opex": 315700000,
      "cogs": 742500000,
      "rd": 30300000,
      "sga": null,
      "fcf": -147100000,
      "ocf": -105400000,
      "capex": -41700000,
      "gross_margin": 0.32799348357317404,
      "op_margin": 0.04226626844058286,
      "fcf_margin": -0.1331342202914291,
      "incr_op_margin_yoy": -0.5357529794149513,
      "rev_growth_yoy": -0.14315626211709964,
      "op_leverage_ratio": Infinity,
      "fcf_margin_change": -0.422575094943774
    },
    {
      "date": "2022-04-02T00:00:00",
      "quarter_label": "2022-04 (Q2)",
      "revenue": 1074500000,
      "gross_profit": 337800000,
      "operating_income": 21700000,
      "net_income": -2400000,
      "opex": 316100000,
      "cogs": 736700000,
      "rd": 29300000,
      "sga": null,
      "fcf": 58800000,
      "ocf": 79100000,
      "capex": -20300000,
      "gross_margin": 0.31437878082829224,
      "op_margin": 0.020195439739413682,
      "fcf_margin": 0.05472312703583062,
      "incr_op_margin_yoy": -0.4604651162790698,
      "rev_growth_yoy": 0.06386138613861386,
      "rev_growth_yoy_accel": 0.2070176482557135,
      "fcf_margin_change": 0.18785734732725973
    },
    {
      "date": "2022-07-02T00:00:00",
      "quarter_label": "2022-07 (Q3)",
      "revenue": 1121700000,
      "gross_profit": 372100000,
      "operating_income": -6900000,
      "net_income": -65100000,
      "opex": 379000000,
      "cogs": 749600000,
      "rd": 31500000,
      "sga": null,
      "fcf": -45300000,
      "ocf": -16900000,
      "capex": -28400000,
      "gross_margin": 0.3317286261923866,
      "op_margin": -0.006151377373629313,
      "fcf_margin": -0.040385129713827225,
      "incr_op_margin_yoy": 0.8463726884779517,
      "rev_growth_yoy": 0.1433085312404444,
      "rev_growth_yoy_accel": 0.07944714510183054,
      "op_leverage_ratio": 0.22075443083298996,
      "fcf_margin_change": -0.09510825674965784
    },
    {
      "date": "2022-10-01T00:00:00",
      "quarter_label": "2022-10 (Q4)",
      "revenue": 1100200000,
      "gross_profit": 362900000,
      "operating_income": 33100000,
      "net_income": -49400000,
      "opex": 329800000,
      "cogs": 737300000,
      "rd": 29800000,
      "sga": null,
      "fcf": 37900000,
      "ocf": 59200000,
      "capex": -21300000,
      "gross_margin": 0.3298491183421196,
      "op_margin": 0.030085439011088892,
      "fcf_margin": 0.03444828213052172,
      "incr_op_margin_yoy": -7.046956521739131,
      "rev_growth_yoy": 0.05514529586650043,
      "rev_growth_yoy_accel": -0.08816323537394397,
      "fcf_margin_change": 0.07483341184434894
    },
    {
      "date": "2022-12-31T00:00:00",
      "quarter_label": "2022-12 (Q4)",
      "revenue": 1155300000,
      "gross_profit": 382600000,
      "operating_income": 31000000,
      "net_income": -23700000,
      "opex": 351600000,
      "cogs": 772700000,
      "rd": 32600000,
      "sga": null,
      "fcf": 159500000,
      "ocf": 185900000,
      "capex": -26400000,
      "gross_margin": 0.3311693932311954,
      "op_margin": 0.026832857266510864,
      "fcf_margin": 0.13805937851640265,
      "incr_op_margin_yoy": -0.3115079365079365,
      "rev_growth_yoy": 0.0456149877816997,
      "rev_growth_yoy_accel": -0.00953030808480073,
      "op_leverage_ratio": 0.7576595748229262,
      "fcf_margin_change": 0.10361109638588092
    },
    {
      "date": "2023-04-01T00:00:00",
      "quarter_label": "2023-04 (Q2)",
      "revenue": 1181700000,
      "gross_profit": 413800000,
      "operating_income": 48500000,
      "net_income": -3000000,
      "opex": 365300000,
      "cogs": 767900000,
      "rd": 31100000,
      "sga": null,
      "fcf": -3800000,
      "ocf": 19400000,
      "capex": -23200000,
      "gross_margin": 0.3501734788863502,
      "op_margin": 0.04104256579504104,
      "fcf_margin": -0.003215706186003216,
      "incr_op_margin_yoy": 0.25,
      "rev_growth_yoy": 0.09976733364355514,
      "rev_growth_yoy_accel": 0.05415234586185544,
      "op_leverage_ratio": 0.586458726238516,
      "fcf_margin_change": -0.14127508470240588
    },
    {
      "date": "2023-07-01T00:00:00",
      "quarter_label": "2023-07 (Q3)",
      "revenue": 1193100000,
      "gross_profit": 428000000,
      "operating_income": 56800000,
      "net_income": 8400000,
      "opex": 371200000,
      "cogs": 765100000,
      "rd": 32200000,
      "sga": null,
      "fcf": 32900000,
      "ocf": 52900000,
      "capex": -20000000,
      "gross_margin": 0.3587293604894812,
      "op_margin": 0.04760707400888442,
      "fcf_margin": 0.027575224205850304,
      "incr_op_margin_yoy": 0.8921568627450981,
      "rev_growth_yoy": 0.0636533832575555,
      "rev_growth_yoy_accel": -0.03611395038599964,
      "fcf_margin_change": 0.03079093039185352
    },
    {
      "date": "2023-09-30T00:00:00",
      "quarter_label": "2023-09 (Q3)",
      "revenue": 1123800000,
      "gross_profit": 411200000,
      "operating_income": 62100000,
      "net_income": 14200000,
      "opex": 349100000,
      "cogs": 712600000,
      "rd": 29600000,
      "sga": null,
      "fcf": 92700000,
      "ocf": 124500000,
      "capex": -31800000,
      "gross_margin": 0.3659014059441182,
      "op_margin": 0.05525894287239722,
      "fcf_margin": 0.08248798718633209,
      "incr_op_margin_yoy": 1.228813559322034,
      "rev_growth_yoy": 0.021450645337211416,
      "rev_growth_yoy_accel": -0.04220273792034408,
      "fcf_margin_change": 0.05491276298048178
    },
    {
      "date": "2023-12-31T00:00:00",
      "quarter_label": "2023-12 (Q4)",
      "revenue": 1156900000,
      "gross_profit": 427300000,
      "operating_income": -15600000,
      "net_income": -32300000,
      "opex": 442900000,
      "cogs": 729600000,
      "rd": 29600000,
      "sga": null,
      "fcf": 182000000,
      "ocf": 208700000,
      "capex": -26700000,
      "gross_margin": 0.3693491226553721,
      "op_margin": -0.01348431152217132,
      "fcf_margin": 0.1573169677586654,
      "incr_op_margin_yoy": -29.125,
      "rev_growth_yoy": 0.0013849216653683027,
      "rev_growth_yoy_accel": -0.020065723671843113,
      "op_leverage_ratio": 0.10961903547626826,
      "fcf_margin_change": 0.07482898057233332
    },
    {
      "date": "2024-03-30T00:00:00",
      "quarter_label": "2024-03 (Q1)",
      "revenue": 1082100000,
      "gross_profit": 357700000,
      "operating_income": -55200000,
      "net_income": 2000000,
      "opex": 412900000,
      "cogs": 724400000,
      "rd": 29000000,
      "sga": null,
      "fcf": -26500000,
      "ocf": -1400000,
      "capex": -25100000,
      "gross_margin": 0.3305609463081046,
      "op_margin": -0.05101192126420848,
      "fcf_margin": -0.02448941872285371,
      "incr_op_margin_yoy": 1.0411646586345382,
      "rev_growth_yoy": -0.08428535161208428,
      "rev_growth_yoy_accel": -0.08567027327745258,
      "fcf_margin_change": -0.18180638648151912
    },
    {
      "date": "2024-06-29T00:00:00",
      "quarter_label": "2024-06 (Q2)",
      "revenue": 1065500000,
      "gross_profit": 394700000,
      "operating_income": -26500000,
      "net_income": -108400000,
      "opex": 421200000,
      "cogs": 670800000,
      "rd": 29400000,
      "sga": null,
      "fcf": -18900000,
      "ocf": 9500000,
      "capex": -28400000,
      "gross_margin": 0.3704364148287189,
      "op_margin": -0.024870952604411075,
      "fcf_margin": -0.017738151102768652,
      "incr_op_margin_yoy": 0.6528213166144201,
      "rev_growth_yoy": -0.10694828597770514,
      "rev_growth_yoy_accel": -0.022662934365620863,
      "fcf_margin_change": 0.006751267620085058
    },
    {
      "date": "2024-09-28T00:00:00",
      "quarter_label": "2024-09 (Q3)",
      "revenue": 1087500000,
      "gross_profit": 404400000,
      "operating_income": 80400000,
      "net_income": -21000000,
      "opex": 324000000,
      "cogs": 683100000,
      "rd": 26000000,
      "sga": null,
      "fcf": 15100000,
      "ocf": 42200000,
      "capex": -27100000,
      "gross_margin": 0.37186206896551727,
      "op_margin": 0.07393103448275862,
      "fcf_margin": 0.013885057471264367,
      "incr_op_margin_yoy": -0.5041322314049587,
      "rev_growth_yoy": -0.03230112119594234,
      "rev_growth_yoy_accel": 0.07464716478176281,
      "op_leverage_ratio": Infinity,
      "fcf_margin_change": 0.031623208574033015
    },
    {
      "date": "2024-12-31T00:00:00",
      "quarter_label": "2024-12 (Q4)",
      "revenue": 1138300000,
      "gross_profit": 385900000,
      "operating_income": 114200000,
      "net_income": -44500000,
      "opex": 271700000,
      "cogs": 752400000,
      "rd": 27800000,
      "sga": null,
      "fcf": 274900000,
      "ocf": 312600000,
      "capex": -37700000,
      "gross_margin": 0.3390143195994026,
      "op_margin": 0.10032504612140912,
      "fcf_margin": 0.24150048317666695,
      "incr_op_margin_yoy": -6.978494623655914,
      "rev_growth_yoy": -0.01607744835335811,
      "rev_growth_yoy_accel": 0.01622367284258423,
      "op_leverage_ratio": Infinity,
      "fcf_margin_change": 0.22761542570540258
    },
    {
      "date": "2025-03-29T00:00:00",
      "quarter_label": "2025-03 (Q1)",
      "revenue": 1043900000,
      "gross_profit": 392300000,
      "operating_income": 46900000,
      "net_income": -6400000,
      "opex": 345400000,
      "cogs": 651600000,
      "rd": 26700000,
      "sga": null,
      "fcf": -90000000,
      "ocf": -64500000,
      "capex": -25500000,
      "gross_margin": 0.37580227991186893,
      "op_margin": 0.04492767506466137,
      "fcf_margin": -0.08621515470830539,
      "incr_op_margin_yoy": -2.6727748691099475,
      "rev_growth_yoy": -0.035301728121245726,
      "rev_growth_yoy_accel": -0.019224279767887615,
      "fcf_margin_change": -0.3277156378849723
    },
    {
      "date": "2025-06-28T00:00:00",
      "quarter_label": "2025-06 (Q2)",
      "revenue": 1056300000,
      "gross_profit": 362900000,
      "operating_income": 45400000,
      "net_income": -8400000,
      "opex": 317500000,
      "cogs": 693400000,
      "rd": 22000000,
      "sga": null,
      "fcf": 56700000,
      "ocf": 75900000,
      "capex": -19200000,
      "gross_margin": 0.3435577014105841,
      "op_margin": 0.042980213954369025,
      "fcf_margin": 0.0536779324055666,
      "incr_op_margin_yoy": -7.815217391304348,
      "rev_growth_yoy": -0.008634443923040826,
      "rev_growth_yoy_accel": 0.0266672841982049,
      "op_leverage_ratio": Infinity,
      "fcf_margin_change": 0.139893087113872
    },
    {
      "date": "2025-09-27T00:00:00",
      "quarter_label": "2025-09 (Q3)",
      "revenue": 1043300000,
      "gross_profit": 377100000,
      "operating_income": 72600000,
      "net_income": 7500000,
      "opex": 304500000,
      "cogs": 666200000,
      "rd": 24900000,
      "sga": null,
      "fcf": 29800000,
      "ocf": 51700000,
      "capex": -21900000,
      "gross_margin": 0.3614492475797949,
      "op_margin": 0.06958688775999233,
      "fcf_margin": 0.02856321288220071,
      "incr_op_margin_yoy": 0.17647058823529413,
      "rev_growth_yoy": -0.04064367816091954,
      "rev_growth_yoy_accel": -0.032009234237878714,
      "fcf_margin_change": -0.02511471952336589
    }
  ],
  "signals": [
    {
      "quarter": "2025-09 (Q3)",
      "signal": "INCREMENTAL MARGIN (YoY)",
      "detail": "YoY Incr OPM: +17.6% vs year-ago OPM: +7.4%",
      "severity": "MEDIUM"
    },
    {
      "quarter": "2025-06 (Q2)",
      "signal": "FCF TURNED POSITIVE",
      "detail": "FCF margin: -8.6% -> +5.4%",
      "severity": "HIGH"
    },
    {
      "quarter": "2025-06 (Q2)",
      "signal": "OP MARGIN TURNED POSITIVE (YoY)",
      "detail": "Op margin: -2.5% (year-ago) -> +4.3%",
      "severity": "HIGH"
    },
    {
      "quarter": "2025-03 (Q1)",
      "signal": "GROSS MARGIN INFLECTION",
      "detail": "GM: +37.2% -> +33.9% -> +37.6% (reversal +3.7%)",
      "severity": "MEDIUM"
    },
    {
      "quarter": "2025-03 (Q1)",
      "signal": "OP MARGIN TURNED POSITIVE (YoY)",
      "detail": "Op margin: -5.1% (year-ago) -> +4.5%",
      "severity": "HIGH"
    },
    {
      "quarter": "2024-12 (Q4)",
      "signal": "FCF MARGIN EXPANSION",
      "detail": "FCF margin: +1.4% -> +24.2% (+22.8%)",
      "severity": "MEDIUM"
    },
    {
      "quarter": "2024-12 (Q4)",
      "signal": "OP MARGIN TURNED POSITIVE (YoY)",
      "detail": "Op margin: -1.3% (year-ago) -> +10.0%",
      "severity": "HIGH"
    },
    {
      "quarter": "2024-09 (Q3)",
      "signal": "FCF TURNED POSITIVE",
      "detail": "FCF margin: -1.8% -> +1.4%",
      "severity": "HIGH"
    },
    {
      "quarter": "2024-09 (Q3)",
      "signal": "YoY REVENUE GROWTH ACCELERATION",
      "detail": "YoY growth: -3.2% vs prior quarter YoY: -10.7% (accel: +7.5%)",
      "severity": "MEDIUM"
    },
    {
      "quarter": "2024-09 (Q3)",
      "signal": "OP MARGIN TURNED POSITIVE (QoQ)",
      "detail": "Op margin: -2.5% -> +7.4%",
      "severity": "HIGH"
    },
    {
      "quarter": "2024-06 (Q2)",
      "signal": "GROSS MARGIN INFLECTION",
      "detail": "GM: +36.9% -> +33.1% -> +37.0% (reversal +4.0%)",
      "severity": "MEDIUM"
    },
    {
      "quarter": "2024-03 (Q1)",
      "signal": "YoY REVENUE GROWTH DECELERATION",
      "detail": "YoY growth: -8.4% vs prior quarter YoY: +0.1% (decel: -8.6%)",
      "severity": "WARNING"
    },
    {
      "quarter": "2023-12 (Q4)",
      "signal": "FCF MARGIN EXPANSION",
      "detail": "FCF margin: +8.2% -> +15.7% (+7.5%)",
      "severity": "MEDIUM"
    },
    {
      "quarter": "2023-09 (Q3)",
      "signal": "FCF MARGIN EXPANSION",
      "detail": "FCF margin: +2.8% -> +8.2% (+5.5%)",
      "severity": "MEDIUM"
    },
    {
      "quarter": "2023-09 (Q3)",
      "signal": "INCREMENTAL MARGIN (YoY)",
      "detail": "YoY Incr OPM: +122.9% vs year-ago OPM: +3.0%",
      "severity": "HIGH"
    },
    {
      "quarter": "2023-07 (Q3)",
      "signal": "FCF TURNED POSITIVE",
      "detail": "FCF margin: -0.3% -> +2.8%",
      "severity": "HIGH"
    },
    {
      "quarter": "2023-07 (Q3)",
      "signal": "OP MARGIN TURNED POSITIVE (YoY)",
      "detail": "Op margin: -0.6% (year-ago) -> +4.8%",
      "severity": "HIGH"
    },
    {
      "quarter": "2023-04 (Q2)",
      "signal": "YoY REVENUE GROWTH ACCELERATION",
      "detail": "YoY growth: +10.0% vs prior quarter YoY: +4.6% (accel: +5.4%)",
      "severity": "MEDIUM"
    },
    {
      "quarter": "2023-04 (Q2)",
      "signal": "INCREMENTAL MARGIN (YoY)",
      "detail": "YoY Incr OPM: +25.0% vs year-ago OPM: +2.0%",
      "severity": "HIGH"
    },
    {
      "quarter": "2022-12 (Q4)",
      "signal": "FCF MARGIN EXPANSION",
      "detail": "FCF margin: +3.4% -> +13.8% (+10.4%)",
      "severity": "MEDIUM"
    },
    {
      "quarter": "2022-10 (Q4)",
      "signal": "FCF TURNED POSITIVE",
      "detail": "FCF margin: -4.0% -> +3.4%",
      "severity": "HIGH"
    },
    {
      "quarter": "2022-10 (Q4)",
      "signal": "YoY REVENUE GROWTH DECELERATION",
      "detail": "YoY growth: +5.5% vs prior quarter YoY: +14.3% (decel: -8.8%)",
      "severity": "WARNING"
    },
    {
      "quarter": "2022-10 (Q4)",
      "signal": "OP MARGIN TURNED POSITIVE (QoQ)",
      "detail": "Op margin: -0.6% -> +3.0%",
      "severity": "HIGH"
    },
    {
      "quarter": "2022-07 (Q3)",
      "signal": "YoY REVENUE GROWTH ACCELERATION",
      "detail": "YoY growth: +14.3% vs prior quarter YoY: +6.4% (accel: +7.9%)",
      "severity": "MEDIUM"
    },
    {
      "quarter": "2022-04 (Q2)",
      "signal": "FCF TURNED POSITIVE",
      "detail": "FCF margin: -13.3% -> +5.5%",
      "severity": "HIGH"
    },
    {
      "quarter": "2022-04 (Q2)",
      "signal": "YoY REVENUE GROWTH ACCELERATION",
      "detail": "YoY growth: +6.4% vs prior quarter YoY: -14.3% (accel: +20.7%)",
      "severity": "HIGH"
    },
    {
      "quarter": "2021-12 (Q4)",
      "signal": "OP MARGIN TURNED POSITIVE (YoY)",
      "detail": "Op margin: -4.0% (year-ago) -> +4.2%",
      "severity": "HIGH"
    },
    {
      "quarter": "2021-10 (Q4)",
      "signal": "FCF TURNED POSITIVE",
      "detail": "FCF margin: -10.7% -> +28.9%",
      "severity": "HIGH"
    },
    {
      "quarter": "2021-10 (Q4)",
      "signal": "OP MARGIN TURNED POSITIVE (QoQ)",
      "detail": "Op margin: -12.8% -> +42.0%",
      "severity": "HIGH"
    },
    {
      "quarter": "2021-04 (Q2)",
      "signal": "OP MARGIN TURNED POSITIVE (QoQ)",
      "detail": "Op margin: -4.0% -> +5.1%",
      "severity": "HIGH"
    }
  ],
  "data_quality": {
    "n_quarters": 20,
    "coverage": {
      "revenue": [
        20,
        20
      ],
      "gross_profit": [
        20,
        20
      ],
      "op_income": [
        20,
        20
      ],
      "fcf": [
        20,
        20
      ]
    },
    "gaps": [],
    "warnings": []
  },
  "market_cap": null,
  "source": "SEC EDGAR",
  "last_updated": "2026-02-02T21:38:41.587165"
}