{
  "ticker": "PRGS",
  "name": "PROGRESS SOFTWARE CORP /MA",
  "quarters": [
    {
      "date": "2021-02-28T00:00:00",
      "quarter_label": "2021-02 (Q1)",
      "revenue": 121280000,
      "gross_profit": 103289000,
      "operating_income": 27416000,
      "net_income": 18961000,
      "opex": 75873000,
      "cogs": 17991000,
      "rd": null,
      "sga": null,
      "fcf": 43522000,
      "ocf": 44688000,
      "capex": -1166000,
      "gross_margin": 0.8516573218997362,
      "op_margin": 0.22605540897097626,
      "fcf_margin": 0.35885554089709765
    },
    {
      "date": "2021-05-31T00:00:00",
      "quarter_label": "2021-05 (Q2)",
      "revenue": 122488000,
      "gross_profit": 103178000,
      "operating_income": 22282000,
      "net_income": 13557000,
      "opex": 80896000,
      "cogs": 19310000,
      "rd": null,
      "sga": null,
      "fcf": 53740000,
      "ocf": 54690000,
      "capex": -950000,
      "gross_margin": 0.8423519038599699,
      "op_margin": 0.18191169747240546,
      "fcf_margin": 0.43873685585526745,
      "fcf_margin_change": 0.0798813149581698
    },
    {
      "date": "2021-08-31T00:00:00",
      "quarter_label": "2021-08 (Q3)",
      "revenue": 147417000,
      "gross_profit": 127349000,
      "operating_income": 46046000,
      "net_income": 30976000,
      "opex": 81303000,
      "cogs": 20068000,
      "rd": null,
      "sga": null,
      "fcf": 34599000,
      "ocf": 35224000,
      "capex": -625000,
      "gross_margin": 0.8638691602732385,
      "op_margin": 0.3123520353826221,
      "fcf_margin": 0.23470156087832475,
      "op_leverage_ratio": 40.45236831704078,
      "fcf_margin_change": -0.2040352949769427
    },
    {
      "date": "2021-11-30T00:00:00",
      "quarter_label": "2021-11 (Q4)",
      "revenue": 140128000,
      "gross_profit": 119048000,
      "operating_income": 20358000,
      "net_income": 14926000,
      "opex": 98690000,
      "cogs": 21080000,
      "rd": null,
      "sga": null,
      "fcf": 42015000,
      "ocf": 43928000,
      "capex": -1913000,
      "gross_margin": 0.849566110984243,
      "op_margin": 0.1452814569536424,
      "fcf_margin": 0.2998330098195935,
      "fcf_margin_change": 0.06513144894126874
    },
    {
      "date": "2022-02-28T00:00:00",
      "quarter_label": "2022-02 (Q1)",
      "revenue": 144922000,
      "gross_profit": 121710000,
      "operating_income": 29432000,
      "net_income": 20454000,
      "opex": 92278000,
      "cogs": 23212000,
      "rd": null,
      "sga": null,
      "fcf": 43262000,
      "ocf": 44093000,
      "capex": -831000,
      "gross_margin": 0.8398310815473151,
      "op_margin": 0.20308855798291495,
      "fcf_margin": 0.2985192034335712,
      "incr_op_margin_yoy": 0.08527197360629388,
      "rev_growth_yoy": 0.19493733509234829,
      "op_leverage_ratio": Infinity,
      "fcf_margin_change": -0.0013138063860222982
    },
    {
      "date": "2022-05-31T00:00:00",
      "quarter_label": "2022-05 (Q2)",
      "revenue": 148747000,
      "gross_profit": 124790000,
      "operating_income": 40235000,
      "net_income": 29110000,
      "opex": 84555000,
      "cogs": 23957000,
      "rd": null,
      "sga": null,
      "fcf": 67112000,
      "ocf": 68260000,
      "capex": -1148000,
      "gross_margin": 0.8389412895722267,
      "op_margin": 0.270492850275972,
      "fcf_margin": 0.45118220871681447,
      "incr_op_margin_yoy": 0.683689401728931,
      "rev_growth_yoy": 0.21438018418130755,
      "rev_growth_yoy_accel": 0.01944284908895927,
      "op_leverage_ratio": Infinity,
      "fcf_margin_change": 0.15266300528324328
    },
    {
      "date": "2022-08-31T00:00:00",
      "quarter_label": "2022-08 (Q3)",
      "revenue": 151217000,
      "gross_profit": 127421000,
      "operating_income": 32021000,
      "net_income": 21797000,
      "opex": 95400000,
      "cogs": 23796000,
      "rd": null,
      "sga": null,
      "fcf": 38563000,
      "ocf": 39670000,
      "capex": -1107000,
      "gross_margin": 0.8426367405781096,
      "op_margin": 0.21175529206372298,
      "fcf_margin": 0.25501762367987724,
      "incr_op_margin_yoy": -3.6907894736842106,
      "rev_growth_yoy": 0.025777217010249834,
      "rev_growth_yoy_accel": -0.18860296717105773,
      "op_leverage_ratio": 0.12946681835516358,
      "fcf_margin_change": -0.19616458503693723
    },
    {
      "date": "2022-11-30T00:00:00",
      "quarter_label": "2022-11 (Q4)",
      "revenue": 157127000,
      "gross_profit": 133596000,
      "operating_income": 30443000,
      "net_income": 23708000,
      "opex": 103153000,
      "cogs": 23531000,
      "rd": null,
      "sga": null,
      "fcf": 37133000,
      "ocf": 40137000,
      "capex": -3004000,
      "gross_margin": 0.8502421607998625,
      "op_margin": 0.19374773272575688,
      "fcf_margin": 0.23632475640723746,
      "incr_op_margin_yoy": 0.5932701923642567,
      "rev_growth_yoy": 0.12131051609956611,
      "rev_growth_yoy_accel": 0.09553329908931628,
      "op_leverage_ratio": 0.4809118226131852,
      "fcf_margin_change": -0.018692867272639774
    },
    {
      "date": "2023-02-28T00:00:00",
      "quarter_label": "2023-02 (Q1)",
      "revenue": 164226000,
      "gross_profit": 138009000,
      "operating_income": 35588000,
      "net_income": 23674000,
      "opex": 102421000,
      "cogs": 26217000,
      "rd": null,
      "sga": null,
      "fcf": 46382000,
      "ocf": 46767000,
      "capex": -385000,
      "gross_margin": 0.8403602352855212,
      "op_margin": 0.21670137493454142,
      "fcf_margin": 0.28242787378368833,
      "incr_op_margin_yoy": 0.3188976377952756,
      "rev_growth_yoy": 0.1332026883426947,
      "rev_growth_yoy_accel": 0.01189217224312858,
      "op_leverage_ratio": Infinity,
      "fcf_margin_change": 0.04610311737645087
    },
    {
      "date": "2023-05-31T00:00:00",
      "quarter_label": "2023-05 (Q2)",
      "revenue": 178251000,
      "gross_profit": 144473000,
      "operating_income": 23027000,
      "net_income": 12090000,
      "opex": 121446000,
      "cogs": 33778000,
      "rd": null,
      "sga": null,
      "fcf": 46367000,
      "ocf": 47951000,
      "capex": -1584000,
      "gross_margin": 0.8105031668826542,
      "op_margin": 0.12918300598594118,
      "fcf_margin": 0.2601219628501383,
      "incr_op_margin_yoy": -0.5832429501084598,
      "rev_growth_yoy": 0.19835021882794274,
      "rev_growth_yoy_accel": 0.06514753048524805,
      "op_leverage_ratio": 0.45975377221668806,
      "fcf_margin_change": -0.022305910933550055
    },
    {
      "date": "2023-08-31T00:00:00",
      "quarter_label": "2023-08 (Q3)",
      "revenue": 174992000,
      "gross_profit": 142073000,
      "operating_income": 29371000,
      "net_income": 19098000,
      "opex": 112702000,
      "cogs": 32919000,
      "rd": null,
      "sga": null,
      "fcf": 44829000,
      "ocf": 46041000,
      "capex": -1212000,
      "gross_margin": 0.8118828289293225,
      "op_margin": 0.16784195848953096,
      "fcf_margin": 0.2561774252537259,
      "incr_op_margin_yoy": -0.11146161934805468,
      "rev_growth_yoy": 0.1572243861470602,
      "rev_growth_yoy_accel": -0.041125832680882546,
      "fcf_margin_change": -0.00394453759641239
    },
    {
      "date": "2023-11-30T00:00:00",
      "quarter_label": "2023-11 (Q4)",
      "revenue": 176970000,
      "gross_profit": 143307000,
      "operating_income": 22537000,
      "net_income": 15335000,
      "opex": 120770000,
      "cogs": 33663000,
      "rd": null,
      "sga": null,
      "fcf": 30772000,
      "ocf": 33161000,
      "capex": -2389000,
      "gross_margin": 0.8097813188676046,
      "op_margin": 0.12734926823755438,
      "fcf_margin": 0.1738825789681867,
      "incr_op_margin_yoy": -0.39842765710830014,
      "rev_growth_yoy": 0.12628637980741694,
      "rev_growth_yoy_accel": -0.030938006339643248,
      "op_leverage_ratio": 0.15789698087876894,
      "fcf_margin_change": -0.08229484628553918
    },
    {
      "date": "2024-02-29T00:00:00",
      "quarter_label": "2024-02 (Q1)",
      "revenue": 184685000,
      "gross_profit": 151876000,
      "operating_income": 35006000,
      "net_income": 22639000,
      "opex": 116870000,
      "cogs": 32809000,
      "rd": null,
      "sga": null,
      "fcf": 70195000,
      "ocf": 70504000,
      "capex": -309000,
      "gross_margin": 0.8223515715948778,
      "op_margin": 0.1895443593145085,
      "fcf_margin": 0.38007959498605737,
      "incr_op_margin_yoy": -0.028447138178796617,
      "rev_growth_yoy": 0.1245783249911707,
      "rev_growth_yoy_accel": -0.0017080548162462378,
      "op_leverage_ratio": Infinity,
      "fcf_margin_change": 0.20619701601787066
    },
    {
      "date": "2024-05-31T00:00:00",
      "quarter_label": "2024-05 (Q2)",
      "revenue": 175077000,
      "gross_profit": 143006000,
      "operating_income": 27148000,
      "net_income": 16188000,
      "opex": 115858000,
      "cogs": 32071000,
      "rd": null,
      "sga": null,
      "fcf": 62726000,
      "ocf": 63681000,
      "capex": -955000,
      "gross_margin": 0.8168177430502007,
      "op_margin": 0.15506320076309282,
      "fcf_margin": 0.35827664399092973,
      "incr_op_margin_yoy": -1.2983616887208569,
      "rev_growth_yoy": -0.017806351717521922,
      "rev_growth_yoy_accel": -0.14238467670869262,
      "fcf_margin_change": -0.021802950995127635
    },
    {
      "date": "2024-08-31T00:00:00",
      "quarter_label": "2024-08 (Q3)",
      "revenue": 178686000,
      "gross_profit": 149622000,
      "operating_income": 40349000,
      "net_income": 28464000,
      "opex": 109273000,
      "cogs": 29064000,
      "rd": null,
      "sga": null,
      "fcf": 56594000,
      "ocf": 57658000,
      "capex": -1064000,
      "gross_margin": 0.8373459588328128,
      "op_margin": 0.2258095206115756,
      "fcf_margin": 0.3167231904010387,
      "incr_op_margin_yoy": 2.9718462371413104,
      "rev_growth_yoy": 0.021109536435951357,
      "rev_growth_yoy_accel": 0.03891588815347328,
      "op_leverage_ratio": Infinity,
      "fcf_margin_change": -0.04155345358989104
    },
    {
      "date": "2024-11-30T00:00:00",
      "quarter_label": "2024-11 (Q4)",
      "revenue": 214961000,
      "gross_profit": 178423000,
      "operating_income": 21500000,
      "net_income": 1147000,
      "opex": 156923000,
      "cogs": 36538000,
      "rd": null,
      "sga": null,
      "fcf": 16773000,
      "ocf": 19651000,
      "capex": -2878000,
      "gross_margin": 0.8300249812756733,
      "op_margin": 0.10001814282590796,
      "fcf_margin": 0.0780281074241374,
      "incr_op_margin_yoy": -0.027295938511752785,
      "rev_growth_yoy": 0.21467480363903488,
      "rev_growth_yoy_accel": 0.19356526720308354,
      "op_leverage_ratio": 0.46555056236044867,
      "fcf_margin_change": -0.23869508297690128
    },
    {
      "date": "2025-02-28T00:00:00",
      "quarter_label": "2025-02 (Q1)",
      "revenue": 238015000,
      "gross_profit": 191784000,
      "operating_income": 32426000,
      "net_income": 10946000,
      "opex": 159358000,
      "cogs": 46231000,
      "rd": null,
      "sga": null,
      "fcf": 67657000,
      "ocf": 68947000,
      "capex": -1290000,
      "gross_margin": 0.8057643425834506,
      "op_margin": 0.13623511123248536,
      "fcf_margin": 0.28425519400037813,
      "incr_op_margin_yoy": -0.048378023626476654,
      "rev_growth_yoy": 0.2887619460161897,
      "rev_growth_yoy_accel": 0.07408714237715483,
      "op_leverage_ratio": 6.911530863910016,
      "fcf_margin_change": 0.20622708657624073
    },
    {
      "date": "2025-05-31T00:00:00",
      "quarter_label": "2025-05 (Q2)",
      "revenue": 237355000,
      "gross_profit": 190067000,
      "operating_income": 38616000,
      "net_income": 17029000,
      "opex": 151451000,
      "cogs": 47288000,
      "rd": null,
      "sga": null,
      "fcf": 29501000,
      "ocf": 29996000,
      "capex": -495000,
      "gross_margin": 0.8007709970297655,
      "op_margin": 0.16269301257609908,
      "fcf_margin": 0.12429061953613785,
      "incr_op_margin_yoy": 0.18414207264202448,
      "rev_growth_yoy": 0.35571776989553167,
      "rev_growth_yoy_accel": 0.06695582387934196,
      "fcf_margin_change": -0.15996457446424028
    },
    {
      "date": "2025-08-31T00:00:00",
      "quarter_label": "2025-08 (Q3)",
      "revenue": 249795000,
      "gross_profit": 202259000,
      "operating_income": 43874000,
      "net_income": 19413000,
      "opex": 158385000,
      "cogs": 47536000,
      "rd": null,
      "sga": null,
      "fcf": 72391000,
      "ocf": 73446000,
      "capex": -1055000,
      "gross_margin": 0.809699953962249,
      "op_margin": 0.17564002482035268,
      "fcf_margin": 0.28980163734262093,
      "incr_op_margin_yoy": 0.04957178416234232,
      "rev_growth_yoy": 0.3979550720257883,
      "rev_growth_yoy_accel": 0.042237302130256615,
      "op_leverage_ratio": 1.1447490808485161,
      "fcf_margin_change": 0.16551101780648309
    },
    {
      "date": "2025-11-30T00:00:00",
      "quarter_label": "2025-11 (Q4)",
      "revenue": 252666000,
      "gross_profit": 206140000,
      "operating_income": 38374000,
      "net_income": 25745000,
      "opex": 167766000,
      "cogs": 46526000,
      "rd": null,
      "sga": null,
      "fcf": 59936000,
      "ocf": 62798000,
      "capex": -2862000,
      "gross_margin": 0.8158596724529616,
      "op_margin": 0.15187639017517196,
      "fcf_margin": 0.23721434621199528,
      "incr_op_margin_yoy": 0.447526853202493,
      "rev_growth_yoy": 0.17540391047678416,
      "rev_growth_yoy_accel": -0.22255116154900412,
      "op_leverage_ratio": 0.19405032049529738,
      "fcf_margin_change": -0.05258729113062566
    }
  ],
  "signals": [
    {
      "quarter": "2025-11 (Q4)",
      "signal": "YoY REVENUE GROWTH DECELERATION",
      "detail": "YoY growth: +17.5% vs prior quarter YoY: +39.8% (decel: -22.3%)",
      "severity": "WARNING"
    },
    {
      "quarter": "2025-11 (Q4)",
      "signal": "INCREMENTAL MARGIN (YoY)",
      "detail": "YoY Incr OPM: +44.8% vs year-ago OPM: +10.0%",
      "severity": "HIGH"
    },
    {
      "quarter": "2025-08 (Q3)",
      "signal": "FCF MARGIN EXPANSION",
      "detail": "FCF margin: +12.4% -> +29.0% (+16.6%)",
      "severity": "MEDIUM"
    },
    {
      "quarter": "2025-05 (Q2)",
      "signal": "YoY REVENUE GROWTH ACCELERATION",
      "detail": "YoY growth: +35.6% vs prior quarter YoY: +28.9% (accel: +6.7%)",
      "severity": "MEDIUM"
    },
    {
      "quarter": "2025-02 (Q1)",
      "signal": "FCF MARGIN EXPANSION",
      "detail": "FCF margin: +7.8% -> +28.4% (+20.6%)",
      "severity": "MEDIUM"
    },
    {
      "quarter": "2025-02 (Q1)",
      "signal": "OPERATING LEVERAGE",
      "detail": "Rev growth +10.7% vs OpEx growth +1.6% (leverage: 6.9x)",
      "severity": "MEDIUM"
    },
    {
      "quarter": "2025-02 (Q1)",
      "signal": "YoY REVENUE GROWTH ACCELERATION",
      "detail": "YoY growth: +28.9% vs prior quarter YoY: +21.5% (accel: +7.4%)",
      "severity": "MEDIUM"
    },
    {
      "quarter": "2024-11 (Q4)",
      "signal": "YoY REVENUE GROWTH ACCELERATION",
      "detail": "YoY growth: +21.5% vs prior quarter YoY: +2.1% (accel: +19.4%)",
      "severity": "HIGH"
    },
    {
      "quarter": "2024-08 (Q3)",
      "signal": "GROSS MARGIN INFLECTION",
      "detail": "GM: +82.2% -> +81.7% -> +83.7% (reversal +2.1%)",
      "severity": "MEDIUM"
    },
    {
      "quarter": "2024-08 (Q3)",
      "signal": "INCREMENTAL MARGIN (YoY)",
      "detail": "YoY Incr OPM: +297.2% vs year-ago OPM: +16.8%",
      "severity": "HIGH"
    },
    {
      "quarter": "2024-05 (Q2)",
      "signal": "YoY REVENUE GROWTH DECELERATION",
      "detail": "YoY growth: -1.8% vs prior quarter YoY: +12.5% (decel: -14.2%)",
      "severity": "WARNING"
    },
    {
      "quarter": "2024-02 (Q1)",
      "signal": "FCF MARGIN EXPANSION",
      "detail": "FCF margin: +17.4% -> +38.0% (+20.6%)",
      "severity": "MEDIUM"
    },
    {
      "quarter": "2023-05 (Q2)",
      "signal": "YoY REVENUE GROWTH ACCELERATION",
      "detail": "YoY growth: +19.8% vs prior quarter YoY: +13.3% (accel: +6.5%)",
      "severity": "MEDIUM"
    },
    {
      "quarter": "2023-02 (Q1)",
      "signal": "INCREMENTAL MARGIN (YoY)",
      "detail": "YoY Incr OPM: +31.9% vs year-ago OPM: +20.3%",
      "severity": "MEDIUM"
    },
    {
      "quarter": "2022-11 (Q4)",
      "signal": "YoY REVENUE GROWTH ACCELERATION",
      "detail": "YoY growth: +12.1% vs prior quarter YoY: +2.6% (accel: +9.6%)",
      "severity": "MEDIUM"
    },
    {
      "quarter": "2022-11 (Q4)",
      "signal": "INCREMENTAL MARGIN (YoY)",
      "detail": "YoY Incr OPM: +59.3% vs year-ago OPM: +14.5%",
      "severity": "HIGH"
    },
    {
      "quarter": "2022-08 (Q3)",
      "signal": "YoY REVENUE GROWTH DECELERATION",
      "detail": "YoY growth: +2.6% vs prior quarter YoY: +21.4% (decel: -18.9%)",
      "severity": "WARNING"
    },
    {
      "quarter": "2022-05 (Q2)",
      "signal": "FCF MARGIN EXPANSION",
      "detail": "FCF margin: +29.9% -> +45.1% (+15.3%)",
      "severity": "MEDIUM"
    },
    {
      "quarter": "2022-05 (Q2)",
      "signal": "INCREMENTAL MARGIN (YoY)",
      "detail": "YoY Incr OPM: +68.4% vs year-ago OPM: +18.2%",
      "severity": "HIGH"
    },
    {
      "quarter": "2021-11 (Q4)",
      "signal": "FCF MARGIN EXPANSION",
      "detail": "FCF margin: +23.5% -> +30.0% (+6.5%)",
      "severity": "MEDIUM"
    },
    {
      "quarter": "2021-08 (Q3)",
      "signal": "OPERATING LEVERAGE",
      "detail": "Rev growth +20.4% vs OpEx growth +0.5% (leverage: 40.5x)",
      "severity": "MEDIUM"
    },
    {
      "quarter": "2021-08 (Q3)",
      "signal": "GROSS MARGIN INFLECTION",
      "detail": "GM: +85.2% -> +84.2% -> +86.4% (reversal +2.2%)",
      "severity": "MEDIUM"
    },
    {
      "quarter": "2021-05 (Q2)",
      "signal": "FCF MARGIN EXPANSION",
      "detail": "FCF margin: +35.9% -> +43.9% (+8.0%)",
      "severity": "MEDIUM"
    }
  ],
  "data_quality": {
    "n_quarters": 20,
    "coverage": {
      "revenue": [
        20,
        20
      ],
      "gross_profit": [
        20,
        20
      ],
      "op_income": [
        20,
        20
      ],
      "fcf": [
        20,
        20
      ]
    },
    "gaps": [],
    "warnings": []
  },
  "market_cap": null,
  "source": "SEC EDGAR",
  "last_updated": "2026-02-02T21:41:13.738329"
}