{
  "ticker": "PRIM",
  "name": "Primoris Services Corporation",
  "quarters": [
    {
      "date": "2020-12-31T00:00:00",
      "quarter_label": "2020-12 (Q4)",
      "revenue": 897338000,
      "gross_profit": 97756000,
      "operating_income": 44398000,
      "net_income": 31811000,
      "opex": 53358000,
      "cogs": 799582000,
      "rd": null,
      "sga": 49928000,
      "fcf": 111569000,
      "ocf": 121522000,
      "capex": -9953000,
      "gross_margin": 0.10893999808321948,
      "op_margin": 0.04947745442631428,
      "fcf_margin": 0.12433330584462042
    },
    {
      "date": "2021-03-31T00:00:00",
      "quarter_label": "2021-03 (Q1)",
      "revenue": 818329000,
      "gross_profit": 80181000,
      "operating_income": 12853000,
      "net_income": 5850000,
      "opex": 67328000,
      "cogs": 738148000,
      "rd": null,
      "sga": 53432000,
      "fcf": -11105000,
      "ocf": 7973000,
      "capex": -19078000,
      "gross_margin": 0.09798137423945626,
      "op_margin": 0.015706396815950555,
      "fcf_margin": -0.013570336625000458,
      "fcf_margin_change": -0.1379036424696209
    },
    {
      "date": "2021-06-30T00:00:00",
      "quarter_label": "2021-06 (Q2)",
      "revenue": 881610000,
      "gross_profit": 113026000,
      "operating_income": 54799000,
      "net_income": 36290000,
      "opex": 58227000,
      "cogs": 768584000,
      "rd": null,
      "sga": 57747000,
      "fcf": -45487000,
      "ocf": -1810000,
      "capex": -43677000,
      "gross_margin": 0.1282040811696782,
      "op_margin": 0.062157870260092334,
      "fcf_margin": -0.0515953766404646,
      "op_leverage_ratio": Infinity,
      "fcf_margin_change": -0.03802504001546415
    },
    {
      "date": "2021-09-30T00:00:00",
      "quarter_label": "2021-09 (Q3)",
      "revenue": 913245000,
      "gross_profit": 127436000,
      "operating_income": 65283000,
      "net_income": 44053000,
      "opex": 62153000,
      "cogs": 785809000,
      "rd": null,
      "sga": 61706000,
      "fcf": -29921000,
      "ocf": 9457000,
      "capex": -39378000,
      "gross_margin": 0.13954196300007118,
      "op_margin": 0.07148465088776834,
      "fcf_margin": -0.032763387699905284,
      "op_leverage_ratio": 0.5321884569854175,
      "fcf_margin_change": 0.01883198894055932
    },
    {
      "date": "2021-12-31T00:00:00",
      "quarter_label": "2021-12 (Q4)",
      "revenue": 884448000,
      "gross_profit": 96017000,
      "operating_income": 37216000,
      "net_income": 29418000,
      "opex": 58801000,
      "cogs": 788431000,
      "rd": null,
      "sga": 57225000,
      "fcf": 32418000,
      "ocf": 64127000,
      "capex": -31709000,
      "gross_margin": 0.10856149824523319,
      "op_margin": 0.04207822280111437,
      "fcf_margin": 0.03665337023770759,
      "incr_op_margin_yoy": 0.5571761055081459,
      "rev_growth_yoy": -0.014364709841776454,
      "fcf_margin_change": 0.06941675793761287
    },
    {
      "date": "2022-03-31T00:00:00",
      "quarter_label": "2022-03 (Q1)",
      "revenue": 784384000,
      "gross_profit": 56486000,
      "operating_income": 708000,
      "net_income": -1674000,
      "opex": 55778000,
      "cogs": 727898000,
      "rd": null,
      "sga": 55455000,
      "fcf": -26588000,
      "ocf": 6577000,
      "capex": -33165000,
      "gross_margin": 0.07201319761749347,
      "op_margin": 0.0009026191253263707,
      "fcf_margin": -0.03389666285900783,
      "incr_op_margin_yoy": 0.35778465164236267,
      "rev_growth_yoy": -0.04148087138546966,
      "rev_growth_yoy_accel": -0.027116161543693205,
      "fcf_margin_change": -0.07055003309671543
    },
    {
      "date": "2022-06-30T00:00:00",
      "quarter_label": "2022-06 (Q2)",
      "revenue": 1022948000,
      "gross_profit": 92109000,
      "operating_income": 67264000,
      "net_income": 50154000,
      "opex": 24845000,
      "cogs": 930839000,
      "rd": null,
      "sga": 59730000,
      "fcf": -130340000,
      "ocf": -97690000,
      "capex": -32650000,
      "gross_margin": 0.09004270011769905,
      "op_margin": 0.06575505304277442,
      "fcf_margin": -0.12741605633912964,
      "incr_op_margin_yoy": 0.08819284268915649,
      "rev_growth_yoy": 0.16031805446852918,
      "rev_growth_yoy_accel": 0.20179892585399883,
      "op_leverage_ratio": Infinity,
      "fcf_margin_change": -0.09351939348012181
    },
    {
      "date": "2022-09-30T00:00:00",
      "quarter_label": "2022-09 (Q3)",
      "revenue": 1284128000,
      "gross_profit": 154907000,
      "operating_income": 66480000,
      "net_income": 43040000,
      "opex": 88427000,
      "cogs": 1129221000,
      "rd": null,
      "sga": 75721000,
      "fcf": -20803000,
      "ocf": -10922000,
      "capex": -9881000,
      "gross_margin": 0.12063205537142714,
      "op_margin": 0.05177054000847268,
      "fcf_margin": -0.01620009843255501,
      "incr_op_margin_yoy": 0.003227432910109118,
      "rev_growth_yoy": 0.4061155549715575,
      "rev_growth_yoy_accel": 0.24579750050302832,
      "op_leverage_ratio": 0.09976797934995463,
      "fcf_margin_change": 0.11121595790657463
    },
    {
      "date": "2022-12-31T00:00:00",
      "quarter_label": "2022-12 (Q4)",
      "revenue": 1329139000,
      "gross_profit": 153383000,
      "operating_income": 60886000,
      "net_income": 41501000,
      "opex": 92497000,
      "cogs": 1175754000,
      "rd": null,
      "sga": 90672000,
      "fcf": 166387000,
      "ocf": 185381000,
      "capex": -18994000,
      "gross_margin": 0.11540027040061272,
      "op_margin": 0.04580860241103451,
      "fcf_margin": 0.12518404771810923,
      "incr_op_margin_yoy": 0.05322797178265357,
      "rev_growth_yoy": 0.5027893103947321,
      "rev_growth_yoy_accel": 0.09667375542317458,
      "op_leverage_ratio": 0.7615542181822957,
      "fcf_margin_change": 0.14138414615066425
    },
    {
      "date": "2023-03-31T00:00:00",
      "quarter_label": "2023-03 (Q1)",
      "revenue": 1256896000,
      "gross_profit": 99732000,
      "operating_income": 19028000,
      "net_income": 1310000,
      "opex": 80704000,
      "cogs": 1157164000,
      "rd": null,
      "sga": 78009000,
      "fcf": -129184000,
      "ocf": -115337000,
      "capex": -13847000,
      "gross_margin": 0.07934785376037476,
      "op_margin": 0.015138881816793116,
      "fcf_margin": -0.10278018229034065,
      "incr_op_margin_yoy": 0.03877150209941758,
      "rev_growth_yoy": 0.6023988250652742,
      "rev_growth_yoy_accel": 0.09960951467054213,
      "fcf_margin_change": -0.2279642300084499
    },
    {
      "date": "2023-06-30T00:00:00",
      "quarter_label": "2023-06 (Q2)",
      "revenue": 1413377000,
      "gross_profit": 157264000,
      "operating_income": 70795000,
      "net_income": 39032000,
      "opex": 86469000,
      "cogs": 1256113000,
      "rd": null,
      "sga": 85571000,
      "fcf": 5960000,
      "ocf": 34505000,
      "capex": -28545000,
      "gross_margin": 0.11126826034384316,
      "op_margin": 0.050089254317850086,
      "fcf_margin": 0.004216850847296935,
      "incr_op_margin_yoy": 0.009043897866193341,
      "rev_growth_yoy": 0.38167042704027965,
      "rev_growth_yoy_accel": -0.22072839802499455,
      "op_leverage_ratio": 1.7428420015097312,
      "fcf_margin_change": 0.10699703313763759
    },
    {
      "date": "2023-09-30T00:00:00",
      "quarter_label": "2023-09 (Q3)",
      "revenue": 1529486000,
      "gross_profit": 173895000,
      "operating_income": 88407000,
      "net_income": 48144000,
      "opex": 85488000,
      "cogs": 1355591000,
      "rd": null,
      "sga": 84404000,
      "fcf": 33577000,
      "ocf": 73685000,
      "capex": -40108000,
      "gross_margin": 0.11369505833986059,
      "op_margin": 0.05780177131402314,
      "fcf_margin": 0.02195312673669455,
      "incr_op_margin_yoy": 0.0893673733890886,
      "rev_growth_yoy": 0.1910697375962521,
      "rev_growth_yoy_accel": -0.19060068944402755,
      "op_leverage_ratio": Infinity,
      "fcf_margin_change": 0.017736275889397614
    },
    {
      "date": "2023-12-31T00:00:00",
      "quarter_label": "2023-12 (Q4)",
      "revenue": 1515550000,
      "gross_profit": 156600000,
      "operating_income": 74843000,
      "net_income": 37659000,
      "opex": 81757000,
      "cogs": 1358949000,
      "rd": null,
      "sga": 80749000,
      "fcf": 185194000,
      "ocf": 205699000,
      "capex": -20505000,
      "gross_margin": 0.10332882451915146,
      "op_margin": 0.049383392167859856,
      "fcf_margin": 0.12219590247764837,
      "incr_op_margin_yoy": 0.07487219101877035,
      "rev_growth_yoy": 0.14024943967485717,
      "rev_growth_yoy_accel": -0.05082029792139492,
      "fcf_margin_change": 0.10024277574095383
    },
    {
      "date": "2024-03-31T00:00:00",
      "quarter_label": "2024-03 (Q1)",
      "revenue": 1412707000,
      "gross_profit": 133376000,
      "operating_income": 44238000,
      "net_income": 18943000,
      "opex": 89138000,
      "cogs": 1279331000,
      "rd": null,
      "sga": 88588000,
      "fcf": -38898000,
      "ocf": -28464000,
      "capex": -10434000,
      "gross_margin": 0.09441165082356072,
      "op_margin": 0.03131434897682251,
      "fcf_margin": -0.02753437195398621,
      "incr_op_margin_yoy": 0.16179858931654376,
      "rev_growth_yoy": 0.12396491038240236,
      "rev_growth_yoy_accel": -0.016284529292454816,
      "fcf_margin_change": -0.14973027443163459
    },
    {
      "date": "2024-06-30T00:00:00",
      "quarter_label": "2024-06 (Q2)",
      "revenue": 1563715000,
      "gross_profit": 186710000,
      "operating_income": 86070000,
      "net_income": 49543000,
      "opex": 100640000,
      "cogs": 1377005000,
      "rd": null,
      "sga": 100118000,
      "fcf": -8136000,
      "ocf": 16067000,
      "capex": -24203000,
      "gross_margin": 0.1194015533521134,
      "op_margin": 0.055041999341312195,
      "fcf_margin": -0.005202994151747601,
      "incr_op_margin_yoy": 0.10160438478628157,
      "rev_growth_yoy": 0.10636794004713533,
      "rev_growth_yoy_accel": -0.017596970335267026,
      "op_leverage_ratio": 0.8283948319659402,
      "fcf_margin_change": 0.02233137780223861
    },
    {
      "date": "2024-09-30T00:00:00",
      "quarter_label": "2024-09 (Q3)",
      "revenue": 1649086000,
      "gross_profit": 198561000,
      "operating_income": 99550000,
      "net_income": 58436000,
      "opex": 99011000,
      "cogs": 1450525000,
      "rd": null,
      "sga": 98106000,
      "fcf": 158750000,
      "ocf": 222451000,
      "capex": -63701000,
      "gross_margin": 0.12040669801332374,
      "op_margin": 0.06036677286690931,
      "fcf_margin": 0.09626544643517682,
      "incr_op_margin_yoy": 0.09316889632107024,
      "rev_growth_yoy": 0.07819620447653657,
      "rev_growth_yoy_accel": -0.028171735570598766,
      "op_leverage_ratio": Infinity,
      "fcf_margin_change": 0.10146844058692442
    },
    {
      "date": "2024-12-31T00:00:00",
      "quarter_label": "2024-12 (Q4)",
      "revenue": 1741330000,
      "gross_profit": 184598000,
      "operating_income": 87594000,
      "net_income": 53966000,
      "opex": 97004000,
      "cogs": 1556732000,
      "rd": null,
      "sga": 96539000,
      "fcf": 270042000,
      "ocf": 298259000,
      "capex": -28217000,
      "gross_margin": 0.10600977413815876,
      "op_margin": 0.05030292937007919,
      "fcf_margin": 0.15507801508042704,
      "incr_op_margin_yoy": 0.05647532996722473,
      "rev_growth_yoy": 0.1489756194120946,
      "rev_growth_yoy_accel": 0.07077941493555805,
      "op_leverage_ratio": Infinity,
      "fcf_margin_change": 0.058812568645250224
    },
    {
      "date": "2025-03-31T00:00:00",
      "quarter_label": "2025-03 (Q1)",
      "revenue": 1648112000,
      "gross_profit": 170657000,
      "operating_income": 70364000,
      "net_income": 44240000,
      "opex": 100293000,
      "cogs": 1477455000,
      "rd": null,
      "sga": 99501000,
      "fcf": 25582000,
      "ocf": 66172000,
      "capex": -40590000,
      "gross_margin": 0.10354696768180803,
      "op_margin": 0.042693700428126244,
      "fcf_margin": 0.015522003358995019,
      "incr_op_margin_yoy": 0.11098319916739237,
      "rev_growth_yoy": 0.16663398709003352,
      "rev_growth_yoy_accel": 0.017658367677938908,
      "fcf_margin_change": -0.13955601172143203
    },
    {
      "date": "2025-06-30T00:00:00",
      "quarter_label": "2025-06 (Q2)",
      "revenue": 1890745000,
      "gross_profit": 231736000,
      "operating_income": 126644000,
      "net_income": 84319000,
      "opex": 105092000,
      "cogs": 1659009000,
      "rd": null,
      "sga": 104549000,
      "fcf": 45340000,
      "ocf": 78453000,
      "capex": -33113000,
      "gross_margin": 0.1225633282118953,
      "op_margin": 0.06698100484200672,
      "fcf_margin": 0.023979965569127515,
      "incr_op_margin_yoy": 0.12406812830627159,
      "rev_growth_yoy": 0.20913657539896977,
      "rev_growth_yoy_accel": 0.042502588308936246,
      "op_leverage_ratio": 3.076684891344567,
      "fcf_margin_change": 0.008457962210132496
    },
    {
      "date": "2025-09-30T00:00:00",
      "quarter_label": "2025-09 (Q3)",
      "revenue": 2178422000,
      "gross_profit": 235714000,
      "operating_income": 137001000,
      "net_income": 94617000,
      "opex": 98713000,
      "cogs": 1942708000,
      "rd": null,
      "sga": 97694000,
      "fcf": 148437000,
      "ocf": 182900000,
      "capex": -34463000,
      "gross_margin": 0.10820401189484866,
      "op_margin": 0.0628900185547153,
      "fcf_margin": 0.06813969010595743,
      "incr_op_margin_yoy": 0.07075090301812081,
      "rev_growth_yoy": 0.3209875045934536,
      "rev_growth_yoy_accel": 0.11185092919448383,
      "op_leverage_ratio": Infinity,
      "fcf_margin_change": 0.04415972453682991
    }
  ],
  "signals": [
    {
      "quarter": "2025-09 (Q3)",
      "signal": "YoY REVENUE GROWTH ACCELERATION",
      "detail": "YoY growth: +32.1% vs prior quarter YoY: +20.9% (accel: +11.2%)",
      "severity": "MEDIUM"
    },
    {
      "quarter": "2025-06 (Q2)",
      "signal": "OPERATING LEVERAGE",
      "detail": "Rev growth +14.7% vs OpEx growth +4.8% (leverage: 3.1x)",
      "severity": "MEDIUM"
    },
    {
      "quarter": "2024-12 (Q4)",
      "signal": "FCF MARGIN EXPANSION",
      "detail": "FCF margin: +9.6% -> +15.5% (+5.9%)",
      "severity": "MEDIUM"
    },
    {
      "quarter": "2024-12 (Q4)",
      "signal": "YoY REVENUE GROWTH ACCELERATION",
      "detail": "YoY growth: +14.9% vs prior quarter YoY: +7.8% (accel: +7.1%)",
      "severity": "MEDIUM"
    },
    {
      "quarter": "2024-09 (Q3)",
      "signal": "FCF TURNED POSITIVE",
      "detail": "FCF margin: -0.5% -> +9.6%",
      "severity": "HIGH"
    },
    {
      "quarter": "2024-06 (Q2)",
      "signal": "GROSS MARGIN INFLECTION",
      "detail": "GM: +10.3% -> +9.4% -> +11.9% (reversal +2.5%)",
      "severity": "MEDIUM"
    },
    {
      "quarter": "2024-03 (Q1)",
      "signal": "INCREMENTAL MARGIN (YoY)",
      "detail": "YoY Incr OPM: +16.2% vs year-ago OPM: +1.5%",
      "severity": "MEDIUM"
    },
    {
      "quarter": "2023-12 (Q4)",
      "signal": "FCF MARGIN EXPANSION",
      "detail": "FCF margin: +2.2% -> +12.2% (+10.0%)",
      "severity": "MEDIUM"
    },
    {
      "quarter": "2023-12 (Q4)",
      "signal": "YoY REVENUE GROWTH DECELERATION",
      "detail": "YoY growth: +14.0% vs prior quarter YoY: +19.1% (decel: -5.1%)",
      "severity": "WARNING"
    },
    {
      "quarter": "2023-09 (Q3)",
      "signal": "YoY REVENUE GROWTH DECELERATION",
      "detail": "YoY growth: +19.1% vs prior quarter YoY: +38.2% (decel: -19.1%)",
      "severity": "WARNING"
    },
    {
      "quarter": "2023-06 (Q2)",
      "signal": "FCF TURNED POSITIVE",
      "detail": "FCF margin: -10.3% -> +0.4%",
      "severity": "HIGH"
    },
    {
      "quarter": "2023-06 (Q2)",
      "signal": "OPERATING LEVERAGE",
      "detail": "Rev growth +12.4% vs OpEx growth +7.1% (leverage: 1.7x)",
      "severity": "MEDIUM"
    },
    {
      "quarter": "2023-06 (Q2)",
      "signal": "GROSS MARGIN INFLECTION",
      "detail": "GM: +11.5% -> +7.9% -> +11.1% (reversal +3.2%)",
      "severity": "MEDIUM"
    },
    {
      "quarter": "2023-06 (Q2)",
      "signal": "YoY REVENUE GROWTH DECELERATION",
      "detail": "YoY growth: +38.2% vs prior quarter YoY: +60.2% (decel: -22.1%)",
      "severity": "WARNING"
    },
    {
      "quarter": "2023-03 (Q1)",
      "signal": "YoY REVENUE GROWTH ACCELERATION",
      "detail": "YoY growth: +60.2% vs prior quarter YoY: +50.3% (accel: +10.0%)",
      "severity": "MEDIUM"
    },
    {
      "quarter": "2022-12 (Q4)",
      "signal": "FCF TURNED POSITIVE",
      "detail": "FCF margin: -1.6% -> +12.5%",
      "severity": "HIGH"
    },
    {
      "quarter": "2022-12 (Q4)",
      "signal": "YoY REVENUE GROWTH ACCELERATION",
      "detail": "YoY growth: +50.3% vs prior quarter YoY: +40.6% (accel: +9.7%)",
      "severity": "MEDIUM"
    },
    {
      "quarter": "2022-09 (Q3)",
      "signal": "FCF MARGIN EXPANSION",
      "detail": "FCF margin: -12.7% -> -1.6% (+11.1%)",
      "severity": "MEDIUM"
    },
    {
      "quarter": "2022-09 (Q3)",
      "signal": "YoY REVENUE GROWTH ACCELERATION",
      "detail": "YoY growth: +40.6% vs prior quarter YoY: +16.0% (accel: +24.6%)",
      "severity": "HIGH"
    },
    {
      "quarter": "2022-06 (Q2)",
      "signal": "YoY REVENUE GROWTH ACCELERATION",
      "detail": "YoY growth: +16.0% vs prior quarter YoY: -4.1% (accel: +20.2%)",
      "severity": "HIGH"
    },
    {
      "quarter": "2022-03 (Q1)",
      "signal": "INCREMENTAL MARGIN (YoY)",
      "detail": "YoY Incr OPM: +35.8% vs year-ago OPM: +1.6%",
      "severity": "HIGH"
    },
    {
      "quarter": "2021-12 (Q4)",
      "signal": "FCF TURNED POSITIVE",
      "detail": "FCF margin: -3.3% -> +3.7%",
      "severity": "HIGH"
    },
    {
      "quarter": "2021-12 (Q4)",
      "signal": "INCREMENTAL MARGIN (YoY)",
      "detail": "YoY Incr OPM: +55.7% vs year-ago OPM: +4.9%",
      "severity": "HIGH"
    },
    {
      "quarter": "2021-06 (Q2)",
      "signal": "GROSS MARGIN INFLECTION",
      "detail": "GM: +10.9% -> +9.8% -> +12.8% (reversal +3.0%)",
      "severity": "MEDIUM"
    }
  ],
  "data_quality": {
    "n_quarters": 20,
    "coverage": {
      "revenue": [
        20,
        20
      ],
      "gross_profit": [
        20,
        20
      ],
      "op_income": [
        20,
        20
      ],
      "fcf": [
        20,
        20
      ]
    },
    "gaps": [],
    "warnings": []
  },
  "market_cap": null,
  "source": "SEC EDGAR",
  "last_updated": "2026-02-02T20:44:52.419800"
}