{
  "ticker": "PRLB",
  "name": "Proto Labs, Inc.",
  "quarters": [
    {
      "date": "2020-12-31T00:00:00",
      "quarter_label": "2020-12 (Q4)",
      "revenue": 105208000,
      "gross_profit": 52628000,
      "operating_income": 10991000,
      "net_income": 9579000,
      "opex": 41637000,
      "cogs": 52580000,
      "rd": 11390000,
      "sga": null,
      "fcf": 18073000,
      "ocf": 24594000,
      "capex": -6521000,
      "gross_margin": 0.5002281195346362,
      "op_margin": 0.10446924188274656,
      "fcf_margin": 0.1717835145616303
    },
    {
      "date": "2021-03-31T00:00:00",
      "quarter_label": "2021-03 (Q1)",
      "revenue": 116126000,
      "gross_profit": 55330000,
      "operating_income": 4261000,
      "net_income": 3712000,
      "opex": 51069000,
      "cogs": 60796000,
      "rd": 12181000,
      "sga": null,
      "fcf": -121000,
      "ocf": 6425000,
      "capex": -6546000,
      "gross_margin": 0.4764652188140468,
      "op_margin": 0.03669290253689957,
      "fcf_margin": -0.001041971651482011,
      "op_leverage_ratio": 0.4581102020995898,
      "fcf_margin_change": -0.1728254862131123
    },
    {
      "date": "2021-06-30T00:00:00",
      "quarter_label": "2021-06 (Q2)",
      "revenue": 123048000,
      "gross_profit": 56625000,
      "operating_income": 16104000,
      "net_income": 12915000,
      "opex": 40521000,
      "cogs": 66423000,
      "rd": 11060000,
      "sga": null,
      "fcf": -3079000,
      "ocf": 14304000,
      "capex": -17383000,
      "gross_margin": 0.4601862687731617,
      "op_margin": 0.13087575580261362,
      "fcf_margin": -0.025022755347506663,
      "op_leverage_ratio": Infinity,
      "fcf_margin_change": -0.023980783696024653
    },
    {
      "date": "2021-09-30T00:00:00",
      "quarter_label": "2021-09 (Q3)",
      "revenue": 125342000,
      "gross_profit": 55324000,
      "operating_income": 6927000,
      "net_income": 4835000,
      "opex": 48397000,
      "cogs": 70018000,
      "rd": 10614000,
      "sga": null,
      "fcf": 7469000,
      "ocf": 11496000,
      "capex": -4027000,
      "gross_margin": 0.4413843723572306,
      "op_margin": 0.05526479551945876,
      "fcf_margin": 0.0595889645928739,
      "op_leverage_ratio": 0.09591649527100524,
      "fcf_margin_change": 0.08461171994038055
    },
    {
      "date": "2021-12-31T00:00:00",
      "quarter_label": "2021-12 (Q4)",
      "revenue": 123582000,
      "gross_profit": 55412000,
      "operating_income": 13050000,
      "net_income": 11910000,
      "opex": 42362000,
      "cogs": 68170000,
      "rd": 10386000,
      "sga": null,
      "fcf": 16764000,
      "ocf": 23017000,
      "capex": -6253000,
      "gross_margin": 0.448382450518684,
      "op_margin": 0.1055979026071758,
      "fcf_margin": 0.13565082293537895,
      "incr_op_margin_yoy": 0.11206052030042452,
      "rev_growth_yoy": 0.174644513725192,
      "fcf_margin_change": 0.07606185834250505
    },
    {
      "date": "2022-03-31T00:00:00",
      "quarter_label": "2022-03 (Q1)",
      "revenue": 124168000,
      "gross_profit": 55804000,
      "operating_income": 7890000,
      "net_income": 5095000,
      "opex": 47914000,
      "cogs": 68364000,
      "rd": 10557000,
      "sga": null,
      "fcf": 14714000,
      "ocf": 17783000,
      "capex": -3069000,
      "gross_margin": 0.449423361896785,
      "op_margin": 0.06354294182075897,
      "fcf_margin": 0.11850074093164101,
      "incr_op_margin_yoy": 0.4512559064909227,
      "rev_growth_yoy": 0.06925236381172176,
      "rev_growth_yoy_accel": -0.10539214991347023,
      "fcf_margin_change": -0.017150082003737938
    },
    {
      "date": "2022-06-30T00:00:00",
      "quarter_label": "2022-06 (Q2)",
      "revenue": 126902000,
      "gross_profit": 57422000,
      "operating_income": 5201000,
      "net_income": 2557000,
      "opex": 52221000,
      "cogs": 69480000,
      "rd": 9450000,
      "sga": null,
      "fcf": 10296000,
      "ocf": 13257000,
      "capex": -2961000,
      "gross_margin": 0.4524908984885975,
      "op_margin": 0.040984381648831385,
      "fcf_margin": 0.08113347307371042,
      "incr_op_margin_yoy": -2.8290088220031135,
      "rev_growth_yoy": 0.031321110460958326,
      "rev_growth_yoy_accel": -0.03793125335076343,
      "op_leverage_ratio": 0.24494940062406667,
      "fcf_margin_change": -0.03736726785793058
    },
    {
      "date": "2022-09-30T00:00:00",
      "quarter_label": "2022-09 (Q3)",
      "revenue": 121721000,
      "gross_profit": 53632000,
      "operating_income": 6058000,
      "net_income": 3951000,
      "opex": 47574000,
      "cogs": 68089000,
      "rd": 9309000,
      "sga": null,
      "fcf": 10140000,
      "ocf": 20524000,
      "capex": -10384000,
      "gross_margin": 0.44061419147065833,
      "op_margin": 0.04976955496586456,
      "fcf_margin": 0.083305263676769,
      "incr_op_margin_yoy": 0.23998895332781,
      "rev_growth_yoy": -0.028888959805970865,
      "rev_growth_yoy_accel": -0.06021007026692919,
      "fcf_margin_change": 0.002171790603058582
    },
    {
      "date": "2022-12-31T00:00:00",
      "quarter_label": "2022-12 (Q4)",
      "revenue": 115607000,
      "gross_profit": 48607000,
      "operating_income": -117132000,
      "net_income": -115065000,
      "opex": 165739000,
      "cogs": 67000000,
      "rd": 8906000,
      "sga": null,
      "fcf": 5243000,
      "ocf": 10515000,
      "capex": -5272000,
      "gross_margin": 0.4204503187523247,
      "op_margin": -1.0131912427448164,
      "fcf_margin": 0.04535192505644122,
      "incr_op_margin_yoy": 16.323761755485894,
      "rev_growth_yoy": -0.0645320515932741,
      "rev_growth_yoy_accel": -0.03564309178730324,
      "fcf_margin_change": -0.037953338620327785
    },
    {
      "date": "2023-03-31T00:00:00",
      "quarter_label": "2023-03 (Q1)",
      "revenue": 125859000,
      "gross_profit": 53776000,
      "operating_income": 3749000,
      "net_income": 2659000,
      "opex": 50027000,
      "cogs": 72083000,
      "rd": 10677000,
      "sga": null,
      "fcf": 19137000,
      "ocf": 22578000,
      "capex": -3441000,
      "gross_margin": 0.42727178827100165,
      "op_margin": 0.029787301662972054,
      "fcf_margin": 0.15205110480776107,
      "incr_op_margin_yoy": -2.4488468361916027,
      "rev_growth_yoy": 0.013618645705817924,
      "rev_growth_yoy_accel": 0.07815069729909202,
      "op_leverage_ratio": Infinity,
      "fcf_margin_change": 0.10669917975131984
    },
    {
      "date": "2023-06-30T00:00:00",
      "quarter_label": "2023-06 (Q2)",
      "revenue": 122265000,
      "gross_profit": 53123000,
      "operating_income": 5608000,
      "net_income": -383000,
      "opex": 47515000,
      "cogs": 69142000,
      "rd": 9865000,
      "sga": null,
      "fcf": 5901000,
      "ocf": 9289000,
      "capex": -3388000,
      "gross_margin": 0.43449065554328714,
      "op_margin": 0.04586758270968797,
      "fcf_margin": 0.048264016685069314,
      "incr_op_margin_yoy": -0.08777226655164977,
      "rev_growth_yoy": -0.036540007249688734,
      "rev_growth_yoy_accel": -0.05015865295550666,
      "fcf_margin_change": -0.10378708812269176
    },
    {
      "date": "2023-09-30T00:00:00",
      "quarter_label": "2023-09 (Q3)",
      "revenue": 130705000,
      "gross_profit": 59282000,
      "operating_income": 10415000,
      "net_income": 7954000,
      "opex": 48867000,
      "cogs": 71423000,
      "rd": 10105000,
      "sga": null,
      "fcf": 21073000,
      "ocf": 24179000,
      "capex": -3106000,
      "gross_margin": 0.4535557170727975,
      "op_margin": 0.07968325618759803,
      "fcf_margin": 0.1612256608392946,
      "incr_op_margin_yoy": 0.484973285841496,
      "rev_growth_yoy": 0.07380813499724781,
      "rev_growth_yoy_accel": 0.11034814224693654,
      "op_leverage_ratio": 2.4260197741979117,
      "fcf_margin_change": 0.11296164415422529
    },
    {
      "date": "2023-12-31T00:00:00",
      "quarter_label": "2023-12 (Q4)",
      "revenue": 125048000,
      "gross_profit": 55812000,
      "operating_income": 8395000,
      "net_income": 6990000,
      "opex": 47417000,
      "cogs": 69236000,
      "rd": 9488000,
      "sga": null,
      "fcf": -953000,
      "ocf": 17228000,
      "capex": -18181000,
      "gross_margin": 0.4463246113492419,
      "op_margin": 0.06713422045934361,
      "fcf_margin": -0.007621073507773015,
      "incr_op_margin_yoy": 13.29594322635314,
      "rev_growth_yoy": 0.0816646050844672,
      "rev_growth_yoy_accel": 0.007856470087219389,
      "fcf_margin_change": -0.16884673434706762
    },
    {
      "date": "2024-03-31T00:00:00",
      "quarter_label": "2024-03 (Q1)",
      "revenue": 127890000,
      "gross_profit": 57467000,
      "operating_income": 6827000,
      "net_income": 5268000,
      "opex": 50640000,
      "cogs": 70423000,
      "rd": 11167000,
      "sga": null,
      "fcf": 18751000,
      "ocf": 21338000,
      "capex": -2587000,
      "gross_margin": 0.44934709515990306,
      "op_margin": 0.053381812495112986,
      "fcf_margin": 0.146618187504887,
      "incr_op_margin_yoy": 1.515509601181684,
      "rev_growth_yoy": 0.016137105808881367,
      "rev_growth_yoy_accel": -0.06552749927558583,
      "op_leverage_ratio": 0.33436521591966833,
      "fcf_margin_change": 0.15423926101266003
    },
    {
      "date": "2024-06-30T00:00:00",
      "quarter_label": "2024-06 (Q2)",
      "revenue": 125631000,
      "gross_profit": 56546000,
      "operating_income": 5999000,
      "net_income": 4540000,
      "opex": 50547000,
      "cogs": 69085000,
      "rd": 10661000,
      "sga": null,
      "fcf": 10246000,
      "ocf": 14443000,
      "capex": -4197000,
      "gross_margin": 0.450095915816956,
      "op_margin": 0.04775095318830543,
      "fcf_margin": 0.081556303778526,
      "incr_op_margin_yoy": 0.11616161616161616,
      "rev_growth_yoy": 0.027530364372469637,
      "rev_growth_yoy_accel": 0.01139325856358827,
      "fcf_margin_change": -0.065061883726361
    },
    {
      "date": "2024-09-30T00:00:00",
      "quarter_label": "2024-09 (Q3)",
      "revenue": 125619000,
      "gross_profit": 57230000,
      "operating_income": 8580000,
      "net_income": 7189000,
      "opex": 48650000,
      "cogs": 68389000,
      "rd": 9772000,
      "sga": null,
      "fcf": 23199000,
      "ocf": 24754000,
      "capex": -1555000,
      "gross_margin": 0.45558394828807747,
      "op_margin": 0.06830176963675877,
      "fcf_margin": 0.1846774771332362,
      "incr_op_margin_yoy": 0.36079433739677547,
      "rev_growth_yoy": -0.03891205386174974,
      "rev_growth_yoy_accel": -0.06644241823421938,
      "fcf_margin_change": 0.1031211733547102
    },
    {
      "date": "2024-12-31T00:00:00",
      "quarter_label": "2024-12 (Q4)",
      "revenue": 121750000,
      "gross_profit": 51957000,
      "operating_income": -1495000,
      "net_income": -404000,
      "opex": 53452000,
      "cogs": 69793000,
      "rd": 9698000,
      "sga": null,
      "fcf": 16464000,
      "ocf": 17294000,
      "capex": -830000,
      "gross_margin": 0.42675154004106775,
      "op_margin": -0.012279260780287474,
      "fcf_margin": 0.13522792607802875,
      "incr_op_margin_yoy": 2.9987871437234688,
      "rev_growth_yoy": -0.026373872432985734,
      "rev_growth_yoy_accel": 0.01253818142876401,
      "fcf_margin_change": -0.04944955105520746
    },
    {
      "date": "2025-03-31T00:00:00",
      "quarter_label": "2025-03 (Q1)",
      "revenue": 126205000,
      "gross_profit": 55698000,
      "operating_income": 4531000,
      "net_income": 3599000,
      "opex": 51167000,
      "cogs": 70507000,
      "rd": 10609000,
      "sga": null,
      "fcf": 17117000,
      "ocf": 18379000,
      "capex": -1262000,
      "gross_margin": 0.4413295828215998,
      "op_margin": 0.035901905629729405,
      "fcf_margin": 0.13562854086605128,
      "incr_op_margin_yoy": 1.3626112759643918,
      "rev_growth_yoy": -0.013175385096567363,
      "rev_growth_yoy_accel": 0.01319848733641837,
      "op_leverage_ratio": Infinity,
      "fcf_margin_change": 0.0004006147880225297
    },
    {
      "date": "2025-06-30T00:00:00",
      "quarter_label": "2025-06 (Q2)",
      "revenue": 135063000,
      "gross_profit": 59774000,
      "operating_income": 4969000,
      "net_income": 4427000,
      "opex": 54805000,
      "cogs": 75289000,
      "rd": 11173000,
      "sga": null,
      "fcf": 9116000,
      "ocf": 10584000,
      "capex": -1468000,
      "gross_margin": 0.4425638405781006,
      "op_margin": 0.03679023862938036,
      "fcf_margin": 0.06749442852594716,
      "incr_op_margin_yoy": -0.10920271416454623,
      "rev_growth_yoy": 0.07507701124722402,
      "rev_growth_yoy_accel": 0.08825239634379138,
      "op_leverage_ratio": 0.9871573294572807,
      "fcf_margin_change": -0.06813411234010412
    },
    {
      "date": "2025-09-30T00:00:00",
      "quarter_label": "2025-09 (Q3)",
      "revenue": 135366000,
      "gross_profit": 61293000,
      "operating_income": 8810000,
      "net_income": 7216000,
      "opex": 52483000,
      "cogs": 74073000,
      "rd": 10705000,
      "sga": null,
      "fcf": 25028000,
      "ocf": 29090000,
      "capex": -4062000,
      "gross_margin": 0.4527946456274101,
      "op_margin": 0.06508281252308556,
      "fcf_margin": 0.18489133164901084,
      "incr_op_margin_yoy": 0.023597004206422488,
      "rev_growth_yoy": 0.07759176557686337,
      "rev_growth_yoy_accel": 0.0025147543296393515,
      "fcf_margin_change": 0.11739690312306368
    }
  ],
  "signals": [
    {
      "quarter": "2025-09 (Q3)",
      "signal": "FCF MARGIN EXPANSION",
      "detail": "FCF margin: +6.7% -> +18.5% (+11.7%)",
      "severity": "MEDIUM"
    },
    {
      "quarter": "2025-06 (Q2)",
      "signal": "YoY REVENUE GROWTH ACCELERATION",
      "detail": "YoY growth: +7.5% vs prior quarter YoY: -1.3% (accel: +8.8%)",
      "severity": "MEDIUM"
    },
    {
      "quarter": "2025-03 (Q1)",
      "signal": "INCREMENTAL MARGIN (YoY)",
      "detail": "YoY Incr OPM: +136.3% vs year-ago OPM: +5.3%",
      "severity": "HIGH"
    },
    {
      "quarter": "2025-03 (Q1)",
      "signal": "OP MARGIN TURNED POSITIVE (QoQ)",
      "detail": "Op margin: -1.2% -> +3.6%",
      "severity": "HIGH"
    },
    {
      "quarter": "2024-09 (Q3)",
      "signal": "FCF MARGIN EXPANSION",
      "detail": "FCF margin: +8.2% -> +18.5% (+10.3%)",
      "severity": "MEDIUM"
    },
    {
      "quarter": "2024-09 (Q3)",
      "signal": "YoY REVENUE GROWTH DECELERATION",
      "detail": "YoY growth: -3.9% vs prior quarter YoY: +2.8% (decel: -6.6%)",
      "severity": "WARNING"
    },
    {
      "quarter": "2024-09 (Q3)",
      "signal": "INCREMENTAL MARGIN (YoY)",
      "detail": "YoY Incr OPM: +36.1% vs year-ago OPM: +8.0%",
      "severity": "HIGH"
    },
    {
      "quarter": "2024-03 (Q1)",
      "signal": "FCF TURNED POSITIVE",
      "detail": "FCF margin: -0.8% -> +14.7%",
      "severity": "HIGH"
    },
    {
      "quarter": "2024-03 (Q1)",
      "signal": "YoY REVENUE GROWTH DECELERATION",
      "detail": "YoY growth: +1.6% vs prior quarter YoY: +8.2% (decel: -6.6%)",
      "severity": "WARNING"
    },
    {
      "quarter": "2024-03 (Q1)",
      "signal": "INCREMENTAL MARGIN (YoY)",
      "detail": "YoY Incr OPM: +151.6% vs year-ago OPM: +3.0%",
      "severity": "HIGH"
    },
    {
      "quarter": "2023-12 (Q4)",
      "signal": "OP MARGIN TURNED POSITIVE (YoY)",
      "detail": "Op margin: -101.3% (year-ago) -> +6.7%",
      "severity": "HIGH"
    },
    {
      "quarter": "2023-09 (Q3)",
      "signal": "FCF MARGIN EXPANSION",
      "detail": "FCF margin: +4.8% -> +16.1% (+11.3%)",
      "severity": "MEDIUM"
    },
    {
      "quarter": "2023-09 (Q3)",
      "signal": "OPERATING LEVERAGE",
      "detail": "Rev growth +6.9% vs OpEx growth +2.8% (leverage: 2.4x)",
      "severity": "MEDIUM"
    },
    {
      "quarter": "2023-09 (Q3)",
      "signal": "YoY REVENUE GROWTH ACCELERATION",
      "detail": "YoY growth: +7.4% vs prior quarter YoY: -3.7% (accel: +11.0%)",
      "severity": "MEDIUM"
    },
    {
      "quarter": "2023-09 (Q3)",
      "signal": "INCREMENTAL MARGIN (YoY)",
      "detail": "YoY Incr OPM: +48.5% vs year-ago OPM: +5.0%",
      "severity": "HIGH"
    },
    {
      "quarter": "2023-06 (Q2)",
      "signal": "YoY REVENUE GROWTH DECELERATION",
      "detail": "YoY growth: -3.7% vs prior quarter YoY: +1.4% (decel: -5.0%)",
      "severity": "WARNING"
    },
    {
      "quarter": "2023-03 (Q1)",
      "signal": "FCF MARGIN EXPANSION",
      "detail": "FCF margin: +4.5% -> +15.2% (+10.7%)",
      "severity": "MEDIUM"
    },
    {
      "quarter": "2023-03 (Q1)",
      "signal": "YoY REVENUE GROWTH ACCELERATION",
      "detail": "YoY growth: +1.4% vs prior quarter YoY: -6.5% (accel: +7.8%)",
      "severity": "MEDIUM"
    },
    {
      "quarter": "2023-03 (Q1)",
      "signal": "OP MARGIN TURNED POSITIVE (QoQ)",
      "detail": "Op margin: -101.3% -> +3.0%",
      "severity": "HIGH"
    },
    {
      "quarter": "2022-09 (Q3)",
      "signal": "YoY REVENUE GROWTH DECELERATION",
      "detail": "YoY growth: -2.9% vs prior quarter YoY: +3.1% (decel: -6.0%)",
      "severity": "WARNING"
    },
    {
      "quarter": "2022-09 (Q3)",
      "signal": "INCREMENTAL MARGIN (YoY)",
      "detail": "YoY Incr OPM: +24.0% vs year-ago OPM: +5.5%",
      "severity": "MEDIUM"
    },
    {
      "quarter": "2022-03 (Q1)",
      "signal": "YoY REVENUE GROWTH DECELERATION",
      "detail": "YoY growth: +6.9% vs prior quarter YoY: +17.5% (decel: -10.5%)",
      "severity": "WARNING"
    },
    {
      "quarter": "2022-03 (Q1)",
      "signal": "INCREMENTAL MARGIN (YoY)",
      "detail": "YoY Incr OPM: +45.1% vs year-ago OPM: +3.7%",
      "severity": "HIGH"
    },
    {
      "quarter": "2021-12 (Q4)",
      "signal": "FCF MARGIN EXPANSION",
      "detail": "FCF margin: +6.0% -> +13.6% (+7.6%)",
      "severity": "MEDIUM"
    },
    {
      "quarter": "2021-09 (Q3)",
      "signal": "FCF TURNED POSITIVE",
      "detail": "FCF margin: -2.5% -> +6.0%",
      "severity": "HIGH"
    }
  ],
  "data_quality": {
    "n_quarters": 20,
    "coverage": {
      "revenue": [
        20,
        20
      ],
      "gross_profit": [
        20,
        20
      ],
      "op_income": [
        20,
        20
      ],
      "fcf": [
        20,
        20
      ]
    },
    "gaps": [],
    "warnings": []
  },
  "market_cap": null,
  "source": "SEC EDGAR",
  "last_updated": "2026-02-02T21:54:42.068664"
}