{
  "ticker": "PRM",
  "name": "PERIMETER SOLUTIONS, INC.",
  "quarters": [
    {
      "date": "2020-09-30T00:00:00",
      "quarter_label": "2020-09 (Q3)",
      "revenue": 174259000,
      "gross_profit": 97995000,
      "operating_income": 75954000,
      "net_income": 52630000,
      "opex": 22041000,
      "cogs": 76264000,
      "rd": null,
      "sga": 8845000,
      "fcf": null,
      "ocf": null,
      "capex": null,
      "gross_margin": 0.5623525901101234,
      "op_margin": 0.4358684486884465,
      "fcf_margin": null
    },
    {
      "date": "2020-12-31T00:00:00",
      "quarter_label": "2020-12 (Q4)",
      "revenue": 55819000,
      "gross_profit": 23991000,
      "operating_income": -684000,
      "net_income": -6294000,
      "opex": 24675000,
      "cogs": 31828000,
      "rd": null,
      "sga": 11168000,
      "fcf": 37324000,
      "ocf": 39126000,
      "capex": -1802000,
      "gross_margin": 0.42979988892670956,
      "op_margin": -0.012253892043927695,
      "fcf_margin": 0.6686612085490603
    },
    {
      "date": "2021-03-31T00:00:00",
      "quarter_label": "2021-03 (Q1)",
      "revenue": 33925000,
      "gross_profit": 8951000,
      "operating_income": -13537000,
      "net_income": -18529000,
      "opex": 22488000,
      "cogs": 24974000,
      "rd": null,
      "sga": 8927000,
      "fcf": -1856000,
      "ocf": -182000,
      "capex": -1674000,
      "gross_margin": 0.26384672070744286,
      "op_margin": -0.3990272660280029,
      "fcf_margin": -0.05470891672807664,
      "fcf_margin_change": -0.723370125277137
    },
    {
      "date": "2021-06-30T00:00:00",
      "quarter_label": "2021-06 (Q2)",
      "revenue": 87121000,
      "gross_profit": 38281000,
      "operating_income": 6263000,
      "net_income": -3848000,
      "opex": 32018000,
      "cogs": 48840000,
      "rd": null,
      "sga": 18284000,
      "fcf": -12167000,
      "ocf": -10334000,
      "capex": -1833000,
      "gross_margin": 0.43940037419221545,
      "op_margin": 0.07188852285901218,
      "fcf_margin": -0.1396563400328279,
      "op_leverage_ratio": 3.70013059794111,
      "fcf_margin_change": -0.08494742330475126
    },
    {
      "date": "2021-09-30T00:00:00",
      "quarter_label": "2021-09 (Q3)",
      "revenue": 195414000,
      "gross_profit": 109333000,
      "operating_income": 80411000,
      "net_income": 52009000,
      "opex": 28922000,
      "cogs": 86081000,
      "rd": null,
      "sga": 15333000,
      "fcf": 41291000,
      "ocf": 42933000,
      "capex": -1642000,
      "gross_margin": 0.5594942020530771,
      "op_margin": 0.4114904766291054,
      "fcf_margin": 0.21130011155802553,
      "incr_op_margin_yoy": 0.210683053651619,
      "rev_growth_yoy": 0.12139975553629942,
      "op_leverage_ratio": Infinity,
      "fcf_margin_change": 0.3509564515908534
    },
    {
      "date": "2022-03-31T00:00:00",
      "quarter_label": "2022-03 (Q1)",
      "revenue": 57758000,
      "gross_profit": 13131000,
      "operating_income": 39120000,
      "net_income": 37811000,
      "opex": -25989000,
      "cogs": 44627000,
      "rd": null,
      "sga": 19808000,
      "fcf": -72209000,
      "ocf": -70896000,
      "capex": -1313000,
      "gross_margin": 0.2273451296790055,
      "op_margin": 0.677308771079331,
      "fcf_margin": -1.250199106617265,
      "incr_op_margin_yoy": 2.2094155163009273,
      "rev_growth_yoy": 0.7025202652910832,
      "rev_growth_yoy_accel": 0.5811205097547838,
      "fcf_margin_change": -1.4614992181752906
    },
    {
      "date": "2022-06-30T00:00:00",
      "quarter_label": "2022-06 (Q2)",
      "revenue": 100965000,
      "gross_profit": 28542000,
      "operating_income": 12331000,
      "net_income": 7223000,
      "opex": 16211000,
      "cogs": 72423000,
      "rd": null,
      "sga": 22614000,
      "fcf": -21148000,
      "ocf": -18455000,
      "capex": -2693000,
      "gross_margin": 0.28269202198781757,
      "op_margin": 0.12213143168424702,
      "fcf_margin": -0.20945872331996238,
      "incr_op_margin_yoy": 0.43831262640855245,
      "rev_growth_yoy": 0.15890543037843918,
      "rev_growth_yoy_accel": -0.5436148349126441,
      "op_leverage_ratio": Infinity,
      "fcf_margin_change": 1.0407403832973028
    },
    {
      "date": "2022-09-30T00:00:00",
      "quarter_label": "2022-09 (Q3)",
      "revenue": 160509000,
      "gross_profit": 85802000,
      "operating_income": 123447000,
      "net_income": 78711000,
      "opex": -37645000,
      "cogs": 74707000,
      "rd": null,
      "sga": 22381000,
      "fcf": 44149000,
      "ocf": 46167000,
      "capex": -2018000,
      "gross_margin": 0.5345619248764867,
      "op_margin": 0.7690970599779452,
      "fcf_margin": 0.275056227376658,
      "incr_op_margin_yoy": -1.2329465692594184,
      "rev_growth_yoy": -0.17862077435598267,
      "rev_growth_yoy_accel": -0.33752620473442185,
      "op_leverage_ratio": Infinity,
      "fcf_margin_change": 0.48451495069662043
    },
    {
      "date": "2022-12-31T00:00:00",
      "quarter_label": "2022-12 (Q4)",
      "revenue": 41273000,
      "gross_profit": 15177000,
      "operating_income": -44833000,
      "net_income": -31987000,
      "opex": 60010000,
      "cogs": 26096000,
      "rd": null,
      "sga": 9516000,
      "fcf": 423000,
      "ocf": 3012000,
      "capex": -2589000,
      "gross_margin": 0.3677222397208829,
      "op_margin": -1.0862549366413878,
      "fcf_margin": 0.010248830954861532,
      "fcf_margin_change": -0.2648073964217965
    },
    {
      "date": "2023-03-31T00:00:00",
      "quarter_label": "2023-03 (Q1)",
      "revenue": 43858000,
      "gross_profit": 12846000,
      "operating_income": 12852000,
      "net_income": 9431000,
      "opex": -6000,
      "cogs": 31012000,
      "rd": null,
      "sga": 10465000,
      "fcf": -34072000,
      "ocf": -31616000,
      "capex": -2456000,
      "gross_margin": 0.29289981303297,
      "op_margin": 0.29303661817684346,
      "fcf_margin": -0.7768708103424689,
      "incr_op_margin_yoy": 1.8897841726618705,
      "rev_growth_yoy": -0.240659302607431,
      "op_leverage_ratio": Infinity,
      "fcf_margin_change": -0.7871196412973304
    },
    {
      "date": "2023-06-30T00:00:00",
      "quarter_label": "2023-06 (Q2)",
      "revenue": 76137000,
      "gross_profit": 31997000,
      "operating_income": 63347000,
      "net_income": 52014000,
      "opex": -31350000,
      "cogs": 44140000,
      "rd": null,
      "sga": 14897000,
      "fcf": -43239000,
      "ocf": -41320000,
      "capex": -1919000,
      "gross_margin": 0.42025559189356027,
      "op_margin": 0.832013344366077,
      "fcf_margin": -0.567910477166161,
      "incr_op_margin_yoy": -2.0547768648300306,
      "rev_growth_yoy": -0.2459069974743723,
      "rev_growth_yoy_accel": -0.005247694866941294,
      "op_leverage_ratio": 0.00014088607832726487,
      "fcf_margin_change": 0.2089603331763078
    },
    {
      "date": "2023-09-30T00:00:00",
      "quarter_label": "2023-09 (Q3)",
      "revenue": 142658000,
      "gross_profit": 73301000,
      "operating_income": 27168000,
      "net_income": 19282000,
      "opex": 46133000,
      "cogs": 69357000,
      "rd": null,
      "sga": 16161000,
      "fcf": 60447000,
      "ocf": 62702000,
      "capex": -2255000,
      "gross_margin": 0.5138232696378752,
      "op_margin": 0.19044147541673093,
      "fcf_margin": 0.42371966521330734,
      "incr_op_margin_yoy": 5.393479356898773,
      "rev_growth_yoy": -0.11121494744842968,
      "rev_growth_yoy_accel": 0.13469205002594264,
      "op_leverage_ratio": Infinity,
      "fcf_margin_change": 0.9916301423794684
    },
    {
      "date": "2023-12-31T00:00:00",
      "quarter_label": "2023-12 (Q4)",
      "revenue": 59455000,
      "gross_profit": 20711000,
      "operating_income": -8917000,
      "net_income": -13241000,
      "opex": 29628000,
      "cogs": 38744000,
      "rd": null,
      "sga": 15550000,
      "fcf": 7622000,
      "ocf": 10427000,
      "capex": -2805000,
      "gross_margin": 0.348347489698091,
      "op_margin": -0.14997897569590446,
      "fcf_margin": 0.1281977966529308,
      "incr_op_margin_yoy": 1.975360246397536,
      "rev_growth_yoy": 0.44053012865553753,
      "rev_growth_yoy_accel": 0.5517450761039672,
      "fcf_margin_change": -0.29552186856037654
    },
    {
      "date": "2024-03-31T00:00:00",
      "quarter_label": "2024-03 (Q1)",
      "revenue": 59044000,
      "gross_profit": 20702000,
      "operating_income": -74864000,
      "net_income": -82558000,
      "opex": 95566000,
      "cogs": 38342000,
      "rd": null,
      "sga": 13462000,
      "fcf": 1233000,
      "ocf": 2786000,
      "capex": -1553000,
      "gross_margin": 0.35061987670212047,
      "op_margin": -1.267935776708895,
      "fcf_margin": 0.02088273152225459,
      "incr_op_margin_yoy": -5.776109574608192,
      "rev_growth_yoy": 0.3462538191435998,
      "rev_growth_yoy_accel": -0.09427630951193772,
      "fcf_margin_change": -0.10731506513067621
    },
    {
      "date": "2024-06-30T00:00:00",
      "quarter_label": "2024-06 (Q2)",
      "revenue": 127276000,
      "gross_profit": 73267000,
      "operating_income": 45018000,
      "net_income": 21650000,
      "opex": 28249000,
      "cogs": 54009000,
      "rd": null,
      "sga": 13906000,
      "fcf": 4989000,
      "ocf": 8632000,
      "capex": -3643000,
      "gross_margin": 0.5756544831704328,
      "op_margin": 0.35370376190326536,
      "fcf_margin": 0.039198277758571924,
      "incr_op_margin_yoy": -0.3584152994778936,
      "rev_growth_yoy": 0.6716708039455193,
      "rev_growth_yoy_accel": 0.32541698480191944,
      "op_leverage_ratio": Infinity,
      "fcf_margin_change": 0.018315546236317336
    },
    {
      "date": "2024-09-30T00:00:00",
      "quarter_label": "2024-09 (Q3)",
      "revenue": 288417000,
      "gross_profit": 181222000,
      "operating_income": -35239000,
      "net_income": -89167000,
      "opex": 216461000,
      "cogs": 107195000,
      "rd": null,
      "sga": 18520000,
      "fcf": 179082000,
      "ocf": 182957000,
      "capex": -3875000,
      "gross_margin": 0.6283332813253033,
      "op_margin": -0.12218073137159044,
      "fcf_margin": 0.6209134690396197,
      "incr_op_margin_yoy": -0.42815194945080576,
      "rev_growth_yoy": 1.0217373017987075,
      "rev_growth_yoy_accel": 0.3500664978531882,
      "op_leverage_ratio": 0.19002699708686283,
      "fcf_margin_change": 0.5817151912810479
    },
    {
      "date": "2024-12-31T00:00:00",
      "quarter_label": "2024-12 (Q4)",
      "revenue": 86231000,
      "gross_profit": 41895000,
      "operating_income": 61318000,
      "net_income": 144170000,
      "opex": -19423000,
      "cogs": 44336000,
      "rd": null,
      "sga": 21013000,
      "fcf": -12447000,
      "ocf": -5987000,
      "capex": -6460000,
      "gross_margin": 0.4858461574143869,
      "op_margin": 0.711089979241804,
      "fcf_margin": -0.1443448411824054,
      "incr_op_margin_yoy": 2.623057962354347,
      "rev_growth_yoy": 0.4503574131696241,
      "rev_growth_yoy_accel": -0.5713798886290834,
      "fcf_margin_change": -0.7652583102220252
    },
    {
      "date": "2025-03-31T00:00:00",
      "quarter_label": "2025-03 (Q1)",
      "revenue": 72030000,
      "gross_profit": 28153000,
      "operating_income": 77807000,
      "net_income": 56686000,
      "opex": -49654000,
      "cogs": 43877000,
      "rd": null,
      "sga": 16299000,
      "fcf": 18933000,
      "ocf": 23746000,
      "capex": -4813000,
      "gross_margin": 0.39085103429126755,
      "op_margin": 1.0802026933222268,
      "fcf_margin": 0.26284881299458557,
      "incr_op_margin_yoy": 11.756584013553057,
      "rev_growth_yoy": 0.21993767359934963,
      "rev_growth_yoy_accel": -0.23041973957027445,
      "fcf_margin_change": 0.40719365417699094
    },
    {
      "date": "2025-06-30T00:00:00",
      "quarter_label": "2025-06 (Q2)",
      "revenue": 162639000,
      "gross_profit": 101496000,
      "operating_income": -26226000,
      "net_income": -32161000,
      "opex": 127722000,
      "cogs": 61143000,
      "rd": null,
      "sga": 15967000,
      "fcf": -15616000,
      "ocf": -2852000,
      "capex": -12764000,
      "gross_margin": 0.6240569605076273,
      "op_margin": -0.1612528360356372,
      "fcf_margin": -0.09601633064640093,
      "incr_op_margin_yoy": -2.014648078500127,
      "rev_growth_yoy": 0.277844998271473,
      "rev_growth_yoy_accel": 0.057907324672123395,
      "op_leverage_ratio": Infinity,
      "fcf_margin_change": -0.3588651436409865
    },
    {
      "date": "2025-09-30T00:00:00",
      "quarter_label": "2025-09 (Q3)",
      "revenue": 315443000,
      "gross_profit": 199109000,
      "operating_income": -87347000,
      "net_income": -90660000,
      "opex": 286456000,
      "cogs": 116334000,
      "rd": null,
      "sga": 23477000,
      "fcf": 193633000,
      "ocf": 198655000,
      "capex": -5022000,
      "gross_margin": 0.6312043697276528,
      "op_margin": -0.2769026416816984,
      "fcf_margin": 0.6138446565623583,
      "incr_op_margin_yoy": -1.928069266632132,
      "rev_growth_yoy": 0.09370460132377773,
      "rev_growth_yoy_accel": -0.1841403969476953,
      "op_leverage_ratio": 0.7559721178260297,
      "fcf_margin_change": 0.7098609872087592
    }
  ],
  "signals": [
    {
      "quarter": "2025-09 (Q3)",
      "signal": "FCF TURNED POSITIVE",
      "detail": "FCF margin: -9.6% -> +61.4%",
      "severity": "HIGH"
    },
    {
      "quarter": "2025-09 (Q3)",
      "signal": "YoY REVENUE GROWTH DECELERATION",
      "detail": "YoY growth: +9.4% vs prior quarter YoY: +27.8% (decel: -18.4%)",
      "severity": "WARNING"
    },
    {
      "quarter": "2025-06 (Q2)",
      "signal": "GROSS MARGIN INFLECTION",
      "detail": "GM: +48.6% -> +39.1% -> +62.4% (reversal +23.3%)",
      "severity": "HIGH"
    },
    {
      "quarter": "2025-06 (Q2)",
      "signal": "YoY REVENUE GROWTH ACCELERATION",
      "detail": "YoY growth: +27.8% vs prior quarter YoY: +22.0% (accel: +5.8%)",
      "severity": "MEDIUM"
    },
    {
      "quarter": "2025-03 (Q1)",
      "signal": "FCF TURNED POSITIVE",
      "detail": "FCF margin: -14.4% -> +26.3%",
      "severity": "HIGH"
    },
    {
      "quarter": "2025-03 (Q1)",
      "signal": "YoY REVENUE GROWTH DECELERATION",
      "detail": "YoY growth: +22.0% vs prior quarter YoY: +45.0% (decel: -23.0%)",
      "severity": "WARNING"
    },
    {
      "quarter": "2025-03 (Q1)",
      "signal": "OP MARGIN TURNED POSITIVE (YoY)",
      "detail": "Op margin: -126.8% (year-ago) -> +108.0%",
      "severity": "HIGH"
    },
    {
      "quarter": "2024-12 (Q4)",
      "signal": "YoY REVENUE GROWTH DECELERATION",
      "detail": "YoY growth: +45.0% vs prior quarter YoY: +102.2% (decel: -57.1%)",
      "severity": "WARNING"
    },
    {
      "quarter": "2024-12 (Q4)",
      "signal": "OP MARGIN TURNED POSITIVE (YoY)",
      "detail": "Op margin: -15.0% (year-ago) -> +71.1%",
      "severity": "HIGH"
    },
    {
      "quarter": "2024-12 (Q4)",
      "signal": "OP MARGIN TURNED POSITIVE (QoQ)",
      "detail": "Op margin: -12.2% -> +71.1%",
      "severity": "HIGH"
    },
    {
      "quarter": "2024-09 (Q3)",
      "signal": "FCF MARGIN EXPANSION",
      "detail": "FCF margin: +3.9% -> +62.1% (+58.2%)",
      "severity": "MEDIUM"
    },
    {
      "quarter": "2024-09 (Q3)",
      "signal": "YoY REVENUE GROWTH ACCELERATION",
      "detail": "YoY growth: +102.2% vs prior quarter YoY: +67.2% (accel: +35.0%)",
      "severity": "HIGH"
    },
    {
      "quarter": "2024-06 (Q2)",
      "signal": "YoY REVENUE GROWTH ACCELERATION",
      "detail": "YoY growth: +67.2% vs prior quarter YoY: +34.6% (accel: +32.5%)",
      "severity": "HIGH"
    },
    {
      "quarter": "2024-06 (Q2)",
      "signal": "OP MARGIN TURNED POSITIVE (QoQ)",
      "detail": "Op margin: -126.8% -> +35.4%",
      "severity": "HIGH"
    },
    {
      "quarter": "2024-03 (Q1)",
      "signal": "YoY REVENUE GROWTH DECELERATION",
      "detail": "YoY growth: +34.6% vs prior quarter YoY: +44.1% (decel: -9.4%)",
      "severity": "WARNING"
    },
    {
      "quarter": "2023-12 (Q4)",
      "signal": "YoY REVENUE GROWTH ACCELERATION",
      "detail": "YoY growth: +44.1% vs prior quarter YoY: -11.1% (accel: +55.2%)",
      "severity": "HIGH"
    },
    {
      "quarter": "2023-09 (Q3)",
      "signal": "FCF TURNED POSITIVE",
      "detail": "FCF margin: -56.8% -> +42.4%",
      "severity": "HIGH"
    },
    {
      "quarter": "2023-09 (Q3)",
      "signal": "YoY REVENUE GROWTH ACCELERATION",
      "detail": "YoY growth: -11.1% vs prior quarter YoY: -24.6% (accel: +13.5%)",
      "severity": "MEDIUM"
    },
    {
      "quarter": "2023-09 (Q3)",
      "signal": "INCREMENTAL MARGIN (YoY)",
      "detail": "YoY Incr OPM: +539.3% vs year-ago OPM: +76.9%",
      "severity": "HIGH"
    },
    {
      "quarter": "2023-06 (Q2)",
      "signal": "FCF MARGIN EXPANSION",
      "detail": "FCF margin: -77.7% -> -56.8% (+20.9%)",
      "severity": "MEDIUM"
    },
    {
      "quarter": "2023-06 (Q2)",
      "signal": "GROSS MARGIN INFLECTION",
      "detail": "GM: +36.8% -> +29.3% -> +42.0% (reversal +12.7%)",
      "severity": "HIGH"
    },
    {
      "quarter": "2023-03 (Q1)",
      "signal": "INCREMENTAL MARGIN (YoY)",
      "detail": "YoY Incr OPM: +189.0% vs year-ago OPM: +67.7%",
      "severity": "HIGH"
    },
    {
      "quarter": "2023-03 (Q1)",
      "signal": "OP MARGIN TURNED POSITIVE (QoQ)",
      "detail": "Op margin: -108.6% -> +29.3%",
      "severity": "HIGH"
    },
    {
      "quarter": "2022-09 (Q3)",
      "signal": "FCF TURNED POSITIVE",
      "detail": "FCF margin: -20.9% -> +27.5%",
      "severity": "HIGH"
    },
    {
      "quarter": "2022-09 (Q3)",
      "signal": "YoY REVENUE GROWTH DECELERATION",
      "detail": "YoY growth: -17.9% vs prior quarter YoY: +15.9% (decel: -33.8%)",
      "severity": "WARNING"
    },
    {
      "quarter": "2022-06 (Q2)",
      "signal": "FCF MARGIN EXPANSION",
      "detail": "FCF margin: -125.0% -> -20.9% (+104.1%)",
      "severity": "MEDIUM"
    },
    {
      "quarter": "2022-06 (Q2)",
      "signal": "GROSS MARGIN INFLECTION",
      "detail": "GM: +55.9% -> +22.7% -> +28.3% (reversal +5.5%)",
      "severity": "HIGH"
    },
    {
      "quarter": "2022-06 (Q2)",
      "signal": "YoY REVENUE GROWTH DECELERATION",
      "detail": "YoY growth: +15.9% vs prior quarter YoY: +70.3% (decel: -54.4%)",
      "severity": "WARNING"
    },
    {
      "quarter": "2022-06 (Q2)",
      "signal": "INCREMENTAL MARGIN (YoY)",
      "detail": "YoY Incr OPM: +43.8% vs year-ago OPM: +7.2%",
      "severity": "HIGH"
    },
    {
      "quarter": "2022-03 (Q1)",
      "signal": "YoY REVENUE GROWTH ACCELERATION",
      "detail": "YoY growth: +70.3% vs prior quarter YoY: +12.1% (accel: +58.1%)",
      "severity": "HIGH"
    },
    {
      "quarter": "2022-03 (Q1)",
      "signal": "OP MARGIN TURNED POSITIVE (YoY)",
      "detail": "Op margin: -39.9% (year-ago) -> +67.7%",
      "severity": "HIGH"
    },
    {
      "quarter": "2021-09 (Q3)",
      "signal": "FCF TURNED POSITIVE",
      "detail": "FCF margin: -14.0% -> +21.1%",
      "severity": "HIGH"
    },
    {
      "quarter": "2021-06 (Q2)",
      "signal": "OPERATING LEVERAGE",
      "detail": "Rev growth +156.8% vs OpEx growth +42.4% (leverage: 3.7x)",
      "severity": "MEDIUM"
    },
    {
      "quarter": "2021-06 (Q2)",
      "signal": "GROSS MARGIN INFLECTION",
      "detail": "GM: +43.0% -> +26.4% -> +43.9% (reversal +17.6%)",
      "severity": "HIGH"
    },
    {
      "quarter": "2021-06 (Q2)",
      "signal": "OP MARGIN TURNED POSITIVE (QoQ)",
      "detail": "Op margin: -39.9% -> +7.2%",
      "severity": "HIGH"
    }
  ],
  "data_quality": {
    "n_quarters": 20,
    "coverage": {
      "revenue": [
        20,
        20
      ],
      "gross_profit": [
        20,
        20
      ],
      "op_income": [
        20,
        20
      ],
      "fcf": [
        19,
        20
      ]
    },
    "gaps": [
      [
        "2021-09 (Q3)",
        "2022-03 (Q1)",
        182
      ]
    ],
    "warnings": [
      "gap: 1Q missing between 2021-09 (Q3) and 2022-03 (Q1)"
    ]
  },
  "market_cap": null,
  "source": "SEC EDGAR",
  "last_updated": "2026-02-02T21:13:29.484709"
}