{
  "ticker": "PRPL",
  "name": "PURPLE INNOVATION, INC.",
  "quarters": [
    {
      "date": "2020-12-31T00:00:00",
      "quarter_label": "2020-12 (Q4)",
      "revenue": 173889000,
      "gross_profit": 82030000,
      "operating_income": 7496000,
      "net_income": -2044000,
      "opex": 74534000,
      "cogs": 91859000,
      "rd": 1243000,
      "sga": null,
      "fcf": -19827000,
      "ocf": -6143000,
      "capex": -13684000,
      "gross_margin": 0.4717377177394775,
      "op_margin": 0.04310795967542513,
      "fcf_margin": -0.11402101340510326
    },
    {
      "date": "2021-03-31T00:00:00",
      "quarter_label": "2021-03 (Q1)",
      "revenue": 186429000,
      "gross_profit": 87524000,
      "operating_income": 16907000,
      "net_income": 20824000,
      "opex": 70617000,
      "cogs": 98905000,
      "rd": 1723000,
      "sga": null,
      "fcf": -21676000,
      "ocf": -9391000,
      "capex": -12285000,
      "gross_margin": 0.4694763153801179,
      "op_margin": 0.09068868040916381,
      "fcf_margin": -0.11626946451464096,
      "op_leverage_ratio": Infinity,
      "fcf_margin_change": -0.002248451109537697
    },
    {
      "date": "2021-06-30T00:00:00",
      "quarter_label": "2021-06 (Q2)",
      "revenue": 182586000,
      "gross_profit": 81687000,
      "operating_income": -2541000,
      "net_income": 2578000,
      "opex": 84228000,
      "cogs": 100899000,
      "rd": 1923000,
      "sga": null,
      "fcf": 6983000,
      "ocf": 20860000,
      "capex": -13877000,
      "gross_margin": 0.4473891755118136,
      "op_margin": -0.013916729650685156,
      "fcf_margin": 0.03824499140131226,
      "fcf_margin_change": 0.15451445591595322
    },
    {
      "date": "2021-09-30T00:00:00",
      "quarter_label": "2021-09 (Q3)",
      "revenue": 170781000,
      "gross_profit": 61080000,
      "operating_income": -6582000,
      "net_income": 2171000,
      "opex": 67662000,
      "cogs": 109701000,
      "rd": 1784000,
      "sga": null,
      "fcf": -25321000,
      "ocf": -11337000,
      "capex": -13984000,
      "gross_margin": 0.3576510267535616,
      "op_margin": -0.03854058706764804,
      "fcf_margin": -0.148265907800048,
      "fcf_margin_change": -0.18651089920136027
    },
    {
      "date": "2021-12-31T00:00:00",
      "quarter_label": "2021-12 (Q4)",
      "revenue": 186431000,
      "gross_profit": 64683000,
      "operating_income": -31134000,
      "net_income": -21542000,
      "opex": 95817000,
      "cogs": 121748000,
      "rd": 1509000,
      "sga": null,
      "fcf": -44827000,
      "ocf": -31035000,
      "capex": -13792000,
      "gross_margin": 0.34695410098106,
      "op_margin": -0.1670001233700404,
      "fcf_margin": -0.24044820872065267,
      "incr_op_margin_yoy": -3.080051028544092,
      "rev_growth_yoy": 0.07212647148468276,
      "op_leverage_ratio": 0.22022371714799968,
      "fcf_margin_change": -0.09218230092060467
    },
    {
      "date": "2022-03-31T00:00:00",
      "quarter_label": "2022-03 (Q1)",
      "revenue": 143179000,
      "gross_profit": 51626000,
      "operating_income": -18364000,
      "net_income": -13502000,
      "opex": 69990000,
      "cogs": 91553000,
      "rd": 2143000,
      "sga": null,
      "fcf": -56912000,
      "ocf": -44281000,
      "capex": -12631000,
      "gross_margin": 0.36056963660872055,
      "op_margin": -0.1282590324000028,
      "fcf_margin": -0.39748845850299275,
      "incr_op_margin_yoy": 0.815514450867052,
      "rev_growth_yoy": -0.23199180385025936,
      "rev_growth_yoy_accel": -0.3041182753349421,
      "fcf_margin_change": -0.15704024978234007
    },
    {
      "date": "2022-06-30T00:00:00",
      "quarter_label": "2022-06 (Q2)",
      "revenue": 144109000,
      "gross_profit": 48812000,
      "operating_income": -12088000,
      "net_income": -8340000,
      "opex": 60900000,
      "cogs": 95297000,
      "rd": 1748000,
      "sga": null,
      "fcf": -20125000,
      "ocf": -8523000,
      "capex": -11602000,
      "gross_margin": 0.3387158331540709,
      "op_margin": -0.08388095122442041,
      "fcf_margin": -0.13965123621703016,
      "incr_op_margin_yoy": 0.24812225485354888,
      "rev_growth_yoy": -0.21073357212491647,
      "rev_growth_yoy_accel": 0.021258231725342885,
      "fcf_margin_change": 0.2578372222859626
    },
    {
      "date": "2022-09-30T00:00:00",
      "quarter_label": "2022-09 (Q3)",
      "revenue": 143280000,
      "gross_profit": 59413000,
      "operating_income": 1313000,
      "net_income": 2278000,
      "opex": 58100000,
      "cogs": 83867000,
      "rd": 1927000,
      "sga": null,
      "fcf": 15141000,
      "ocf": 22330000,
      "capex": -7189000,
      "gross_margin": 0.4146635957565606,
      "op_margin": 0.009163874930206588,
      "fcf_margin": 0.10567420435510888,
      "incr_op_margin_yoy": -0.28708046980109814,
      "rev_growth_yoy": -0.16103079382366892,
      "rev_growth_yoy_accel": 0.04970277830124756,
      "fcf_margin_change": 0.24532544057213904
    },
    {
      "date": "2022-12-31T00:00:00",
      "quarter_label": "2022-12 (Q4)",
      "revenue": 145124000,
      "gross_profit": 50731000,
      "operating_income": -11124000,
      "net_income": -70125000,
      "opex": 61855000,
      "cogs": 94393000,
      "rd": 2937000,
      "sga": null,
      "fcf": -2253000,
      "ocf": 1701000,
      "capex": -3954000,
      "gross_margin": 0.34957002287698796,
      "op_margin": -0.07665169096772416,
      "fcf_margin": -0.015524654777982967,
      "incr_op_margin_yoy": -0.48442152661776455,
      "rev_growth_yoy": -0.2215672286261405,
      "rev_growth_yoy_accel": -0.06053643480247159,
      "op_leverage_ratio": 0.1991322197613307,
      "fcf_margin_change": -0.12119885913309185
    },
    {
      "date": "2023-03-31T00:00:00",
      "quarter_label": "2023-03 (Q1)",
      "revenue": 109372000,
      "gross_profit": 43223000,
      "operating_income": -21989000,
      "net_income": -23300000,
      "opex": 65212000,
      "cogs": 66149000,
      "rd": 3372000,
      "sga": null,
      "fcf": -16446000,
      "ocf": -13503000,
      "capex": -2943000,
      "gross_margin": 0.3951925538529057,
      "op_margin": -0.20104780016823318,
      "fcf_margin": -0.15036755293859488,
      "incr_op_margin_yoy": 0.10722631407696631,
      "rev_growth_yoy": -0.23611702833516088,
      "rev_growth_yoy_accel": -0.014549799709020372,
      "fcf_margin_change": -0.13484289816061193
    },
    {
      "date": "2023-06-30T00:00:00",
      "quarter_label": "2023-06 (Q2)",
      "revenue": 120872000,
      "gross_profit": 38464000,
      "operating_income": -37277000,
      "net_income": -37509000,
      "opex": 75741000,
      "cogs": 82408000,
      "rd": 2925000,
      "sga": null,
      "fcf": -27050000,
      "ocf": -24550000,
      "capex": -2500000,
      "gross_margin": 0.31822092792375406,
      "op_margin": -0.30840062214574093,
      "fcf_margin": -0.22379045601959097,
      "incr_op_margin_yoy": 1.0840039592029953,
      "rev_growth_yoy": -0.1612460012906897,
      "rev_growth_yoy_accel": 0.07487102704447118,
      "op_leverage_ratio": 0.6512265240044731,
      "fcf_margin_change": -0.07342290308099608
    },
    {
      "date": "2023-09-30T00:00:00",
      "quarter_label": "2023-09 (Q3)",
      "revenue": 139996000,
      "gross_profit": 47309000,
      "operating_income": -32614000,
      "net_income": -36004000,
      "opex": 79923000,
      "cogs": 92687000,
      "rd": 2704000,
      "sga": null,
      "fcf": -21081000,
      "ocf": -17755000,
      "capex": -3326000,
      "gross_margin": 0.3379310837452499,
      "op_margin": -0.23296379896568473,
      "fcf_margin": -0.15058287379639418,
      "incr_op_margin_yoy": 10.330998781973204,
      "rev_growth_yoy": -0.022920156337241763,
      "rev_growth_yoy_accel": 0.13832584495344794,
      "op_leverage_ratio": 2.8654974948658594,
      "fcf_margin_change": 0.07320758222319679
    },
    {
      "date": "2023-12-31T00:00:00",
      "quarter_label": "2023-12 (Q4)",
      "revenue": 145936000,
      "gross_profit": 48464000,
      "operating_income": -16196000,
      "net_income": -18333000,
      "opex": 64660000,
      "cogs": 97472000,
      "rd": 2897000,
      "sga": null,
      "fcf": -4476000,
      "ocf": 1146000,
      "capex": -5622000,
      "gross_margin": 0.3320907795197895,
      "op_margin": -0.1109801556846837,
      "fcf_margin": -0.030670979059313673,
      "rev_growth_yoy": 0.0055952151263746865,
      "rev_growth_yoy_accel": 0.02851537146361645,
      "op_leverage_ratio": Infinity,
      "fcf_margin_change": 0.1199118947370805
    },
    {
      "date": "2024-03-31T00:00:00",
      "quarter_label": "2024-03 (Q1)",
      "revenue": 120033000,
      "gross_profit": 41720000,
      "operating_income": -23136000,
      "net_income": -50217000,
      "opex": 64856000,
      "cogs": 78313000,
      "rd": 3666000,
      "sga": null,
      "fcf": -19852000,
      "ocf": -16814000,
      "capex": -3038000,
      "gross_margin": 0.3475710846183966,
      "op_margin": -0.19274699457649147,
      "fcf_margin": -0.16538785167412295,
      "incr_op_margin_yoy": -0.10758840634086858,
      "rev_growth_yoy": 0.09747467359104707,
      "rev_growth_yoy_accel": 0.09187945846467238,
      "fcf_margin_change": -0.13471687261480927
    },
    {
      "date": "2024-06-30T00:00:00",
      "quarter_label": "2024-06 (Q2)",
      "revenue": 120271000,
      "gross_profit": 48940000,
      "operating_income": -14540000,
      "net_income": 27000,
      "opex": 63480000,
      "cogs": 71331000,
      "rd": 3986000,
      "sga": null,
      "fcf": -11020000,
      "ocf": -8916000,
      "capex": -2104000,
      "gross_margin": 0.40691438501384375,
      "op_margin": -0.12089364851044725,
      "fcf_margin": -0.09162641035661132,
      "rev_growth_yoy": -0.004972201998808657,
      "rev_growth_yoy_accel": -0.10244687558985573,
      "fcf_margin_change": 0.07376144131751164
    },
    {
      "date": "2024-09-30T00:00:00",
      "quarter_label": "2024-09 (Q3)",
      "revenue": 118598000,
      "gross_profit": 35193000,
      "operating_income": -46813000,
      "net_income": -39228000,
      "opex": 82006000,
      "cogs": 83405000,
      "rd": 2920000,
      "sga": null,
      "fcf": 101000,
      "ocf": 1119000,
      "capex": -1018000,
      "gross_margin": 0.29674193493988094,
      "op_margin": -0.3947199784144758,
      "fcf_margin": 0.0008516163847619691,
      "incr_op_margin_yoy": 0.6635666884755584,
      "rev_growth_yoy": -0.1528472242064059,
      "rev_growth_yoy_accel": -0.14787502220759724,
      "fcf_margin_change": 0.09247802674137329
    },
    {
      "date": "2024-12-31T00:00:00",
      "quarter_label": "2024-12 (Q4)",
      "revenue": 128975000,
      "gross_profit": 55279000,
      "operating_income": -7694000,
      "net_income": -8479000,
      "opex": 62973000,
      "cogs": 73696000,
      "rd": 2390000,
      "sga": null,
      "fcf": 5677000,
      "ocf": 6761000,
      "capex": -1084000,
      "gross_margin": 0.42860244233378564,
      "op_margin": -0.059654971893777865,
      "fcf_margin": 0.04401628222523745,
      "incr_op_margin_yoy": -0.5012676139378575,
      "rev_growth_yoy": -0.11622217958557175,
      "rev_growth_yoy_accel": 0.036625044620834143,
      "op_leverage_ratio": Infinity,
      "fcf_margin_change": 0.04316466584047548
    },
    {
      "date": "2025-03-31T00:00:00",
      "quarter_label": "2025-03 (Q1)",
      "revenue": 104171000,
      "gross_profit": 41046000,
      "operating_income": -14479000,
      "net_income": -19137000,
      "opex": 55525000,
      "cogs": 63125000,
      "rd": 2452000,
      "sga": null,
      "fcf": -25311000,
      "ocf": -23070000,
      "capex": -2241000,
      "gross_margin": 0.3940252085513243,
      "op_margin": -0.13899261790709508,
      "fcf_margin": -0.24297549221952366,
      "incr_op_margin_yoy": -0.5457697642163661,
      "rev_growth_yoy": -0.132146992910283,
      "rev_growth_yoy_accel": -0.015924813324711254,
      "fcf_margin_change": -0.2869917744447611
    },
    {
      "date": "2025-06-30T00:00:00",
      "quarter_label": "2025-06 (Q2)",
      "revenue": 105100000,
      "gross_profit": 37683000,
      "operating_income": -14239000,
      "net_income": -17345000,
      "opex": 51922000,
      "cogs": 67417000,
      "rd": 2178000,
      "sga": null,
      "fcf": -6973000,
      "ocf": -3992000,
      "capex": -2981000,
      "gross_margin": 0.3585442435775452,
      "op_margin": -0.13548049476688867,
      "fcf_margin": -0.06634633682207422,
      "incr_op_margin_yoy": -0.019840485136114958,
      "rev_growth_yoy": -0.12614013353177408,
      "rev_growth_yoy_accel": 0.006006859378508922,
      "fcf_margin_change": 0.17662915539744944
    },
    {
      "date": "2025-09-30T00:00:00",
      "quarter_label": "2025-09 (Q3)",
      "revenue": 118766000,
      "gross_profit": 50851000,
      "operating_income": -12126000,
      "net_income": -11720000,
      "opex": 62977000,
      "cogs": 67915000,
      "rd": 2367000,
      "sga": null,
      "fcf": -1822000,
      "ocf": -968000,
      "capex": -854000,
      "gross_margin": 0.42816125827256957,
      "op_margin": -0.10209992758870384,
      "fcf_margin": -0.015341090884596603,
      "rev_growth_yoy": 0.0014165500261387207,
      "rev_growth_yoy_accel": 0.1275566835579128,
      "op_leverage_ratio": 0.6107048461524227,
      "fcf_margin_change": 0.051005245937477614
    }
  ],
  "signals": [
    {
      "quarter": "2025-09 (Q3)",
      "signal": "FCF MARGIN EXPANSION",
      "detail": "FCF margin: -6.6% -> -1.5% (+5.1%)",
      "severity": "MEDIUM"
    },
    {
      "quarter": "2025-09 (Q3)",
      "signal": "GROSS MARGIN INFLECTION",
      "detail": "GM: +39.4% -> +35.9% -> +42.8% (reversal +7.0%)",
      "severity": "HIGH"
    },
    {
      "quarter": "2025-09 (Q3)",
      "signal": "YoY REVENUE GROWTH ACCELERATION",
      "detail": "YoY growth: +0.1% vs prior quarter YoY: -12.6% (accel: +12.8%)",
      "severity": "MEDIUM"
    },
    {
      "quarter": "2025-06 (Q2)",
      "signal": "FCF MARGIN EXPANSION",
      "detail": "FCF margin: -24.3% -> -6.6% (+17.7%)",
      "severity": "MEDIUM"
    },
    {
      "quarter": "2024-12 (Q4)",
      "signal": "GROSS MARGIN INFLECTION",
      "detail": "GM: +40.7% -> +29.7% -> +42.9% (reversal +13.2%)",
      "severity": "HIGH"
    },
    {
      "quarter": "2024-09 (Q3)",
      "signal": "FCF TURNED POSITIVE",
      "detail": "FCF margin: -9.2% -> +0.1%",
      "severity": "HIGH"
    },
    {
      "quarter": "2024-09 (Q3)",
      "signal": "YoY REVENUE GROWTH DECELERATION",
      "detail": "YoY growth: -15.3% vs prior quarter YoY: -0.5% (decel: -14.8%)",
      "severity": "WARNING"
    },
    {
      "quarter": "2024-06 (Q2)",
      "signal": "FCF MARGIN EXPANSION",
      "detail": "FCF margin: -16.5% -> -9.2% (+7.4%)",
      "severity": "MEDIUM"
    },
    {
      "quarter": "2024-06 (Q2)",
      "signal": "YoY REVENUE GROWTH DECELERATION",
      "detail": "YoY growth: -0.5% vs prior quarter YoY: +9.7% (decel: -10.2%)",
      "severity": "WARNING"
    },
    {
      "quarter": "2024-03 (Q1)",
      "signal": "YoY REVENUE GROWTH ACCELERATION",
      "detail": "YoY growth: +9.7% vs prior quarter YoY: +0.6% (accel: +9.2%)",
      "severity": "MEDIUM"
    },
    {
      "quarter": "2023-12 (Q4)",
      "signal": "FCF MARGIN EXPANSION",
      "detail": "FCF margin: -15.1% -> -3.1% (+12.0%)",
      "severity": "MEDIUM"
    },
    {
      "quarter": "2023-09 (Q3)",
      "signal": "FCF MARGIN EXPANSION",
      "detail": "FCF margin: -22.4% -> -15.1% (+7.3%)",
      "severity": "MEDIUM"
    },
    {
      "quarter": "2023-09 (Q3)",
      "signal": "OPERATING LEVERAGE",
      "detail": "Rev growth +15.8% vs OpEx growth +5.5% (leverage: 2.9x)",
      "severity": "MEDIUM"
    },
    {
      "quarter": "2023-09 (Q3)",
      "signal": "YoY REVENUE GROWTH ACCELERATION",
      "detail": "YoY growth: -2.3% vs prior quarter YoY: -16.1% (accel: +13.8%)",
      "severity": "MEDIUM"
    },
    {
      "quarter": "2023-06 (Q2)",
      "signal": "YoY REVENUE GROWTH ACCELERATION",
      "detail": "YoY growth: -16.1% vs prior quarter YoY: -23.6% (accel: +7.5%)",
      "severity": "MEDIUM"
    },
    {
      "quarter": "2023-03 (Q1)",
      "signal": "GROSS MARGIN INFLECTION",
      "detail": "GM: +41.5% -> +35.0% -> +39.5% (reversal +4.6%)",
      "severity": "MEDIUM"
    },
    {
      "quarter": "2022-12 (Q4)",
      "signal": "YoY REVENUE GROWTH DECELERATION",
      "detail": "YoY growth: -22.2% vs prior quarter YoY: -16.1% (decel: -6.1%)",
      "severity": "WARNING"
    },
    {
      "quarter": "2022-09 (Q3)",
      "signal": "FCF TURNED POSITIVE",
      "detail": "FCF margin: -14.0% -> +10.6%",
      "severity": "HIGH"
    },
    {
      "quarter": "2022-09 (Q3)",
      "signal": "GROSS MARGIN INFLECTION",
      "detail": "GM: +36.1% -> +33.9% -> +41.5% (reversal +7.6%)",
      "severity": "HIGH"
    },
    {
      "quarter": "2022-09 (Q3)",
      "signal": "OP MARGIN TURNED POSITIVE (YoY)",
      "detail": "Op margin: -3.9% (year-ago) -> +0.9%",
      "severity": "HIGH"
    },
    {
      "quarter": "2022-09 (Q3)",
      "signal": "OP MARGIN TURNED POSITIVE (QoQ)",
      "detail": "Op margin: -8.4% -> +0.9%",
      "severity": "HIGH"
    },
    {
      "quarter": "2022-06 (Q2)",
      "signal": "FCF MARGIN EXPANSION",
      "detail": "FCF margin: -39.7% -> -14.0% (+25.8%)",
      "severity": "MEDIUM"
    },
    {
      "quarter": "2022-03 (Q1)",
      "signal": "YoY REVENUE GROWTH DECELERATION",
      "detail": "YoY growth: -23.2% vs prior quarter YoY: +7.2% (decel: -30.4%)",
      "severity": "WARNING"
    },
    {
      "quarter": "2021-06 (Q2)",
      "signal": "FCF TURNED POSITIVE",
      "detail": "FCF margin: -11.6% -> +3.8%",
      "severity": "HIGH"
    }
  ],
  "data_quality": {
    "n_quarters": 20,
    "coverage": {
      "revenue": [
        20,
        20
      ],
      "gross_profit": [
        20,
        20
      ],
      "op_income": [
        20,
        20
      ],
      "fcf": [
        20,
        20
      ]
    },
    "gaps": [],
    "warnings": []
  },
  "market_cap": null,
  "source": "SEC EDGAR",
  "last_updated": "2026-02-02T23:28:26.448520"
}