{
  "ticker": "PRSI",
  "name": "PORTSMOUTH SQUARE, INC.",
  "quarters": [
    {
      "date": "2020-12-31T00:00:00",
      "quarter_label": "2020-12 (Q4)",
      "revenue": 3109000,
      "gross_profit": -2024000,
      "operating_income": -2741000,
      "net_income": -2985000,
      "opex": 5317000,
      "cogs": 5133000,
      "rd": null,
      "sga": null,
      "fcf": -5122000,
      "ocf": -4895000,
      "capex": -227000,
      "gross_margin": -0.651013187520103,
      "op_margin": -0.8816339659054359,
      "fcf_margin": -1.6474750723705371
    },
    {
      "date": "2021-03-31T00:00:00",
      "quarter_label": "2021-03 (Q1)",
      "revenue": 2902000,
      "gross_profit": -1088000,
      "operating_income": -1792000,
      "net_income": -1960000,
      "opex": 4191000,
      "cogs": 3990000,
      "rd": null,
      "sga": null,
      "fcf": -2605000,
      "ocf": -2448000,
      "capex": -157000,
      "gross_margin": -0.3749138525155066,
      "op_margin": -0.6175051688490696,
      "fcf_margin": -0.8976567884217781,
      "fcf_margin_change": 0.749818283948759
    },
    {
      "date": "2021-06-30T00:00:00",
      "quarter_label": "2021-06 (Q2)",
      "revenue": 5232000,
      "gross_profit": 1477000,
      "operating_income": 729000,
      "net_income": 2468000,
      "opex": 3990000,
      "cogs": 3755000,
      "rd": null,
      "sga": null,
      "fcf": -257000,
      "ocf": 321000,
      "capex": -578000,
      "gross_margin": 0.28230122324159024,
      "op_margin": 0.1393348623853211,
      "fcf_margin": -0.04912079510703364,
      "op_leverage_ratio": Infinity,
      "fcf_margin_change": 0.8485359933147445
    },
    {
      "date": "2021-09-30T00:00:00",
      "quarter_label": "2021-09 (Q3)",
      "revenue": 6805000,
      "gross_profit": 472000,
      "operating_income": -385000,
      "net_income": -1975000,
      "opex": 6661000,
      "cogs": 6333000,
      "rd": null,
      "sga": null,
      "fcf": -283000,
      "ocf": -43000,
      "capex": -240000,
      "gross_margin": 0.06936076414401175,
      "op_margin": -0.05657604702424688,
      "fcf_margin": -0.04158706833210874,
      "op_leverage_ratio": 0.4491175177492538,
      "fcf_margin_change": 0.0075337267749248996
    },
    {
      "date": "2021-12-31T00:00:00",
      "quarter_label": "2021-12 (Q4)",
      "revenue": 6348000,
      "gross_profit": -131000,
      "operating_income": -927000,
      "net_income": -960000,
      "opex": 6761000,
      "cogs": 6479000,
      "rd": null,
      "sga": null,
      "fcf": -4564000,
      "ocf": -3540000,
      "capex": -1024000,
      "gross_margin": -0.020636420919974797,
      "op_margin": -0.14603024574669188,
      "fcf_margin": -0.7189666036546944,
      "incr_op_margin_yoy": 0.5600493979623341,
      "rev_growth_yoy": 1.0418140881312319,
      "fcf_margin_change": -0.6773795353225857
    },
    {
      "date": "2022-03-31T00:00:00",
      "quarter_label": "2022-03 (Q1)",
      "revenue": 6632000,
      "gross_profit": 88000,
      "operating_income": -744000,
      "net_income": -1629000,
      "opex": -6826000,
      "cogs": 6544000,
      "rd": null,
      "sga": null,
      "fcf": -2156000,
      "ocf": -1726000,
      "capex": -430000,
      "gross_margin": 0.013268998793727383,
      "op_margin": -0.11218335343787696,
      "fcf_margin": -0.3250904704463209,
      "incr_op_margin_yoy": 0.2809651474530831,
      "rev_growth_yoy": 1.2853204686423156,
      "rev_growth_yoy_accel": 0.24350638051108375,
      "op_leverage_ratio": Infinity,
      "fcf_margin_change": 0.39387613320837356
    },
    {
      "date": "2022-06-30T00:00:00",
      "quarter_label": "2022-06 (Q2)",
      "revenue": 11749000,
      "gross_profit": 3654000,
      "operating_income": 2800000,
      "net_income": -2001000,
      "opex": -48829000,
      "cogs": 8095000,
      "rd": null,
      "sga": null,
      "fcf": 2316000,
      "ocf": 2548000,
      "capex": -232000,
      "gross_margin": 0.31100519193122816,
      "op_margin": 0.23831815473657333,
      "fcf_margin": 0.1971231594178228,
      "incr_op_margin_yoy": 0.3177842565597668,
      "rev_growth_yoy": 1.2456039755351682,
      "rev_growth_yoy_accel": -0.03971649310714742,
      "op_leverage_ratio": 0.12538825921647792,
      "fcf_margin_change": 0.5222136298641437
    },
    {
      "date": "2022-09-30T00:00:00",
      "quarter_label": "2022-09 (Q3)",
      "revenue": 12310000,
      "gross_profit": 3004000,
      "operating_income": 2068000,
      "net_income": -9000,
      "opex": -9615000,
      "cogs": 9306000,
      "rd": null,
      "sga": null,
      "fcf": 641000,
      "ocf": 2273000,
      "capex": -1632000,
      "gross_margin": 0.24402924451665312,
      "op_margin": 0.16799350121852152,
      "fcf_margin": 0.0520714865962632,
      "incr_op_margin_yoy": 0.4455949137148047,
      "rev_growth_yoy": 0.8089639970609845,
      "rev_growth_yoy_accel": -0.4366399784741837,
      "op_leverage_ratio": Infinity,
      "fcf_margin_change": -0.1450516728215596
    },
    {
      "date": "2022-12-31T00:00:00",
      "quarter_label": "2022-12 (Q4)",
      "revenue": 9892000,
      "gross_profit": 1166000,
      "operating_income": 14000,
      "net_income": -1320000,
      "opex": -9243000,
      "cogs": 8726000,
      "rd": null,
      "sga": null,
      "fcf": -2347000,
      "ocf": -1297000,
      "capex": -1050000,
      "gross_margin": 0.11787302871006874,
      "op_margin": 0.0014152850788515972,
      "fcf_margin": -0.2372624342903356,
      "incr_op_margin_yoy": 0.2655191873589165,
      "rev_growth_yoy": 0.5582860743541272,
      "rev_growth_yoy_accel": -0.2506779227068573,
      "fcf_margin_change": -0.2893339208865988
    },
    {
      "date": "2023-03-31T00:00:00",
      "quarter_label": "2023-03 (Q1)",
      "revenue": 10430000,
      "gross_profit": 2017000,
      "operating_income": 828000,
      "net_income": -1057000,
      "opex": -8909000,
      "cogs": 8413000,
      "rd": null,
      "sga": null,
      "fcf": -886000,
      "ocf": 563000,
      "capex": -1449000,
      "gross_margin": 0.1933844678811122,
      "op_margin": 0.07938638542665388,
      "fcf_margin": -0.08494726749760306,
      "incr_op_margin_yoy": 0.41390205371248023,
      "rev_growth_yoy": 0.5726779252110977,
      "rev_growth_yoy_accel": 0.014391850856970478,
      "op_leverage_ratio": Infinity,
      "fcf_margin_change": 0.15231516679273255
    },
    {
      "date": "2023-06-30T00:00:00",
      "quarter_label": "2023-06 (Q2)",
      "revenue": 9395000,
      "gross_profit": 1383000,
      "operating_income": 151000,
      "net_income": -10817000,
      "opex": -64016000,
      "cogs": 8012000,
      "rd": null,
      "sga": null,
      "fcf": -533000,
      "ocf": 1202000,
      "capex": -1735000,
      "gross_margin": 0.14720596061734964,
      "op_margin": 0.016072378924960086,
      "fcf_margin": -0.056732304417243216,
      "incr_op_margin_yoy": 1.1253186066270178,
      "rev_growth_yoy": -0.20035747723210487,
      "rev_growth_yoy_accel": -0.7730354024432026,
      "fcf_margin_change": 0.028214963080359846
    },
    {
      "date": "2023-09-30T00:00:00",
      "quarter_label": "2023-09 (Q3)",
      "revenue": 11093000,
      "gross_profit": 1812000,
      "operating_income": 672000,
      "net_income": -1560000,
      "opex": -9600000,
      "cogs": 9281000,
      "rd": null,
      "sga": null,
      "fcf": 577000,
      "ocf": 1332000,
      "capex": -755000,
      "gross_margin": 0.1633462543946633,
      "op_margin": 0.06057874335166321,
      "fcf_margin": 0.05201478409807987,
      "incr_op_margin_yoy": 1.1470829909613804,
      "rev_growth_yoy": -0.09886271324126726,
      "rev_growth_yoy_accel": 0.10149476399083761,
      "op_leverage_ratio": Infinity,
      "fcf_margin_change": 0.10874708851532308
    },
    {
      "date": "2023-12-31T00:00:00",
      "quarter_label": "2023-12 (Q4)",
      "revenue": 10225000,
      "gross_profit": 820000,
      "operating_income": -455000,
      "net_income": -2566000,
      "opex": -9839000,
      "cogs": 9405000,
      "rd": null,
      "sga": null,
      "fcf": -3079000,
      "ocf": -1915000,
      "capex": -1164000,
      "gross_margin": 0.08019559902200489,
      "op_margin": -0.04449877750611247,
      "fcf_margin": -0.3011246943765281,
      "rev_growth_yoy": 0.033663566518398705,
      "rev_growth_yoy_accel": 0.13252627975966597,
      "fcf_margin_change": -0.35313947847460797
    },
    {
      "date": "2024-03-31T00:00:00",
      "quarter_label": "2024-03 (Q1)",
      "revenue": 10758000,
      "gross_profit": 1519000,
      "operating_income": 358000,
      "net_income": -2871000,
      "opex": -9540000,
      "cogs": 9239000,
      "rd": null,
      "sga": null,
      "fcf": -701000,
      "ocf": 30000,
      "capex": -731000,
      "gross_margin": 0.14119724855921176,
      "op_margin": 0.03327756088492285,
      "fcf_margin": -0.06516081055958356,
      "rev_growth_yoy": 0.03144774688398849,
      "rev_growth_yoy_accel": -0.0022158196344102127,
      "op_leverage_ratio": Infinity,
      "fcf_margin_change": 0.23596388381694455
    },
    {
      "date": "2024-06-30T00:00:00",
      "quarter_label": "2024-06 (Q2)",
      "revenue": 9810000,
      "gross_profit": 1596000,
      "operating_income": 96000,
      "net_income": -4378000,
      "opex": -8842000,
      "cogs": 8214000,
      "rd": null,
      "sga": null,
      "fcf": -767000,
      "ocf": 661000,
      "capex": -1428000,
      "gross_margin": 0.16269113149847095,
      "op_margin": 0.009785932721712538,
      "fcf_margin": -0.0781855249745158,
      "rev_growth_yoy": 0.04417243214475785,
      "rev_growth_yoy_accel": 0.012724685260769357,
      "fcf_margin_change": -0.013024714414932234
    },
    {
      "date": "2024-09-30T00:00:00",
      "quarter_label": "2024-09 (Q3)",
      "revenue": 11820000,
      "gross_profit": 3028000,
      "operating_income": 1770000,
      "net_income": -1872000,
      "opex": -9147000,
      "cogs": 8792000,
      "rd": null,
      "sga": null,
      "fcf": 2690000,
      "ocf": 2958000,
      "capex": -268000,
      "gross_margin": 0.256175972927242,
      "op_margin": 0.14974619289340102,
      "fcf_margin": 0.22758037225042302,
      "rev_growth_yoy": 0.06553682502479041,
      "rev_growth_yoy_accel": 0.021364392880032564,
      "op_leverage_ratio": 5.939880683812102,
      "fcf_margin_change": 0.3057658972249388
    },
    {
      "date": "2024-12-31T00:00:00",
      "quarter_label": "2024-12 (Q4)",
      "revenue": 9965000,
      "gross_profit": 910000,
      "operating_income": -264000,
      "net_income": -4036000,
      "opex": -9351000,
      "cogs": 9055000,
      "rd": null,
      "sga": null,
      "fcf": -3327000,
      "ocf": -2981000,
      "capex": -346000,
      "gross_margin": 0.09131961866532864,
      "op_margin": -0.026492724535875565,
      "fcf_margin": -0.3338685398896136,
      "rev_growth_yoy": -0.025427872860635695,
      "rev_growth_yoy_accel": -0.0909646978854261,
      "fcf_margin_change": -0.5614489121400367
    },
    {
      "date": "2025-03-31T00:00:00",
      "quarter_label": "2025-03 (Q1)",
      "revenue": 12210000,
      "gross_profit": 2525000,
      "operating_income": 1264000,
      "net_income": -712000,
      "opex": -10072000,
      "cogs": 9685000,
      "rd": null,
      "sga": null,
      "fcf": -5509000,
      "ocf": -5212000,
      "capex": -297000,
      "gross_margin": 0.2067977067977068,
      "op_margin": 0.10352170352170352,
      "fcf_margin": -0.45118755118755116,
      "incr_op_margin_yoy": 0.6239669421487604,
      "rev_growth_yoy": 0.13496932515337423,
      "rev_growth_yoy_accel": 0.16039719801400992,
      "op_leverage_ratio": 2.9218763592128623,
      "fcf_margin_change": -0.11731901129793754
    },
    {
      "date": "2025-06-30T00:00:00",
      "quarter_label": "2025-06 (Q2)",
      "revenue": 12368000,
      "gross_profit": 2269000,
      "operating_income": 1101000,
      "net_income": -2490000,
      "opex": -3023000,
      "cogs": 10099000,
      "rd": null,
      "sga": null,
      "fcf": 1746000,
      "ocf": 3087000,
      "capex": -1341000,
      "gross_margin": 0.18345730918499353,
      "op_margin": 0.08902005174644244,
      "fcf_margin": 0.14117076326002587,
      "incr_op_margin_yoy": 0.39288506645817045,
      "rev_growth_yoy": 0.26075433231396533,
      "rev_growth_yoy_accel": 0.1257850071605911,
      "op_leverage_ratio": Infinity,
      "fcf_margin_change": 0.592358314447577
    },
    {
      "date": "2025-09-30T00:00:00",
      "quarter_label": "2025-09 (Q3)",
      "revenue": 12418000,
      "gross_profit": 1937000,
      "operating_income": 797000,
      "net_income": -2585000,
      "opex": -9167000,
      "cogs": 10481000,
      "rd": null,
      "sga": null,
      "fcf": -1591000,
      "ocf": -617000,
      "capex": -974000,
      "gross_margin": 0.1559832501207924,
      "op_margin": 0.06418102754066678,
      "fcf_margin": -0.12812047028507006,
      "rev_growth_yoy": 0.050592216582064295,
      "rev_growth_yoy_accel": -0.21016211573190102,
      "fcf_margin_change": -0.26929123354509593
    }
  ],
  "signals": [
    {
      "quarter": "2025-09 (Q3)",
      "signal": "YoY REVENUE GROWTH DECELERATION",
      "detail": "YoY growth: +5.1% vs prior quarter YoY: +26.1% (decel: -21.0%)",
      "severity": "WARNING"
    },
    {
      "quarter": "2025-06 (Q2)",
      "signal": "FCF TURNED POSITIVE",
      "detail": "FCF margin: -45.1% -> +14.1%",
      "severity": "HIGH"
    },
    {
      "quarter": "2025-06 (Q2)",
      "signal": "YoY REVENUE GROWTH ACCELERATION",
      "detail": "YoY growth: +26.1% vs prior quarter YoY: +13.5% (accel: +12.6%)",
      "severity": "MEDIUM"
    },
    {
      "quarter": "2025-06 (Q2)",
      "signal": "INCREMENTAL MARGIN (YoY)",
      "detail": "YoY Incr OPM: +39.3% vs year-ago OPM: +1.0%",
      "severity": "HIGH"
    },
    {
      "quarter": "2025-03 (Q1)",
      "signal": "OPERATING LEVERAGE",
      "detail": "Rev growth +22.5% vs OpEx growth +7.7% (leverage: 2.9x)",
      "severity": "MEDIUM"
    },
    {
      "quarter": "2025-03 (Q1)",
      "signal": "GROSS MARGIN INFLECTION",
      "detail": "GM: +25.6% -> +9.1% -> +20.7% (reversal +11.5%)",
      "severity": "HIGH"
    },
    {
      "quarter": "2025-03 (Q1)",
      "signal": "YoY REVENUE GROWTH ACCELERATION",
      "detail": "YoY growth: +13.5% vs prior quarter YoY: -2.5% (accel: +16.0%)",
      "severity": "HIGH"
    },
    {
      "quarter": "2025-03 (Q1)",
      "signal": "INCREMENTAL MARGIN (YoY)",
      "detail": "YoY Incr OPM: +62.4% vs year-ago OPM: +3.3%",
      "severity": "HIGH"
    },
    {
      "quarter": "2025-03 (Q1)",
      "signal": "OP MARGIN TURNED POSITIVE (QoQ)",
      "detail": "Op margin: -2.6% -> +10.4%",
      "severity": "HIGH"
    },
    {
      "quarter": "2024-12 (Q4)",
      "signal": "YoY REVENUE GROWTH DECELERATION",
      "detail": "YoY growth: -2.5% vs prior quarter YoY: +6.6% (decel: -9.1%)",
      "severity": "WARNING"
    },
    {
      "quarter": "2024-09 (Q3)",
      "signal": "FCF TURNED POSITIVE",
      "detail": "FCF margin: -7.8% -> +22.8%",
      "severity": "HIGH"
    },
    {
      "quarter": "2024-09 (Q3)",
      "signal": "OPERATING LEVERAGE",
      "detail": "Rev growth +20.5% vs OpEx growth +3.4% (leverage: 5.9x)",
      "severity": "MEDIUM"
    },
    {
      "quarter": "2024-03 (Q1)",
      "signal": "FCF MARGIN EXPANSION",
      "detail": "FCF margin: -30.1% -> -6.5% (+23.6%)",
      "severity": "MEDIUM"
    },
    {
      "quarter": "2024-03 (Q1)",
      "signal": "GROSS MARGIN INFLECTION",
      "detail": "GM: +16.3% -> +8.0% -> +14.1% (reversal +6.1%)",
      "severity": "HIGH"
    },
    {
      "quarter": "2024-03 (Q1)",
      "signal": "OP MARGIN TURNED POSITIVE (QoQ)",
      "detail": "Op margin: -4.4% -> +3.3%",
      "severity": "HIGH"
    },
    {
      "quarter": "2023-12 (Q4)",
      "signal": "YoY REVENUE GROWTH ACCELERATION",
      "detail": "YoY growth: +3.4% vs prior quarter YoY: -9.9% (accel: +13.3%)",
      "severity": "MEDIUM"
    },
    {
      "quarter": "2023-09 (Q3)",
      "signal": "FCF TURNED POSITIVE",
      "detail": "FCF margin: -5.7% -> +5.2%",
      "severity": "HIGH"
    },
    {
      "quarter": "2023-09 (Q3)",
      "signal": "YoY REVENUE GROWTH ACCELERATION",
      "detail": "YoY growth: -9.9% vs prior quarter YoY: -20.0% (accel: +10.1%)",
      "severity": "MEDIUM"
    },
    {
      "quarter": "2023-09 (Q3)",
      "signal": "INCREMENTAL MARGIN (YoY)",
      "detail": "YoY Incr OPM: +114.7% vs year-ago OPM: +16.8%",
      "severity": "HIGH"
    },
    {
      "quarter": "2023-06 (Q2)",
      "signal": "YoY REVENUE GROWTH DECELERATION",
      "detail": "YoY growth: -20.0% vs prior quarter YoY: +57.3% (decel: -77.3%)",
      "severity": "WARNING"
    },
    {
      "quarter": "2023-06 (Q2)",
      "signal": "INCREMENTAL MARGIN (YoY)",
      "detail": "YoY Incr OPM: +112.5% vs year-ago OPM: +23.8%",
      "severity": "HIGH"
    },
    {
      "quarter": "2023-03 (Q1)",
      "signal": "FCF MARGIN EXPANSION",
      "detail": "FCF margin: -23.7% -> -8.5% (+15.2%)",
      "severity": "MEDIUM"
    },
    {
      "quarter": "2023-03 (Q1)",
      "signal": "GROSS MARGIN INFLECTION",
      "detail": "GM: +24.4% -> +11.8% -> +19.3% (reversal +7.6%)",
      "severity": "HIGH"
    },
    {
      "quarter": "2023-03 (Q1)",
      "signal": "OP MARGIN TURNED POSITIVE (YoY)",
      "detail": "Op margin: -11.2% (year-ago) -> +7.9%",
      "severity": "HIGH"
    },
    {
      "quarter": "2022-12 (Q4)",
      "signal": "YoY REVENUE GROWTH DECELERATION",
      "detail": "YoY growth: +55.8% vs prior quarter YoY: +80.9% (decel: -25.1%)",
      "severity": "WARNING"
    },
    {
      "quarter": "2022-12 (Q4)",
      "signal": "OP MARGIN TURNED POSITIVE (YoY)",
      "detail": "Op margin: -14.6% (year-ago) -> +0.1%",
      "severity": "HIGH"
    },
    {
      "quarter": "2022-09 (Q3)",
      "signal": "YoY REVENUE GROWTH DECELERATION",
      "detail": "YoY growth: +80.9% vs prior quarter YoY: +124.6% (decel: -43.7%)",
      "severity": "WARNING"
    },
    {
      "quarter": "2022-09 (Q3)",
      "signal": "OP MARGIN TURNED POSITIVE (YoY)",
      "detail": "Op margin: -5.7% (year-ago) -> +16.8%",
      "severity": "HIGH"
    },
    {
      "quarter": "2022-06 (Q2)",
      "signal": "FCF TURNED POSITIVE",
      "detail": "FCF margin: -32.5% -> +19.7%",
      "severity": "HIGH"
    },
    {
      "quarter": "2022-06 (Q2)",
      "signal": "INCREMENTAL MARGIN (YoY)",
      "detail": "YoY Incr OPM: +31.8% vs year-ago OPM: +13.9%",
      "severity": "MEDIUM"
    },
    {
      "quarter": "2022-06 (Q2)",
      "signal": "OP MARGIN TURNED POSITIVE (QoQ)",
      "detail": "Op margin: -11.2% -> +23.8%",
      "severity": "HIGH"
    },
    {
      "quarter": "2022-03 (Q1)",
      "signal": "FCF MARGIN EXPANSION",
      "detail": "FCF margin: -71.9% -> -32.5% (+39.4%)",
      "severity": "MEDIUM"
    },
    {
      "quarter": "2022-03 (Q1)",
      "signal": "GROSS MARGIN INFLECTION",
      "detail": "GM: +6.9% -> -2.1% -> +1.3% (reversal +3.4%)",
      "severity": "MEDIUM"
    },
    {
      "quarter": "2022-03 (Q1)",
      "signal": "YoY REVENUE GROWTH ACCELERATION",
      "detail": "YoY growth: +128.5% vs prior quarter YoY: +104.2% (accel: +24.4%)",
      "severity": "HIGH"
    },
    {
      "quarter": "2021-06 (Q2)",
      "signal": "FCF MARGIN EXPANSION",
      "detail": "FCF margin: -89.8% -> -4.9% (+84.9%)",
      "severity": "MEDIUM"
    },
    {
      "quarter": "2021-06 (Q2)",
      "signal": "OP MARGIN TURNED POSITIVE (QoQ)",
      "detail": "Op margin: -61.8% -> +13.9%",
      "severity": "HIGH"
    },
    {
      "quarter": "2021-03 (Q1)",
      "signal": "FCF MARGIN EXPANSION",
      "detail": "FCF margin: -164.7% -> -89.8% (+75.0%)",
      "severity": "MEDIUM"
    }
  ],
  "data_quality": {
    "n_quarters": 20,
    "coverage": {
      "revenue": [
        20,
        20
      ],
      "gross_profit": [
        20,
        20
      ],
      "op_income": [
        20,
        20
      ],
      "fcf": [
        20,
        20
      ]
    },
    "gaps": [],
    "warnings": []
  },
  "market_cap": null,
  "source": "SEC EDGAR",
  "last_updated": "2026-02-03T00:19:34.316850"
}