{
  "ticker": "PRTH",
  "name": "Priority Technology Holdings, Inc.",
  "quarters": [
    {
      "date": "2020-12-31T00:00:00",
      "quarter_label": "2020-12 (Q4)",
      "revenue": 106091000,
      "gross_profit": 32450000,
      "operating_income": 6229000,
      "net_income": -1004000,
      "opex": 99862000,
      "cogs": 73641000,
      "rd": null,
      "sga": 6520000,
      "fcf": 321000,
      "ocf": 1771000,
      "capex": -1450000,
      "gross_margin": 0.30586948940060893,
      "op_margin": 0.058713745746576056,
      "fcf_margin": 0.0030257043481539433
    },
    {
      "date": "2021-03-31T00:00:00",
      "quarter_label": "2021-03 (Q1)",
      "revenue": 113297000,
      "gross_profit": 31434000,
      "operating_income": 4527000,
      "net_income": -2679000,
      "opex": 108770000,
      "cogs": 81863000,
      "rd": null,
      "sga": 8289000,
      "fcf": 6346000,
      "ocf": 9100000,
      "capex": -2754000,
      "gross_margin": 0.2774477700203889,
      "op_margin": 0.03995692736789147,
      "fcf_margin": 0.05601207445916485,
      "op_leverage_ratio": 0.7614401378704729,
      "fcf_margin_change": 0.05298637011101091
    },
    {
      "date": "2021-06-30T00:00:00",
      "quarter_label": "2021-06 (Q2)",
      "revenue": 125014000,
      "gross_profit": 35183000,
      "operating_income": 7405000,
      "net_income": -9477000,
      "opex": 117609000,
      "cogs": 89831000,
      "rd": null,
      "sga": 6704000,
      "fcf": -21349000,
      "ocf": -18881000,
      "capex": -2468000,
      "gross_margin": 0.281432479562289,
      "op_margin": 0.05923336586302334,
      "fcf_margin": -0.17077287343817493,
      "op_leverage_ratio": 1.2726354431531186,
      "fcf_margin_change": -0.22678494789733977
    },
    {
      "date": "2021-09-30T00:00:00",
      "quarter_label": "2021-09 (Q3)",
      "revenue": 132542000,
      "gross_profit": 39709000,
      "operating_income": 8250000,
      "net_income": -549000,
      "opex": 124292000,
      "cogs": 92833000,
      "rd": null,
      "sga": 7220000,
      "fcf": 4906000,
      "ocf": 7214000,
      "capex": -2308000,
      "gross_margin": 0.29959559988531936,
      "op_margin": 0.06224442063647749,
      "fcf_margin": 0.03701468213849195,
      "op_leverage_ratio": 1.0597173756970164,
      "fcf_margin_change": 0.2077875555766669
    },
    {
      "date": "2021-12-31T00:00:00",
      "quarter_label": "2021-12 (Q4)",
      "revenue": 144048000,
      "gross_profit": 48690000,
      "operating_income": 12911000,
      "net_income": null,
      "opex": 131137000,
      "cogs": 95358000,
      "rd": null,
      "sga": 6195000,
      "fcf": 9755000,
      "ocf": 11944000,
      "capex": -2189000,
      "gross_margin": 0.33801232922359215,
      "op_margin": 0.08962984560701988,
      "fcf_margin": 0.06772048206153504,
      "incr_op_margin_yoy": 0.17604130990331165,
      "rev_growth_yoy": 0.35777775683139945,
      "op_leverage_ratio": 1.576306164522526,
      "fcf_margin_change": 0.030705799923043092
    },
    {
      "date": "2022-03-31T00:00:00",
      "quarter_label": "2022-03 (Q1)",
      "revenue": 153239000,
      "gross_profit": 51759000,
      "operating_income": 10826000,
      "net_income": null,
      "opex": 142413000,
      "cogs": 101480000,
      "rd": null,
      "sga": 7503000,
      "fcf": 7243000,
      "ocf": 9613000,
      "capex": -2370000,
      "gross_margin": 0.3377664954743897,
      "op_margin": 0.07064781158843375,
      "fcf_margin": 0.047266035408740595,
      "incr_op_margin_yoy": 0.15770367032196686,
      "rev_growth_yoy": 0.3525424327210782,
      "rev_growth_yoy_accel": -0.005235324110321238,
      "op_leverage_ratio": 0.7420372551459631,
      "fcf_margin_change": -0.020454446652794445
    },
    {
      "date": "2022-06-30T00:00:00",
      "quarter_label": "2022-06 (Q2)",
      "revenue": 166430000,
      "gross_profit": 55681000,
      "operating_income": 13060000,
      "net_income": null,
      "opex": 153370000,
      "cogs": 110749000,
      "rd": null,
      "sga": 9346000,
      "fcf": 17080000,
      "ocf": 20721000,
      "capex": -3641000,
      "gross_margin": 0.33456107672895513,
      "op_margin": 0.0784714294297903,
      "fcf_margin": 0.10262572853451901,
      "incr_op_margin_yoy": 0.13654143326250726,
      "rev_growth_yoy": 0.331290895419713,
      "rev_growth_yoy_accel": -0.021251537301365198,
      "op_leverage_ratio": 1.1188358781908343,
      "fcf_margin_change": 0.05535969312577842
    },
    {
      "date": "2022-09-30T00:00:00",
      "quarter_label": "2022-09 (Q3)",
      "revenue": 166417000,
      "gross_profit": 58459000,
      "operating_income": 14080000,
      "net_income": null,
      "opex": 152337000,
      "cogs": 107958000,
      "rd": null,
      "sga": 10178000,
      "fcf": 14855000,
      "ocf": 20224000,
      "capex": -5369000,
      "gross_margin": 0.35128021776621376,
      "op_margin": 0.084606740897865,
      "fcf_margin": 0.08926371704813811,
      "incr_op_margin_yoy": 0.17210332103321033,
      "rev_growth_yoy": 0.2555793635225061,
      "rev_growth_yoy_accel": -0.07571153189720692,
      "fcf_margin_change": -0.0133620114863809
    },
    {
      "date": "2022-12-31T00:00:00",
      "quarter_label": "2022-12 (Q4)",
      "revenue": 177555000,
      "gross_profit": 60989000,
      "operating_income": 18199000,
      "net_income": null,
      "opex": 159356000,
      "cogs": 116566000,
      "rd": null,
      "sga": 7938000,
      "fcf": 12458000,
      "ocf": 19960000,
      "capex": -7502000,
      "gross_margin": 0.3434935653741094,
      "op_margin": 0.102497817577652,
      "fcf_margin": 0.07016417448114669,
      "incr_op_margin_yoy": 0.15781776942131495,
      "rev_growth_yoy": 0.23260996334555148,
      "rev_growth_yoy_accel": -0.02296940017695462,
      "op_leverage_ratio": 1.452578731995951,
      "fcf_margin_change": -0.019099542566991423
    },
    {
      "date": "2023-03-31T00:00:00",
      "quarter_label": "2023-03 (Q1)",
      "revenue": 185028000,
      "gross_profit": 63062000,
      "operating_income": 16848000,
      "net_income": null,
      "opex": 168180000,
      "cogs": 121966000,
      "rd": null,
      "sga": 9118000,
      "fcf": 22631000,
      "ocf": 27677000,
      "capex": -5046000,
      "gross_margin": 0.34082409148885573,
      "op_margin": 0.091056488747649,
      "fcf_margin": 0.12231121776163607,
      "incr_op_margin_yoy": 0.1894365975651955,
      "rev_growth_yoy": 0.20744719033666364,
      "rev_growth_yoy_accel": -0.025162773008887834,
      "op_leverage_ratio": 0.7600899602495701,
      "fcf_margin_change": 0.052147043280489386
    },
    {
      "date": "2023-06-30T00:00:00",
      "quarter_label": "2023-06 (Q2)",
      "revenue": 182290000,
      "gross_profit": 67009000,
      "operating_income": 19133000,
      "net_income": null,
      "opex": 163157000,
      "cogs": 115281000,
      "rd": null,
      "sga": 10787000,
      "fcf": 14357000,
      "ocf": 19180000,
      "capex": -4823000,
      "gross_margin": 0.3675955894453892,
      "op_margin": 0.1049591310549125,
      "fcf_margin": 0.07875912008338362,
      "incr_op_margin_yoy": 0.38291298865069356,
      "rev_growth_yoy": 0.09529531935348194,
      "rev_growth_yoy_accel": -0.1121518709831817,
      "fcf_margin_change": -0.04355209767825245
    },
    {
      "date": "2023-09-30T00:00:00",
      "quarter_label": "2023-09 (Q3)",
      "revenue": 189015000,
      "gross_profit": 72333000,
      "operating_income": 23506000,
      "net_income": null,
      "opex": 165509000,
      "cogs": 116682000,
      "rd": null,
      "sga": 11423000,
      "fcf": 20424000,
      "ocf": 25823000,
      "capex": -5399000,
      "gross_margin": 0.38268391397508134,
      "op_margin": 0.12436050048937915,
      "fcf_margin": 0.10805491627648599,
      "incr_op_margin_yoy": 0.41711655898752104,
      "rev_growth_yoy": 0.13579141554047963,
      "rev_growth_yoy_accel": 0.04049609618699769,
      "op_leverage_ratio": 2.5591623484930754,
      "fcf_margin_change": 0.029295796193102366
    },
    {
      "date": "2023-12-31T00:00:00",
      "quarter_label": "2023-12 (Q4)",
      "revenue": 199279000,
      "gross_profit": 72901000,
      "operating_income": 22037000,
      "net_income": null,
      "opex": 177242000,
      "cogs": 126378000,
      "rd": null,
      "sga": 14084000,
      "fcf": 2588000,
      "ocf": 8576000,
      "capex": -5988000,
      "gross_margin": 0.36582379478018257,
      "op_margin": 0.11058365407293293,
      "fcf_margin": 0.012986817477004602,
      "incr_op_margin_yoy": 0.1766709629902412,
      "rev_growth_yoy": 0.12235082087240573,
      "rev_growth_yoy_accel": -0.013440594668073902,
      "op_leverage_ratio": 0.7660073146660711,
      "fcf_margin_change": -0.09506809879948139
    },
    {
      "date": "2024-03-31T00:00:00",
      "quarter_label": "2024-03 (Q1)",
      "revenue": 205719000,
      "gross_profit": 76421000,
      "operating_income": 28023000,
      "net_income": null,
      "opex": 177696000,
      "cogs": 129298000,
      "rd": null,
      "sga": 10995000,
      "fcf": 6697000,
      "ocf": 13307000,
      "capex": -6610000,
      "gross_margin": 0.3714824590825349,
      "op_margin": 0.1362197949630321,
      "fcf_margin": 0.03255411507930721,
      "incr_op_margin_yoy": 0.5400898941568798,
      "rev_growth_yoy": 0.11182631817887022,
      "rev_growth_yoy_accel": -0.010524502693535512,
      "op_leverage_ratio": 12.61639045764386,
      "fcf_margin_change": 0.019567297602302608
    },
    {
      "date": "2024-06-30T00:00:00",
      "quarter_label": "2024-06 (Q2)",
      "revenue": 219867000,
      "gross_profit": 81749000,
      "operating_income": 33174000,
      "net_income": null,
      "opex": 186693000,
      "cogs": 138118000,
      "rd": null,
      "sga": 11212000,
      "fcf": 23592000,
      "ocf": 28700000,
      "capex": -5108000,
      "gross_margin": 0.3718111403712244,
      "op_margin": 0.1508821241932623,
      "fcf_margin": 0.10730123210850195,
      "incr_op_margin_yoy": 0.37365941932565133,
      "rev_growth_yoy": 0.20613857040978661,
      "rev_growth_yoy_accel": 0.0943122522309164,
      "op_leverage_ratio": 1.35831525406947,
      "fcf_margin_change": 0.07474711702919475
    },
    {
      "date": "2024-09-30T00:00:00",
      "quarter_label": "2024-09 (Q3)",
      "revenue": 227049000,
      "gross_profit": 85979000,
      "operating_income": 38085000,
      "net_income": null,
      "opex": 188964000,
      "cogs": 141070000,
      "rd": null,
      "sga": 12413000,
      "fcf": 14519000,
      "ocf": 19845000,
      "capex": -5326000,
      "gross_margin": 0.378680372959141,
      "op_margin": 0.16773912239208277,
      "fcf_margin": 0.0639465489828187,
      "incr_op_margin_yoy": 0.38331492874796236,
      "rev_growth_yoy": 0.2012221252281565,
      "rev_growth_yoy_accel": -0.004916445181630119,
      "op_leverage_ratio": 2.6853212611378203,
      "fcf_margin_change": -0.04335468312568326
    },
    {
      "date": "2024-12-31T00:00:00",
      "quarter_label": "2024-12 (Q4)",
      "revenue": 227067000,
      "gross_profit": 83932000,
      "operating_income": 34139000,
      "net_income": null,
      "opex": 192928000,
      "cogs": 143135000,
      "rd": null,
      "sga": 12783000,
      "fcf": 19108000,
      "ocf": 23757000,
      "capex": -4649000,
      "gross_margin": 0.36963539395861134,
      "op_margin": 0.15034769473327256,
      "fcf_margin": 0.0841513738235851,
      "incr_op_margin_yoy": 0.43551173168274077,
      "rev_growth_yoy": 0.13944269090069702,
      "rev_growth_yoy_accel": -0.06177943432745947,
      "fcf_margin_change": 0.02020482484076641
    },
    {
      "date": "2025-03-31T00:00:00",
      "quarter_label": "2025-03 (Q1)",
      "revenue": 224630000,
      "gross_profit": 87277000,
      "operating_income": 32625000,
      "net_income": null,
      "opex": 192005000,
      "cogs": 137353000,
      "rd": null,
      "sga": 15100000,
      "fcf": 4861000,
      "ocf": 9956000,
      "capex": -5095000,
      "gross_margin": 0.3885367048034546,
      "op_margin": 0.1452388371989494,
      "fcf_margin": 0.02164003027200285,
      "incr_op_margin_yoy": 0.2433504309661044,
      "rev_growth_yoy": 0.09192636557634443,
      "rev_growth_yoy_accel": -0.0475163253243526,
      "fcf_margin_change": -0.06251134355158225
    },
    {
      "date": "2025-06-30T00:00:00",
      "quarter_label": "2025-06 (Q2)",
      "revenue": 239812000,
      "gross_profit": 92413000,
      "operating_income": 37350000,
      "net_income": null,
      "opex": 202462000,
      "cogs": 147399000,
      "rd": null,
      "sga": 13910000,
      "fcf": 9231000,
      "ocf": 17124000,
      "capex": -7893000,
      "gross_margin": 0.3853560288892966,
      "op_margin": 0.15574700181809084,
      "fcf_margin": 0.03849265257785265,
      "incr_op_margin_yoy": 0.209375783404362,
      "rev_growth_yoy": 0.09071393160410612,
      "rev_growth_yoy_accel": -0.0012124339722383026,
      "op_leverage_ratio": 1.2409853661323085,
      "fcf_margin_change": 0.0168526223058498
    },
    {
      "date": "2025-09-30T00:00:00",
      "quarter_label": "2025-09 (Q3)",
      "revenue": 241439000,
      "gross_profit": 94758000,
      "operating_income": 37772000,
      "net_income": null,
      "opex": 203667000,
      "cogs": 146681000,
      "rd": null,
      "sga": 15724000,
      "fcf": 30117000,
      "ocf": 36081000,
      "capex": -5964000,
      "gross_margin": 0.3924718044723512,
      "op_margin": 0.15644531330895176,
      "fcf_margin": 0.124739582254731,
      "incr_op_margin_yoy": -0.021751216122307158,
      "rev_growth_yoy": 0.06337838968680769,
      "rev_growth_yoy_accel": -0.027335541917298437,
      "fcf_margin_change": 0.08624692967687836
    }
  ],
  "signals": [
    {
      "quarter": "2025-09 (Q3)",
      "signal": "FCF MARGIN EXPANSION",
      "detail": "FCF margin: +3.8% -> +12.5% (+8.6%)",
      "severity": "MEDIUM"
    },
    {
      "quarter": "2025-03 (Q1)",
      "signal": "INCREMENTAL MARGIN (YoY)",
      "detail": "YoY Incr OPM: +24.3% vs year-ago OPM: +13.6%",
      "severity": "MEDIUM"
    },
    {
      "quarter": "2024-12 (Q4)",
      "signal": "YoY REVENUE GROWTH DECELERATION",
      "detail": "YoY growth: +13.9% vs prior quarter YoY: +20.1% (decel: -6.2%)",
      "severity": "WARNING"
    },
    {
      "quarter": "2024-12 (Q4)",
      "signal": "INCREMENTAL MARGIN (YoY)",
      "detail": "YoY Incr OPM: +43.6% vs year-ago OPM: +11.1%",
      "severity": "HIGH"
    },
    {
      "quarter": "2024-09 (Q3)",
      "signal": "OPERATING LEVERAGE",
      "detail": "Rev growth +3.3% vs OpEx growth +1.2% (leverage: 2.7x)",
      "severity": "MEDIUM"
    },
    {
      "quarter": "2024-09 (Q3)",
      "signal": "INCREMENTAL MARGIN (YoY)",
      "detail": "YoY Incr OPM: +38.3% vs year-ago OPM: +12.4%",
      "severity": "HIGH"
    },
    {
      "quarter": "2024-06 (Q2)",
      "signal": "FCF MARGIN EXPANSION",
      "detail": "FCF margin: +3.3% -> +10.7% (+7.5%)",
      "severity": "MEDIUM"
    },
    {
      "quarter": "2024-06 (Q2)",
      "signal": "YoY REVENUE GROWTH ACCELERATION",
      "detail": "YoY growth: +20.6% vs prior quarter YoY: +11.2% (accel: +9.4%)",
      "severity": "MEDIUM"
    },
    {
      "quarter": "2024-06 (Q2)",
      "signal": "INCREMENTAL MARGIN (YoY)",
      "detail": "YoY Incr OPM: +37.4% vs year-ago OPM: +10.5%",
      "severity": "HIGH"
    },
    {
      "quarter": "2024-03 (Q1)",
      "signal": "OPERATING LEVERAGE",
      "detail": "Rev growth +3.2% vs OpEx growth +0.3% (leverage: 12.6x)",
      "severity": "MEDIUM"
    },
    {
      "quarter": "2024-03 (Q1)",
      "signal": "INCREMENTAL MARGIN (YoY)",
      "detail": "YoY Incr OPM: +54.0% vs year-ago OPM: +9.1%",
      "severity": "HIGH"
    },
    {
      "quarter": "2023-09 (Q3)",
      "signal": "OPERATING LEVERAGE",
      "detail": "Rev growth +3.7% vs OpEx growth +1.4% (leverage: 2.6x)",
      "severity": "MEDIUM"
    },
    {
      "quarter": "2023-09 (Q3)",
      "signal": "INCREMENTAL MARGIN (YoY)",
      "detail": "YoY Incr OPM: +41.7% vs year-ago OPM: +8.5%",
      "severity": "HIGH"
    },
    {
      "quarter": "2023-06 (Q2)",
      "signal": "GROSS MARGIN INFLECTION",
      "detail": "GM: +34.3% -> +34.1% -> +36.8% (reversal +2.7%)",
      "severity": "MEDIUM"
    },
    {
      "quarter": "2023-06 (Q2)",
      "signal": "YoY REVENUE GROWTH DECELERATION",
      "detail": "YoY growth: +9.5% vs prior quarter YoY: +20.7% (decel: -11.2%)",
      "severity": "WARNING"
    },
    {
      "quarter": "2023-06 (Q2)",
      "signal": "INCREMENTAL MARGIN (YoY)",
      "detail": "YoY Incr OPM: +38.3% vs year-ago OPM: +7.8%",
      "severity": "HIGH"
    },
    {
      "quarter": "2023-03 (Q1)",
      "signal": "FCF MARGIN EXPANSION",
      "detail": "FCF margin: +7.0% -> +12.2% (+5.2%)",
      "severity": "MEDIUM"
    },
    {
      "quarter": "2023-03 (Q1)",
      "signal": "INCREMENTAL MARGIN (YoY)",
      "detail": "YoY Incr OPM: +18.9% vs year-ago OPM: +7.1%",
      "severity": "MEDIUM"
    },
    {
      "quarter": "2022-09 (Q3)",
      "signal": "YoY REVENUE GROWTH DECELERATION",
      "detail": "YoY growth: +25.6% vs prior quarter YoY: +33.1% (decel: -7.6%)",
      "severity": "WARNING"
    },
    {
      "quarter": "2022-09 (Q3)",
      "signal": "INCREMENTAL MARGIN (YoY)",
      "detail": "YoY Incr OPM: +17.2% vs year-ago OPM: +6.2%",
      "severity": "MEDIUM"
    },
    {
      "quarter": "2022-06 (Q2)",
      "signal": "FCF MARGIN EXPANSION",
      "detail": "FCF margin: +4.7% -> +10.3% (+5.5%)",
      "severity": "MEDIUM"
    },
    {
      "quarter": "2022-03 (Q1)",
      "signal": "INCREMENTAL MARGIN (YoY)",
      "detail": "YoY Incr OPM: +15.8% vs year-ago OPM: +4.0%",
      "severity": "MEDIUM"
    },
    {
      "quarter": "2021-12 (Q4)",
      "signal": "OPERATING LEVERAGE",
      "detail": "Rev growth +8.7% vs OpEx growth +5.5% (leverage: 1.6x)",
      "severity": "MEDIUM"
    },
    {
      "quarter": "2021-12 (Q4)",
      "signal": "INCREMENTAL MARGIN (YoY)",
      "detail": "YoY Incr OPM: +17.6% vs year-ago OPM: +5.9%",
      "severity": "MEDIUM"
    },
    {
      "quarter": "2021-09 (Q3)",
      "signal": "FCF TURNED POSITIVE",
      "detail": "FCF margin: -17.1% -> +3.7%",
      "severity": "HIGH"
    },
    {
      "quarter": "2021-03 (Q1)",
      "signal": "FCF MARGIN EXPANSION",
      "detail": "FCF margin: +0.3% -> +5.6% (+5.3%)",
      "severity": "MEDIUM"
    }
  ],
  "data_quality": {
    "n_quarters": 20,
    "coverage": {
      "revenue": [
        20,
        20
      ],
      "gross_profit": [
        20,
        20
      ],
      "op_income": [
        20,
        20
      ],
      "fcf": [
        20,
        20
      ]
    },
    "gaps": [],
    "warnings": []
  },
  "market_cap": null,
  "source": "SEC EDGAR",
  "last_updated": "2026-02-02T22:26:43.975030"
}