{
  "ticker": "PRTS",
  "name": "CARPARTS.COM, INC.",
  "quarters": [
    {
      "date": "2021-01-02T00:00:00",
      "quarter_label": "2021-01 (Q1)",
      "revenue": 119730000,
      "gross_profit": 41637000,
      "operating_income": -3260000,
      "net_income": -3488000,
      "opex": 44897000,
      "cogs": 78093000,
      "rd": null,
      "sga": null,
      "fcf": -23399000,
      "ocf": -20678000,
      "capex": -2721000,
      "gross_margin": 0.34775745427211224,
      "op_margin": -0.0272279295080598,
      "fcf_margin": -0.1954313872880648
    },
    {
      "date": "2021-04-03T00:00:00",
      "quarter_label": "2021-04 (Q2)",
      "revenue": 144802000,
      "gross_profit": 49174000,
      "operating_income": -2498000,
      "net_income": -2722000,
      "opex": 51672000,
      "cogs": 95628000,
      "rd": null,
      "sga": null,
      "fcf": 10421000,
      "ocf": 13051000,
      "capex": -2630000,
      "gross_margin": 0.3395947569784948,
      "op_margin": -0.01725114294001464,
      "fcf_margin": 0.07196723802157429,
      "op_leverage_ratio": 1.387694987769221,
      "fcf_margin_change": 0.2673986253096391
    },
    {
      "date": "2021-07-03T00:00:00",
      "quarter_label": "2021-07 (Q3)",
      "revenue": 157536000,
      "gross_profit": 53349000,
      "operating_income": 2336000,
      "net_income": 2072000,
      "opex": 51013000,
      "cogs": 104187000,
      "rd": null,
      "sga": null,
      "fcf": -14838000,
      "ocf": -12070000,
      "capex": -2768000,
      "gross_margin": 0.33864640463132234,
      "op_margin": 0.014828356693073329,
      "fcf_margin": -0.09418799512492383,
      "op_leverage_ratio": Infinity,
      "fcf_margin_change": -0.1661552331464981
    },
    {
      "date": "2021-10-02T00:00:00",
      "quarter_label": "2021-10 (Q4)",
      "revenue": 141846000,
      "gross_profit": 47333000,
      "operating_income": -4335000,
      "net_income": -4659000,
      "opex": 51668000,
      "cogs": 94513000,
      "rd": null,
      "sga": null,
      "fcf": -12366000,
      "ocf": -9330000,
      "capex": -3036000,
      "gross_margin": 0.33369287819184185,
      "op_margin": -0.030561312973224484,
      "fcf_margin": -0.08717905333953724,
      "fcf_margin_change": 0.007008941785386594
    },
    {
      "date": "2022-01-01T00:00:00",
      "quarter_label": "2022-01 (Q1)",
      "revenue": 138256000,
      "gross_profit": 47427000,
      "operating_income": -4614000,
      "net_income": -5030000,
      "opex": 52041000,
      "cogs": 90829000,
      "rd": null,
      "sga": null,
      "fcf": -1783000,
      "ocf": 1361000,
      "capex": -3144000,
      "gross_margin": 0.3430375535238977,
      "op_margin": -0.03337287351001041,
      "fcf_margin": -0.01289636616132392,
      "incr_op_margin_yoy": -0.0730864730648818,
      "rev_growth_yoy": 0.15473147916144658,
      "fcf_margin_change": 0.07428268717821332
    },
    {
      "date": "2022-04-02T00:00:00",
      "quarter_label": "2022-04 (Q2)",
      "revenue": 166053000,
      "gross_profit": 61162000,
      "operating_income": 2391000,
      "net_income": 2103000,
      "opex": 58771000,
      "cogs": 104891000,
      "rd": null,
      "sga": null,
      "fcf": 1506000,
      "ocf": 5266000,
      "capex": -3760000,
      "gross_margin": 0.36832818437486825,
      "op_margin": 0.014399017181261405,
      "fcf_margin": 0.009069393506892377,
      "incr_op_margin_yoy": 0.23005976189355795,
      "rev_growth_yoy": 0.1467590226654328,
      "rev_growth_yoy_accel": -0.007972456496013774,
      "op_leverage_ratio": 1.5546925171265296,
      "fcf_margin_change": 0.021965759668216296
    },
    {
      "date": "2022-07-02T00:00:00",
      "quarter_label": "2022-07 (Q3)",
      "revenue": 176220000,
      "gross_profit": 61935000,
      "operating_income": 4291000,
      "net_income": 4118000,
      "opex": 57644000,
      "cogs": 114285000,
      "rd": null,
      "sga": null,
      "fcf": -3844000,
      "ocf": 193000,
      "capex": -4037000,
      "gross_margin": 0.35146407899216886,
      "op_margin": 0.02435024401316536,
      "fcf_margin": -0.02181364203836114,
      "incr_op_margin_yoy": 0.10463498180261185,
      "rev_growth_yoy": 0.11860146252285192,
      "rev_growth_yoy_accel": -0.02815756014258089,
      "op_leverage_ratio": Infinity,
      "fcf_margin_change": -0.030883035545253516
    },
    {
      "date": "2022-10-01T00:00:00",
      "quarter_label": "2022-10 (Q4)",
      "revenue": 164807000,
      "gross_profit": 56148000,
      "operating_income": -581000,
      "net_income": -948000,
      "opex": 56729000,
      "cogs": 108659000,
      "rd": null,
      "sga": null,
      "fcf": -2506000,
      "ocf": 243000,
      "capex": -2749000,
      "gross_margin": 0.3406894124642764,
      "op_margin": -0.0035253356956925375,
      "fcf_margin": -0.015205664807926848,
      "incr_op_margin_yoy": 0.16349462131440268,
      "rev_growth_yoy": 0.16187273521988635,
      "rev_growth_yoy_accel": 0.04327127269703443,
      "fcf_margin_change": 0.006607977230434291
    },
    {
      "date": "2022-12-31T00:00:00",
      "quarter_label": "2022-12 (Q4)",
      "revenue": 154524000,
      "gross_profit": 51645000,
      "operating_income": -5450000,
      "net_income": null,
      "opex": 57095000,
      "cogs": 102879000,
      "rd": null,
      "sga": null,
      "fcf": 7627000,
      "ocf": 9666000,
      "capex": -2039000,
      "gross_margin": 0.33421992700163083,
      "op_margin": -0.035269602133001995,
      "fcf_margin": 0.04935802852631307,
      "incr_op_margin_yoy": -0.051389230390951564,
      "rev_growth_yoy": 0.11766577942367781,
      "rev_growth_yoy_accel": -0.044206955796208536,
      "fcf_margin_change": 0.06456369333423992
    },
    {
      "date": "2023-04-01T00:00:00",
      "quarter_label": "2023-04 (Q2)",
      "revenue": 175492000,
      "gross_profit": 62551000,
      "operating_income": 636000,
      "net_income": 1051000,
      "opex": 61915000,
      "cogs": 112941000,
      "rd": null,
      "sga": null,
      "fcf": 30036000,
      "ocf": 32781000,
      "capex": -2745000,
      "gross_margin": 0.3564322020376997,
      "op_margin": 0.0036240968249264924,
      "fcf_margin": 0.1711531009960568,
      "incr_op_margin_yoy": -0.1859307129992584,
      "rev_growth_yoy": 0.05684329701962627,
      "rev_growth_yoy_accel": -0.060822482404051546,
      "op_leverage_ratio": 1.6073561093143114,
      "fcf_margin_change": 0.12179507246974372
    },
    {
      "date": "2023-07-01T00:00:00",
      "quarter_label": "2023-07 (Q3)",
      "revenue": 176978000,
      "gross_profit": 60442000,
      "operating_income": -844000,
      "net_income": -671000,
      "opex": 61286000,
      "cogs": 116536000,
      "rd": null,
      "sga": null,
      "fcf": 31656000,
      "ocf": 33580000,
      "capex": -1924000,
      "gross_margin": 0.34152267513476253,
      "op_margin": -0.004768954333306965,
      "fcf_margin": 0.17886969001796835,
      "rev_growth_yoy": 0.004301441380093065,
      "rev_growth_yoy_accel": -0.0525418556395332,
      "fcf_margin_change": 0.007716589021911552
    },
    {
      "date": "2023-09-30T00:00:00",
      "quarter_label": "2023-09 (Q3)",
      "revenue": 166864000,
      "gross_profit": 54817000,
      "operating_income": -2917000,
      "net_income": -2517000,
      "opex": 57734000,
      "cogs": 112047000,
      "rd": null,
      "sga": null,
      "fcf": -11207000,
      "ocf": -8496000,
      "capex": -2711000,
      "gross_margin": 0.328513040559977,
      "op_margin": -0.01748130213826829,
      "fcf_margin": -0.06716247962412504,
      "incr_op_margin_yoy": -1.135634419056879,
      "rev_growth_yoy": 0.012481265965644663,
      "rev_growth_yoy_accel": 0.008179824585551599,
      "fcf_margin_change": -0.2460321696420934
    },
    {
      "date": "2023-12-30T00:00:00",
      "quarter_label": "2023-12 (Q4)",
      "revenue": 156395000,
      "gross_profit": 51596000,
      "operating_income": -6756000,
      "net_income": null,
      "opex": 58352000,
      "cogs": 104799000,
      "rd": null,
      "sga": null,
      "fcf": -12363000,
      "ocf": -7864000,
      "capex": -4499000,
      "gross_margin": 0.3299082451485022,
      "op_margin": -0.043198311966495095,
      "fcf_margin": -0.07904984174685892,
      "incr_op_margin_yoy": -0.6980224478888295,
      "rev_growth_yoy": 0.012108151484559033,
      "rev_growth_yoy_accel": -0.00037311448108563045,
      "fcf_margin_change": -0.011887362122733877
    },
    {
      "date": "2024-03-30T00:00:00",
      "quarter_label": "2024-03 (Q1)",
      "revenue": 166289000,
      "gross_profit": 53919000,
      "operating_income": -6517000,
      "net_income": -6478000,
      "opex": 60436000,
      "cogs": 112370000,
      "rd": null,
      "sga": null,
      "fcf": -3779000,
      "ocf": 3652000,
      "capex": -7431000,
      "gross_margin": 0.3242487476622026,
      "op_margin": -0.03919080636722814,
      "fcf_margin": -0.022725495973876804,
      "incr_op_margin_yoy": 0.7772465500380311,
      "rev_growth_yoy": -0.05244113691792218,
      "rev_growth_yoy_accel": -0.06454928840248121,
      "op_leverage_ratio": 1.7713609770133316,
      "fcf_margin_change": 0.056324345772982114
    },
    {
      "date": "2024-06-29T00:00:00",
      "quarter_label": "2024-06 (Q2)",
      "revenue": 144270000,
      "gross_profit": 48393000,
      "operating_income": -8728000,
      "net_income": -8687000,
      "opex": 57121000,
      "cogs": 95877000,
      "rd": null,
      "sga": null,
      "fcf": -10770000,
      "ocf": -3634000,
      "capex": -7136000,
      "gross_margin": 0.33543356207111663,
      "op_margin": -0.060497677964926874,
      "fcf_margin": -0.07465169473903098,
      "incr_op_margin_yoy": 0.24104194692429987,
      "rev_growth_yoy": -0.18481393167512347,
      "rev_growth_yoy_accel": -0.1323727947572013,
      "fcf_margin_change": -0.051926198765154176
    },
    {
      "date": "2024-09-28T00:00:00",
      "quarter_label": "2024-09 (Q3)",
      "revenue": 144751000,
      "gross_profit": 50982000,
      "operating_income": -9918000,
      "net_income": -10018000,
      "opex": 60900000,
      "cogs": 93769000,
      "rd": null,
      "sga": null,
      "fcf": 4945000,
      "ocf": 8524000,
      "capex": -3579000,
      "gross_margin": 0.35220482069208503,
      "op_margin": -0.06851766136330664,
      "fcf_margin": 0.03416211286968657,
      "incr_op_margin_yoy": 0.3166010943788722,
      "rev_growth_yoy": -0.13252109502349219,
      "rev_growth_yoy_accel": 0.052292836651631286,
      "fcf_margin_change": 0.10881380760871755
    },
    {
      "date": "2024-12-28T00:00:00",
      "quarter_label": "2024-12 (Q4)",
      "revenue": 133536000,
      "gross_profit": 43445000,
      "operating_income": -15472000,
      "net_income": -15418000,
      "opex": 58917000,
      "cogs": 90091000,
      "rd": null,
      "sga": null,
      "fcf": -631000,
      "ocf": 1796000,
      "capex": -2427000,
      "gross_margin": 0.3253429786724179,
      "op_margin": -0.11586388689192427,
      "fcf_margin": -0.0047253175173735925,
      "incr_op_margin_yoy": 0.3812940198608863,
      "rev_growth_yoy": -0.14616196169954282,
      "rev_growth_yoy_accel": -0.013640866676050634,
      "fcf_margin_change": -0.03888743038706016
    },
    {
      "date": "2025-03-29T00:00:00",
      "quarter_label": "2025-03 (Q1)",
      "revenue": 147378000,
      "gross_profit": 47347000,
      "operating_income": -15146000,
      "net_income": -15283000,
      "opex": 62493000,
      "cogs": 100031000,
      "rd": null,
      "sga": null,
      "fcf": 3389000,
      "ocf": 5505000,
      "capex": -2116000,
      "gross_margin": 0.32126233223411904,
      "op_margin": -0.10276974853777361,
      "fcf_margin": 0.02299529102036939,
      "incr_op_margin_yoy": 0.4562952778805986,
      "rev_growth_yoy": -0.11372369789944013,
      "rev_growth_yoy_accel": 0.03243826380010269,
      "op_leverage_ratio": 1.7078259041223782,
      "fcf_margin_change": 0.027720608537742983
    },
    {
      "date": "2025-06-28T00:00:00",
      "quarter_label": "2025-06 (Q2)",
      "revenue": 151949000,
      "gross_profit": 49779000,
      "operating_income": -12417000,
      "net_income": -12711000,
      "opex": 62196000,
      "cogs": 102170000,
      "rd": null,
      "sga": null,
      "fcf": -27857000,
      "ocf": -25565000,
      "capex": -2292000,
      "gross_margin": 0.3276033405945416,
      "op_margin": -0.08171820808297521,
      "fcf_margin": -0.18333124930075223,
      "incr_op_margin_yoy": -0.4804010938924339,
      "rev_growth_yoy": 0.053226589034449295,
      "rev_growth_yoy_accel": 0.1669502869338894,
      "op_leverage_ratio": Infinity,
      "fcf_margin_change": -0.20632654032112163
    },
    {
      "date": "2025-09-27T00:00:00",
      "quarter_label": "2025-09 (Q3)",
      "revenue": 127769000,
      "gross_profit": 42275000,
      "operating_income": -10038000,
      "net_income": -10885000,
      "opex": 52313000,
      "cogs": 85494000,
      "rd": null,
      "sga": null,
      "fcf": -8290000,
      "ocf": -6417000,
      "capex": -1873000,
      "gross_margin": 0.33087055545554866,
      "op_margin": -0.07856365785127847,
      "fcf_margin": -0.06488271803019512,
      "incr_op_margin_yoy": 0.007066305499941114,
      "rev_growth_yoy": -0.11731870591567589,
      "rev_growth_yoy_accel": -0.1705452949501252,
      "fcf_margin_change": 0.11844853127055711
    }
  ],
  "signals": [
    {
      "quarter": "2025-09 (Q3)",
      "signal": "FCF MARGIN EXPANSION",
      "detail": "FCF margin: -18.3% -> -6.5% (+11.8%)",
      "severity": "MEDIUM"
    },
    {
      "quarter": "2025-09 (Q3)",
      "signal": "YoY REVENUE GROWTH DECELERATION",
      "detail": "YoY growth: -11.7% vs prior quarter YoY: +5.3% (decel: -17.1%)",
      "severity": "WARNING"
    },
    {
      "quarter": "2025-06 (Q2)",
      "signal": "YoY REVENUE GROWTH ACCELERATION",
      "detail": "YoY growth: +5.3% vs prior quarter YoY: -11.4% (accel: +16.7%)",
      "severity": "HIGH"
    },
    {
      "quarter": "2025-03 (Q1)",
      "signal": "FCF TURNED POSITIVE",
      "detail": "FCF margin: -0.5% -> +2.3%",
      "severity": "HIGH"
    },
    {
      "quarter": "2025-03 (Q1)",
      "signal": "OPERATING LEVERAGE",
      "detail": "Rev growth +10.4% vs OpEx growth +6.1% (leverage: 1.7x)",
      "severity": "MEDIUM"
    },
    {
      "quarter": "2024-09 (Q3)",
      "signal": "FCF TURNED POSITIVE",
      "detail": "FCF margin: -7.5% -> +3.4%",
      "severity": "HIGH"
    },
    {
      "quarter": "2024-09 (Q3)",
      "signal": "YoY REVENUE GROWTH ACCELERATION",
      "detail": "YoY growth: -13.3% vs prior quarter YoY: -18.5% (accel: +5.2%)",
      "severity": "MEDIUM"
    },
    {
      "quarter": "2024-06 (Q2)",
      "signal": "YoY REVENUE GROWTH DECELERATION",
      "detail": "YoY growth: -18.5% vs prior quarter YoY: -5.2% (decel: -13.2%)",
      "severity": "WARNING"
    },
    {
      "quarter": "2024-03 (Q1)",
      "signal": "FCF MARGIN EXPANSION",
      "detail": "FCF margin: -7.9% -> -2.3% (+5.6%)",
      "severity": "MEDIUM"
    },
    {
      "quarter": "2024-03 (Q1)",
      "signal": "OPERATING LEVERAGE",
      "detail": "Rev growth +6.3% vs OpEx growth +3.6% (leverage: 1.8x)",
      "severity": "MEDIUM"
    },
    {
      "quarter": "2024-03 (Q1)",
      "signal": "YoY REVENUE GROWTH DECELERATION",
      "detail": "YoY growth: -5.2% vs prior quarter YoY: +1.2% (decel: -6.5%)",
      "severity": "WARNING"
    },
    {
      "quarter": "2023-07 (Q3)",
      "signal": "YoY REVENUE GROWTH DECELERATION",
      "detail": "YoY growth: +0.4% vs prior quarter YoY: +5.7% (decel: -5.3%)",
      "severity": "WARNING"
    },
    {
      "quarter": "2023-04 (Q2)",
      "signal": "FCF MARGIN EXPANSION",
      "detail": "FCF margin: +4.9% -> +17.1% (+12.2%)",
      "severity": "MEDIUM"
    },
    {
      "quarter": "2023-04 (Q2)",
      "signal": "OPERATING LEVERAGE",
      "detail": "Rev growth +13.6% vs OpEx growth +8.4% (leverage: 1.6x)",
      "severity": "MEDIUM"
    },
    {
      "quarter": "2023-04 (Q2)",
      "signal": "GROSS MARGIN INFLECTION",
      "detail": "GM: +34.1% -> +33.4% -> +35.6% (reversal +2.2%)",
      "severity": "MEDIUM"
    },
    {
      "quarter": "2023-04 (Q2)",
      "signal": "YoY REVENUE GROWTH DECELERATION",
      "detail": "YoY growth: +5.7% vs prior quarter YoY: +11.8% (decel: -6.1%)",
      "severity": "WARNING"
    },
    {
      "quarter": "2023-04 (Q2)",
      "signal": "OP MARGIN TURNED POSITIVE (QoQ)",
      "detail": "Op margin: -3.5% -> +0.4%",
      "severity": "HIGH"
    },
    {
      "quarter": "2022-12 (Q4)",
      "signal": "FCF TURNED POSITIVE",
      "detail": "FCF margin: -1.5% -> +4.9%",
      "severity": "HIGH"
    },
    {
      "quarter": "2022-04 (Q2)",
      "signal": "FCF TURNED POSITIVE",
      "detail": "FCF margin: -1.3% -> +0.9%",
      "severity": "HIGH"
    },
    {
      "quarter": "2022-04 (Q2)",
      "signal": "OPERATING LEVERAGE",
      "detail": "Rev growth +20.1% vs OpEx growth +12.9% (leverage: 1.6x)",
      "severity": "MEDIUM"
    },
    {
      "quarter": "2022-04 (Q2)",
      "signal": "OP MARGIN TURNED POSITIVE (YoY)",
      "detail": "Op margin: -1.7% (year-ago) -> +1.4%",
      "severity": "HIGH"
    },
    {
      "quarter": "2022-04 (Q2)",
      "signal": "OP MARGIN TURNED POSITIVE (QoQ)",
      "detail": "Op margin: -3.3% -> +1.4%",
      "severity": "HIGH"
    },
    {
      "quarter": "2022-01 (Q1)",
      "signal": "FCF MARGIN EXPANSION",
      "detail": "FCF margin: -8.7% -> -1.3% (+7.4%)",
      "severity": "MEDIUM"
    },
    {
      "quarter": "2021-07 (Q3)",
      "signal": "OP MARGIN TURNED POSITIVE (QoQ)",
      "detail": "Op margin: -1.7% -> +1.5%",
      "severity": "HIGH"
    },
    {
      "quarter": "2021-04 (Q2)",
      "signal": "FCF TURNED POSITIVE",
      "detail": "FCF margin: -19.5% -> +7.2%",
      "severity": "HIGH"
    }
  ],
  "data_quality": {
    "n_quarters": 20,
    "coverage": {
      "revenue": [
        20,
        20
      ],
      "gross_profit": [
        20,
        20
      ],
      "op_income": [
        20,
        20
      ],
      "fcf": [
        20,
        20
      ]
    },
    "gaps": [],
    "warnings": []
  },
  "market_cap": null,
  "source": "SEC EDGAR",
  "last_updated": "2026-02-02T23:48:26.706207"
}