{
  "ticker": "PSFE",
  "name": "PAYSAFE LIMITED",
  "quarters": [
    {
      "date": "2021-03-31T00:00:00",
      "quarter_label": "2021-03 (Q1)",
      "revenue": 377424000,
      "gross_profit": 226387000,
      "operating_income": -36621000,
      "net_income": -60647000,
      "opex": 263008000,
      "cogs": 151037000,
      "rd": null,
      "sga": 193998000,
      "fcf": 48328000,
      "ocf": 48740000,
      "capex": -412000,
      "gross_margin": 0.5998214210013142,
      "op_margin": -0.09702880579931324,
      "fcf_margin": 0.12804697104582644
    },
    {
      "date": "2021-06-30T00:00:00",
      "quarter_label": "2021-06 (Q2)",
      "revenue": 384343000,
      "gross_profit": 228565000,
      "operating_income": 39567000,
      "net_income": 6597000,
      "opex": 188998000,
      "cogs": 155778000,
      "rd": null,
      "sga": 113037000,
      "fcf": -8487000,
      "ocf": -7730000,
      "capex": -757000,
      "gross_margin": 0.5946901595710082,
      "op_margin": 0.10294710714127746,
      "fcf_margin": -0.02208183835792508,
      "op_leverage_ratio": Infinity,
      "fcf_margin_change": -0.1501288094037515
    },
    {
      "date": "2021-09-30T00:00:00",
      "quarter_label": "2021-09 (Q3)",
      "revenue": 353585000,
      "gross_profit": 208733000,
      "operating_income": -301183000,
      "net_income": -147200000,
      "opex": 509916000,
      "cogs": 144852000,
      "rd": null,
      "sga": 111041000,
      "fcf": 48307000,
      "ocf": 51590000,
      "capex": -3283000,
      "gross_margin": 0.5903333003379668,
      "op_margin": -0.8517980117934867,
      "fcf_margin": 0.13662061456226932,
      "fcf_margin_change": 0.1587024529201944
    },
    {
      "date": "2021-12-31T00:00:00",
      "quarter_label": "2021-12 (Q4)",
      "revenue": 371661000,
      "gross_profit": 223550000,
      "operating_income": 28965000,
      "net_income": 90296000,
      "opex": 194585000,
      "cogs": 148111000,
      "rd": null,
      "sga": 127031000,
      "fcf": 167698000,
      "ocf": 168862000,
      "capex": -1164000,
      "gross_margin": 0.6014889913119752,
      "op_margin": 0.07793392365623512,
      "fcf_margin": 0.45121226063536396,
      "op_leverage_ratio": Infinity,
      "fcf_margin_change": 0.31459164607309464
    },
    {
      "date": "2022-03-31T00:00:00",
      "quarter_label": "2022-03 (Q1)",
      "revenue": 367668000,
      "gross_profit": 220565000,
      "operating_income": -1191748000,
      "net_income": -1171183000,
      "opex": 1412313000,
      "cogs": 147103000,
      "rd": null,
      "sga": 130568000,
      "fcf": 503198000,
      "ocf": 503848000,
      "capex": -650000,
      "gross_margin": 0.5999026295462211,
      "op_margin": -3.241369931568698,
      "fcf_margin": 1.368620603370432,
      "incr_op_margin_yoy": 118.40170151701517,
      "rev_growth_yoy": -0.025848912628767647,
      "fcf_margin_change": 0.9174083427350681
    },
    {
      "date": "2022-06-30T00:00:00",
      "quarter_label": "2022-06 (Q2)",
      "revenue": 378913000,
      "gross_profit": 219926000,
      "operating_income": -703086000,
      "net_income": -658739000,
      "opex": 923012000,
      "cogs": 158987000,
      "rd": null,
      "sga": 134709000,
      "fcf": 874410000,
      "ocf": 875599000,
      "capex": -1189000,
      "gross_margin": 0.5804129180049246,
      "op_margin": -1.8555341199694917,
      "fcf_margin": 2.3076801271004164,
      "incr_op_margin_yoy": 136.7685082872928,
      "rev_growth_yoy": -0.014128005453462142,
      "rev_growth_yoy_accel": 0.011720907175305505,
      "op_leverage_ratio": Infinity,
      "fcf_margin_change": 0.9390595237299844
    },
    {
      "date": "2022-09-30T00:00:00",
      "quarter_label": "2022-09 (Q3)",
      "revenue": 365988000,
      "gross_profit": 214178000,
      "operating_income": 4662000,
      "net_income": 978000,
      "opex": 209516000,
      "cogs": 151810000,
      "rd": null,
      "sga": 132250000,
      "fcf": -7026000,
      "ocf": -6228000,
      "capex": -798000,
      "gross_margin": 0.5852049793982317,
      "op_margin": 0.012738122561395455,
      "fcf_margin": -0.01919735073281091,
      "incr_op_margin_yoy": 24.658953478997017,
      "rev_growth_yoy": 0.03507784549683952,
      "rev_growth_yoy_accel": 0.04920585095030166,
      "fcf_margin_change": -2.3268774778332273
    },
    {
      "date": "2022-12-31T00:00:00",
      "quarter_label": "2022-12 (Q4)",
      "revenue": 383568000,
      "gross_profit": 227443000,
      "operating_income": 18236000,
      "net_income": -33711000,
      "opex": 209207000,
      "cogs": 156125000,
      "rd": null,
      "sga": 136988000,
      "fcf": -1137924000,
      "ocf": -1136018000,
      "capex": -1906000,
      "gross_margin": 0.59296656655404,
      "op_margin": 0.047543069286280396,
      "fcf_margin": -2.966681266424728,
      "incr_op_margin_yoy": -0.9010665994792979,
      "rev_growth_yoy": 0.03203725976091115,
      "rev_growth_yoy_accel": -0.0030405857359283653,
      "op_leverage_ratio": Infinity,
      "fcf_margin_change": -2.947483915691917
    },
    {
      "date": "2023-03-31T00:00:00",
      "quarter_label": "2023-03 (Q1)",
      "revenue": 387849000,
      "gross_profit": 228910000,
      "operating_income": 34980000,
      "net_income": -3808000,
      "opex": 193930000,
      "cogs": 158939000,
      "rd": null,
      "sga": 128311000,
      "fcf": 17282000,
      "ocf": 20014000,
      "capex": -2732000,
      "gross_margin": 0.5902039195666354,
      "op_margin": 0.09018973879009615,
      "fcf_margin": 0.04455857820956094,
      "incr_op_margin_yoy": 60.78628412863585,
      "rev_growth_yoy": 0.054889193511537586,
      "rev_growth_yoy_accel": 0.022851933750626434,
      "op_leverage_ratio": Infinity,
      "fcf_margin_change": 3.011239844634289
    },
    {
      "date": "2023-06-30T00:00:00",
      "quarter_label": "2023-06 (Q2)",
      "revenue": 402338000,
      "gross_profit": 235724000,
      "operating_income": 34166000,
      "net_income": -1765000,
      "opex": 201558000,
      "cogs": 166614000,
      "rd": null,
      "sga": 133600000,
      "fcf": 46593000,
      "ocf": 50200000,
      "capex": -3607000,
      "gross_margin": 0.5858854992568437,
      "op_margin": 0.08491865048789823,
      "fcf_margin": 0.11580561617346609,
      "incr_op_margin_yoy": 31.472870864461047,
      "rev_growth_yoy": 0.061821579095993014,
      "rev_growth_yoy_accel": 0.006932385584455428,
      "op_leverage_ratio": 0.9497516341467329,
      "fcf_margin_change": 0.07124703796390515
    },
    {
      "date": "2023-09-30T00:00:00",
      "quarter_label": "2023-09 (Q3)",
      "revenue": 396410000,
      "gross_profit": 232333000,
      "operating_income": 43229000,
      "net_income": -2549000,
      "opex": 189104000,
      "cogs": 164077000,
      "rd": null,
      "sga": 121195000,
      "fcf": 96426000,
      "ocf": 102216000,
      "capex": -5790000,
      "gross_margin": 0.5860926818193285,
      "op_margin": 0.10905123483262279,
      "fcf_margin": 0.24324815216568704,
      "incr_op_margin_yoy": 1.2677338767996844,
      "rev_growth_yoy": 0.08312294392165863,
      "rev_growth_yoy_accel": 0.021301364825665615,
      "fcf_margin_change": 0.12744253599222094
    },
    {
      "date": "2023-12-31T00:00:00",
      "quarter_label": "2023-12 (Q4)",
      "revenue": 414541000,
      "gross_profit": 240959000,
      "operating_income": 46281000,
      "net_income": -12129000,
      "opex": 194678000,
      "cogs": 173582000,
      "rd": null,
      "sga": 125030000,
      "fcf": 60872000,
      "ocf": 61592000,
      "capex": -720000,
      "gross_margin": 0.581266991684779,
      "op_margin": 0.11164396284082877,
      "fcf_margin": 0.14684192878388386,
      "incr_op_margin_yoy": 0.9054660510767443,
      "rev_growth_yoy": 0.08074969757644017,
      "rev_growth_yoy_accel": -0.0023732463452184605,
      "op_leverage_ratio": 1.5517112442260426,
      "fcf_margin_change": -0.09640622338180319
    },
    {
      "date": "2024-03-31T00:00:00",
      "quarter_label": "2024-03 (Q1)",
      "revenue": 417738000,
      "gross_profit": 247365000,
      "operating_income": 32965000,
      "net_income": 3056000,
      "opex": 214400000,
      "cogs": 170373000,
      "rd": null,
      "sga": 144808000,
      "fcf": 55116000,
      "ocf": 58835000,
      "capex": -3719000,
      "gross_margin": 0.5921534550364104,
      "op_margin": 0.07891309864077484,
      "fcf_margin": 0.13193915803685563,
      "incr_op_margin_yoy": -0.06741610625982802,
      "rev_growth_yoy": 0.07706349636069708,
      "rev_growth_yoy_accel": -0.00368620121574309,
      "fcf_margin_change": -0.014902770747028227
    },
    {
      "date": "2024-06-30T00:00:00",
      "quarter_label": "2024-06 (Q2)",
      "revenue": 439924000,
      "gross_profit": 256099000,
      "operating_income": 36515000,
      "net_income": -1430000,
      "opex": 219584000,
      "cogs": 183825000,
      "rd": null,
      "sga": 150059000,
      "fcf": 49632000,
      "ocf": 54140000,
      "capex": -4508000,
      "gross_margin": 0.5821437339176767,
      "op_margin": 0.0830029732408325,
      "fcf_margin": 0.11281948700230039,
      "incr_op_margin_yoy": 0.062496674293619964,
      "rev_growth_yoy": 0.09341896614289479,
      "rev_growth_yoy_accel": 0.016355469782197707,
      "op_leverage_ratio": 2.1965182382317847,
      "fcf_margin_change": -0.01911967103455524
    },
    {
      "date": "2024-09-30T00:00:00",
      "quarter_label": "2024-09 (Q3)",
      "revenue": 427103000,
      "gross_profit": 249004000,
      "operating_income": 34363000,
      "net_income": -12977000,
      "opex": 214641000,
      "cogs": 178099000,
      "rd": null,
      "sga": 143907000,
      "fcf": 78727000,
      "ocf": 81934000,
      "capex": -3207000,
      "gross_margin": 0.5830069093403699,
      "op_margin": 0.08045600241627898,
      "fcf_margin": 0.18432790216879769,
      "incr_op_margin_yoy": -0.288860652265989,
      "rev_growth_yoy": 0.0774274110138493,
      "rev_growth_yoy_accel": -0.015991555129045487,
      "fcf_margin_change": 0.0715084151664973
    },
    {
      "date": "2024-12-31T00:00:00",
      "quarter_label": "2024-12 (Q4)",
      "revenue": 420070000,
      "gross_profit": 236605000,
      "operating_income": 29511000,
      "net_income": 33511000,
      "opex": 207094000,
      "cogs": 183465000,
      "rd": null,
      "sga": 136779000,
      "fcf": 54394000,
      "ocf": 58895000,
      "capex": -4501000,
      "gross_margin": 0.5632513628680934,
      "op_margin": 0.07025257695146048,
      "fcf_margin": 0.1294879424857762,
      "incr_op_margin_yoy": -3.0330982094411287,
      "rev_growth_yoy": 0.013337643321167266,
      "rev_growth_yoy_accel": -0.06408976769268203,
      "fcf_margin_change": -0.054839959683021494
    },
    {
      "date": "2025-03-31T00:00:00",
      "quarter_label": "2025-03 (Q1)",
      "revenue": 401000000,
      "gross_profit": 226819000,
      "operating_income": 10319000,
      "net_income": -19472000,
      "opex": 216500000,
      "cogs": 174181000,
      "rd": null,
      "sga": 139790000,
      "fcf": 48150000,
      "ocf": 52479000,
      "capex": -4329000,
      "gross_margin": 0.5656334164588529,
      "op_margin": 0.025733167082294263,
      "fcf_margin": 0.12007481296758105,
      "incr_op_margin_yoy": 1.352969291432668,
      "rev_growth_yoy": -0.040068176704058524,
      "rev_growth_yoy_accel": -0.053405820025225786,
      "fcf_margin_change": -0.009413129518195146
    },
    {
      "date": "2025-06-30T00:00:00",
      "quarter_label": "2025-06 (Q2)",
      "revenue": 428218000,
      "gross_profit": 238038000,
      "operating_income": 20554000,
      "net_income": -50132000,
      "opex": 217484000,
      "cogs": 190180000,
      "rd": null,
      "sga": 143816000,
      "fcf": 36771000,
      "ocf": 39586000,
      "capex": -2815000,
      "gross_margin": 0.555880416049769,
      "op_margin": 0.047998916439757316,
      "fcf_margin": 0.08586981397325662,
      "incr_op_margin_yoy": 1.3634888091576969,
      "rev_growth_yoy": -0.02660914157900001,
      "rev_growth_yoy_accel": 0.013459035125058513,
      "op_leverage_ratio": 14.933948158060135,
      "fcf_margin_change": -0.03420499899432443
    },
    {
      "date": "2025-09-30T00:00:00",
      "quarter_label": "2025-09 (Q3)",
      "revenue": 433815000,
      "gross_profit": 250770000,
      "operating_income": 39000000,
      "net_income": -87675000,
      "opex": 211770000,
      "cogs": 183045000,
      "rd": null,
      "sga": 130065000,
      "fcf": 66862000,
      "ocf": 69179000,
      "capex": -2317000,
      "gross_margin": 0.5780574668925694,
      "op_margin": 0.0899000726115971,
      "fcf_margin": 0.15412560653734886,
      "incr_op_margin_yoy": 0.6908522050059595,
      "rev_growth_yoy": 0.01571517877420669,
      "rev_growth_yoy_accel": 0.0423243203532067,
      "op_leverage_ratio": Infinity,
      "fcf_margin_change": 0.06825579256409224
    }
  ],
  "signals": [
    {
      "quarter": "2025-09 (Q3)",
      "signal": "FCF MARGIN EXPANSION",
      "detail": "FCF margin: +8.6% -> +15.4% (+6.8%)",
      "severity": "MEDIUM"
    },
    {
      "quarter": "2025-09 (Q3)",
      "signal": "GROSS MARGIN INFLECTION",
      "detail": "GM: +56.6% -> +55.6% -> +57.8% (reversal +2.2%)",
      "severity": "MEDIUM"
    },
    {
      "quarter": "2025-09 (Q3)",
      "signal": "INCREMENTAL MARGIN (YoY)",
      "detail": "YoY Incr OPM: +69.1% vs year-ago OPM: +8.0%",
      "severity": "HIGH"
    },
    {
      "quarter": "2025-06 (Q2)",
      "signal": "OPERATING LEVERAGE",
      "detail": "Rev growth +6.8% vs OpEx growth +0.5% (leverage: 14.9x)",
      "severity": "MEDIUM"
    },
    {
      "quarter": "2025-06 (Q2)",
      "signal": "INCREMENTAL MARGIN (YoY)",
      "detail": "YoY Incr OPM: +136.3% vs year-ago OPM: +8.3%",
      "severity": "HIGH"
    },
    {
      "quarter": "2025-03 (Q1)",
      "signal": "YoY REVENUE GROWTH DECELERATION",
      "detail": "YoY growth: -4.0% vs prior quarter YoY: +1.3% (decel: -5.3%)",
      "severity": "WARNING"
    },
    {
      "quarter": "2025-03 (Q1)",
      "signal": "INCREMENTAL MARGIN (YoY)",
      "detail": "YoY Incr OPM: +135.3% vs year-ago OPM: +7.9%",
      "severity": "HIGH"
    },
    {
      "quarter": "2024-12 (Q4)",
      "signal": "YoY REVENUE GROWTH DECELERATION",
      "detail": "YoY growth: +1.3% vs prior quarter YoY: +7.7% (decel: -6.4%)",
      "severity": "WARNING"
    },
    {
      "quarter": "2024-09 (Q3)",
      "signal": "FCF MARGIN EXPANSION",
      "detail": "FCF margin: +11.3% -> +18.4% (+7.2%)",
      "severity": "MEDIUM"
    },
    {
      "quarter": "2024-06 (Q2)",
      "signal": "OPERATING LEVERAGE",
      "detail": "Rev growth +5.3% vs OpEx growth +2.4% (leverage: 2.2x)",
      "severity": "MEDIUM"
    },
    {
      "quarter": "2023-12 (Q4)",
      "signal": "OPERATING LEVERAGE",
      "detail": "Rev growth +4.6% vs OpEx growth +2.9% (leverage: 1.6x)",
      "severity": "MEDIUM"
    },
    {
      "quarter": "2023-12 (Q4)",
      "signal": "INCREMENTAL MARGIN (YoY)",
      "detail": "YoY Incr OPM: +90.5% vs year-ago OPM: +4.8%",
      "severity": "HIGH"
    },
    {
      "quarter": "2023-09 (Q3)",
      "signal": "FCF MARGIN EXPANSION",
      "detail": "FCF margin: +11.6% -> +24.3% (+12.7%)",
      "severity": "MEDIUM"
    },
    {
      "quarter": "2023-09 (Q3)",
      "signal": "INCREMENTAL MARGIN (YoY)",
      "detail": "YoY Incr OPM: +126.8% vs year-ago OPM: +1.3%",
      "severity": "HIGH"
    },
    {
      "quarter": "2023-06 (Q2)",
      "signal": "FCF MARGIN EXPANSION",
      "detail": "FCF margin: +4.5% -> +11.6% (+7.1%)",
      "severity": "MEDIUM"
    },
    {
      "quarter": "2023-06 (Q2)",
      "signal": "OP MARGIN TURNED POSITIVE (YoY)",
      "detail": "Op margin: -185.6% (year-ago) -> +8.5%",
      "severity": "HIGH"
    },
    {
      "quarter": "2023-03 (Q1)",
      "signal": "FCF TURNED POSITIVE",
      "detail": "FCF margin: -296.7% -> +4.5%",
      "severity": "HIGH"
    },
    {
      "quarter": "2023-03 (Q1)",
      "signal": "OP MARGIN TURNED POSITIVE (YoY)",
      "detail": "Op margin: -324.1% (year-ago) -> +9.0%",
      "severity": "HIGH"
    },
    {
      "quarter": "2022-09 (Q3)",
      "signal": "OP MARGIN TURNED POSITIVE (YoY)",
      "detail": "Op margin: -85.2% (year-ago) -> +1.3%",
      "severity": "HIGH"
    },
    {
      "quarter": "2022-09 (Q3)",
      "signal": "OP MARGIN TURNED POSITIVE (QoQ)",
      "detail": "Op margin: -185.6% -> +1.3%",
      "severity": "HIGH"
    },
    {
      "quarter": "2022-06 (Q2)",
      "signal": "FCF MARGIN EXPANSION",
      "detail": "FCF margin: +136.9% -> +230.8% (+93.9%)",
      "severity": "MEDIUM"
    },
    {
      "quarter": "2022-03 (Q1)",
      "signal": "FCF MARGIN EXPANSION",
      "detail": "FCF margin: +45.1% -> +136.9% (+91.7%)",
      "severity": "MEDIUM"
    },
    {
      "quarter": "2021-12 (Q4)",
      "signal": "FCF MARGIN EXPANSION",
      "detail": "FCF margin: +13.7% -> +45.1% (+31.5%)",
      "severity": "MEDIUM"
    },
    {
      "quarter": "2021-12 (Q4)",
      "signal": "OP MARGIN TURNED POSITIVE (QoQ)",
      "detail": "Op margin: -85.2% -> +7.8%",
      "severity": "HIGH"
    },
    {
      "quarter": "2021-09 (Q3)",
      "signal": "FCF TURNED POSITIVE",
      "detail": "FCF margin: -2.2% -> +13.7%",
      "severity": "HIGH"
    },
    {
      "quarter": "2021-06 (Q2)",
      "signal": "OP MARGIN TURNED POSITIVE (QoQ)",
      "detail": "Op margin: -9.7% -> +10.3%",
      "severity": "HIGH"
    }
  ],
  "data_quality": {
    "n_quarters": 19,
    "coverage": {
      "revenue": [
        19,
        19
      ],
      "gross_profit": [
        19,
        19
      ],
      "op_income": [
        19,
        19
      ],
      "fcf": [
        19,
        19
      ]
    },
    "gaps": [],
    "warnings": []
  },
  "market_cap": null,
  "source": "SEC EDGAR",
  "last_updated": "2026-02-02T22:33:13.969910"
}