{
  "ticker": "PSIX",
  "name": "POWER SOLUTIONS INTERNATIONAL, INC.",
  "quarters": [
    {
      "date": "2020-12-31T00:00:00",
      "quarter_label": "2020-12 (Q4)",
      "revenue": 105036000,
      "gross_profit": 18788000,
      "operating_income": -1539000,
      "net_income": -3062000,
      "opex": 20327000,
      "cogs": 86248000,
      "rd": 6254000,
      "sga": null,
      "fcf": -5311000,
      "ocf": -5311000,
      "capex": null,
      "gross_margin": 0.17887200578849158,
      "op_margin": -0.014652119273391979,
      "fcf_margin": -0.050563616283940745
    },
    {
      "date": "2021-03-31T00:00:00",
      "quarter_label": "2021-03 (Q1)",
      "revenue": 100171000,
      "gross_profit": 7070000,
      "operating_income": -15599000,
      "net_income": -18150000,
      "opex": 22669000,
      "cogs": 93101000,
      "rd": 6224000,
      "sga": null,
      "fcf": 5681000,
      "ocf": 5681000,
      "capex": null,
      "gross_margin": 0.07057930938095856,
      "op_margin": -0.15572371245170757,
      "fcf_margin": 0.05671302073454393,
      "fcf_margin_change": 0.10727663701848467
    },
    {
      "date": "2021-06-30T00:00:00",
      "quarter_label": "2021-06 (Q2)",
      "revenue": 111478000,
      "gross_profit": 13194000,
      "operating_income": -14639000,
      "net_income": -15571000,
      "opex": 27833000,
      "cogs": 98284000,
      "rd": 6111000,
      "sga": null,
      "fcf": -19920000,
      "ocf": -19920000,
      "capex": null,
      "gross_margin": 0.11835519115879366,
      "op_margin": -0.13131738997829168,
      "fcf_margin": -0.17868996573314913,
      "op_leverage_ratio": 0.4955089596944144,
      "fcf_margin_change": -0.23540298646769306
    },
    {
      "date": "2021-09-30T00:00:00",
      "quarter_label": "2021-09 (Q3)",
      "revenue": 117630000,
      "gross_profit": 11342000,
      "operating_income": -5687000,
      "net_income": -7177000,
      "opex": 17029000,
      "cogs": 106288000,
      "rd": 5437000,
      "sga": null,
      "fcf": -24862000,
      "ocf": -24862000,
      "capex": null,
      "gross_margin": 0.09642098104225112,
      "op_margin": -0.048346510243985376,
      "fcf_margin": -0.21135764685879452,
      "op_leverage_ratio": Infinity,
      "fcf_margin_change": -0.03266768112564539
    },
    {
      "date": "2021-12-31T00:00:00",
      "quarter_label": "2021-12 (Q4)",
      "revenue": 126976000,
      "gross_profit": 9665000,
      "operating_income": -5645000,
      "net_income": -7574000,
      "opex": 15310000,
      "cogs": 117311000,
      "rd": 4663000,
      "sga": null,
      "fcf": -22377000,
      "ocf": -22377000,
      "capex": null,
      "gross_margin": 0.07611674647177419,
      "op_margin": -0.044457220262096774,
      "fcf_margin": -0.17623015372983872,
      "incr_op_margin_yoy": -0.1871467639015497,
      "rev_growth_yoy": 0.20888076469020145,
      "op_leverage_ratio": Infinity,
      "fcf_margin_change": 0.0351274931289558
    },
    {
      "date": "2022-03-31T00:00:00",
      "quarter_label": "2022-03 (Q1)",
      "revenue": 98947000,
      "gross_profit": 16718000,
      "operating_income": 232000,
      "net_income": -2599000,
      "opex": 16486000,
      "cogs": 82229000,
      "rd": 4560000,
      "sga": null,
      "fcf": -17377000,
      "ocf": -17377000,
      "capex": null,
      "gross_margin": 0.16895913974147775,
      "op_margin": 0.002344689581290994,
      "fcf_margin": -0.17561927092281726,
      "incr_op_margin_yoy": -12.933823529411764,
      "rev_growth_yoy": -0.012219105329885896,
      "rev_growth_yoy_accel": -0.22109987002008735,
      "fcf_margin_change": 0.0006108828070214567
    },
    {
      "date": "2022-06-30T00:00:00",
      "quarter_label": "2022-06 (Q2)",
      "revenue": 120479000,
      "gross_profit": 18321000,
      "operating_income": 3241000,
      "net_income": 1358000,
      "opex": 15080000,
      "cogs": 102158000,
      "rd": 4554000,
      "sga": null,
      "fcf": -12816000,
      "ocf": -12816000,
      "capex": null,
      "gross_margin": 0.15206799525228462,
      "op_margin": 0.026900953693174745,
      "fcf_margin": -0.1063753849218536,
      "incr_op_margin_yoy": 1.98644595044995,
      "rev_growth_yoy": 0.08074238863273471,
      "rev_growth_yoy_accel": 0.0929614939626206,
      "op_leverage_ratio": Infinity,
      "fcf_margin_change": 0.06924388600096366
    },
    {
      "date": "2022-09-30T00:00:00",
      "quarter_label": "2022-09 (Q3)",
      "revenue": 124900000,
      "gross_profit": 24108000,
      "operating_income": 7222000,
      "net_income": 3192000,
      "opex": 16886000,
      "cogs": 100792000,
      "rd": 4819000,
      "sga": null,
      "fcf": 12486000,
      "ocf": 12486000,
      "capex": null,
      "gross_margin": 0.19301841473178544,
      "op_margin": 0.057822257806244996,
      "fcf_margin": 0.0999679743795036,
      "incr_op_margin_yoy": 1.7756533700137551,
      "rev_growth_yoy": 0.061803961574428294,
      "rev_growth_yoy_accel": -0.018938427058306416,
      "op_leverage_ratio": 0.30640281878893955,
      "fcf_margin_change": 0.2063433593013572
    },
    {
      "date": "2022-12-31T00:00:00",
      "quarter_label": "2022-12 (Q4)",
      "revenue": 137007000,
      "gross_profit": 29418000,
      "operating_income": 13908000,
      "net_income": 9319000,
      "opex": 15510000,
      "cogs": 107589000,
      "rd": 4965000,
      "sga": null,
      "fcf": 8862000,
      "ocf": 8862000,
      "capex": null,
      "gross_margin": 0.21471895596575358,
      "op_margin": 0.10151306137642602,
      "fcf_margin": 0.06468282642492719,
      "incr_op_margin_yoy": 1.9492573023626758,
      "rev_growth_yoy": 0.07899918094758064,
      "rev_growth_yoy_accel": 0.017195219373152347,
      "op_leverage_ratio": Infinity,
      "fcf_margin_change": -0.03528514795457641
    },
    {
      "date": "2023-03-31T00:00:00",
      "quarter_label": "2023-03 (Q1)",
      "revenue": 116469000,
      "gross_profit": 23469000,
      "operating_income": 8524000,
      "net_income": 3724000,
      "opex": 14945000,
      "cogs": 93000000,
      "rd": 4604000,
      "sga": null,
      "fcf": 5001000,
      "ocf": 5001000,
      "capex": null,
      "gross_margin": 0.20150426293691884,
      "op_margin": 0.07318685658844842,
      "fcf_margin": 0.042938464312392136,
      "incr_op_margin_yoy": 0.473233649126812,
      "rev_growth_yoy": 0.17708470191112413,
      "rev_growth_yoy_accel": 0.09808552096354349,
      "fcf_margin_change": -0.021744362112535054
    },
    {
      "date": "2023-06-30T00:00:00",
      "quarter_label": "2023-06 (Q2)",
      "revenue": 121865000,
      "gross_profit": 26954000,
      "operating_income": 11305000,
      "net_income": 6417000,
      "opex": 15649000,
      "cogs": 94911000,
      "rd": 4662000,
      "sga": null,
      "fcf": 21573000,
      "ocf": 21573000,
      "capex": null,
      "gross_margin": 0.2211791736757888,
      "op_margin": 0.09276658597628523,
      "fcf_margin": 0.17702375579534732,
      "incr_op_margin_yoy": 5.818181818181818,
      "rev_growth_yoy": 0.011504079549133043,
      "rev_growth_yoy_accel": -0.1655806223619911,
      "op_leverage_ratio": 0.9835237566141283,
      "fcf_margin_change": 0.13408529148295517
    },
    {
      "date": "2023-09-30T00:00:00",
      "quarter_label": "2023-09 (Q3)",
      "revenue": 115884000,
      "gross_profit": 27905000,
      "operating_income": 12112000,
      "net_income": 7795000,
      "opex": 15793000,
      "cogs": 87979000,
      "rd": 4762000,
      "sga": null,
      "fcf": 35543000,
      "ocf": 35543000,
      "capex": null,
      "gross_margin": 0.24080114597355975,
      "op_margin": 0.10451831141486313,
      "fcf_margin": 0.3067118842980912,
      "incr_op_margin_yoy": -0.5423691215616682,
      "rev_growth_yoy": -0.07218574859887911,
      "rev_growth_yoy_accel": -0.08368982814801215,
      "fcf_margin_change": 0.1296881285027439
    },
    {
      "date": "2023-12-31T00:00:00",
      "quarter_label": "2023-12 (Q4)",
      "revenue": 104755000,
      "gross_profit": 27536000,
      "operating_income": 12334000,
      "net_income": 8370000,
      "opex": 15202000,
      "cogs": 77219000,
      "rd": 5429000,
      "sga": null,
      "fcf": 8395000,
      "ocf": 8395000,
      "capex": null,
      "gross_margin": 0.2628609612906305,
      "op_margin": 0.11774139659204812,
      "fcf_margin": 0.08013937282229965,
      "incr_op_margin_yoy": 0.048803174996899415,
      "rev_growth_yoy": -0.23540403045099886,
      "rev_growth_yoy_accel": -0.16321828185211976,
      "fcf_margin_change": -0.22657251147579155
    },
    {
      "date": "2024-03-31T00:00:00",
      "quarter_label": "2024-03 (Q1)",
      "revenue": 95240000,
      "gross_profit": 25756000,
      "operating_income": 10662000,
      "net_income": 7115000,
      "opex": 15094000,
      "cogs": 69484000,
      "rd": 5197000,
      "sga": null,
      "fcf": 15630000,
      "ocf": 15630000,
      "capex": null,
      "gross_margin": 0.27043259134817305,
      "op_margin": 0.1119487610247795,
      "fcf_margin": 0.16411171776564468,
      "incr_op_margin_yoy": -0.10071129115832117,
      "rev_growth_yoy": -0.18227167744206613,
      "rev_growth_yoy_accel": 0.05313235300893274,
      "fcf_margin_change": 0.08397234494334503
    },
    {
      "date": "2024-06-30T00:00:00",
      "quarter_label": "2024-06 (Q2)",
      "revenue": 110586000,
      "gross_profit": 35188000,
      "operating_income": 25344000,
      "net_income": 21540000,
      "opex": 9844000,
      "cogs": 75398000,
      "rd": 4959000,
      "sga": null,
      "fcf": 1534000,
      "ocf": 1534000,
      "capex": null,
      "gross_margin": 0.31819579331922665,
      "op_margin": 0.2291791004286257,
      "fcf_margin": 0.013871556978279348,
      "incr_op_margin_yoy": -1.244702544551822,
      "rev_growth_yoy": -0.09255323513724203,
      "rev_growth_yoy_accel": 0.08971844230482409,
      "op_leverage_ratio": Infinity,
      "fcf_margin_change": -0.15024016078736532
    },
    {
      "date": "2024-09-30T00:00:00",
      "quarter_label": "2024-09 (Q3)",
      "revenue": 125842000,
      "gross_profit": 36424000,
      "operating_income": 20451000,
      "net_income": 17337000,
      "opex": 15973000,
      "cogs": 89418000,
      "rd": 4651000,
      "sga": null,
      "fcf": 12575000,
      "ocf": 12575000,
      "capex": null,
      "gross_margin": 0.2894423165556809,
      "op_margin": 0.1625133103415394,
      "fcf_margin": 0.09992689245244037,
      "incr_op_margin_yoy": 0.8374171520385619,
      "rev_growth_yoy": 0.08593075834455145,
      "rev_growth_yoy_accel": 0.1784839934817935,
      "op_leverage_ratio": 0.22157589602529104,
      "fcf_margin_change": 0.08605533547416101
    },
    {
      "date": "2024-12-31T00:00:00",
      "quarter_label": "2024-12 (Q4)",
      "revenue": 144299000,
      "gross_profit": 43169000,
      "operating_income": 25187000,
      "net_income": 23287000,
      "opex": 17982000,
      "cogs": 101130000,
      "rd": 5249000,
      "sga": null,
      "fcf": 32651000,
      "ocf": 32651000,
      "capex": null,
      "gross_margin": 0.29916354236689097,
      "op_margin": 0.1745472941600427,
      "fcf_margin": 0.22627322434666908,
      "incr_op_margin_yoy": 0.32503034594375885,
      "rev_growth_yoy": 0.37749033459023434,
      "rev_growth_yoy_accel": 0.2915595762456829,
      "op_leverage_ratio": 1.166116808210259,
      "fcf_margin_change": 0.12634633189422873
    },
    {
      "date": "2025-03-31T00:00:00",
      "quarter_label": "2025-03 (Q1)",
      "revenue": 135446000,
      "gross_profit": 40294000,
      "operating_income": 24634000,
      "net_income": 19082000,
      "opex": 15660000,
      "cogs": 95152000,
      "rd": 4244000,
      "sga": null,
      "fcf": 8811000,
      "ocf": 8811000,
      "capex": null,
      "gross_margin": 0.29749125112590996,
      "op_margin": 0.18187321884736352,
      "fcf_margin": 0.06505175494292928,
      "incr_op_margin_yoy": 0.34751032184251107,
      "rev_growth_yoy": 0.42215455690886183,
      "rev_growth_yoy_accel": 0.04466422231862749,
      "fcf_margin_change": -0.1612214694037398
    },
    {
      "date": "2025-06-30T00:00:00",
      "quarter_label": "2025-06 (Q2)",
      "revenue": 191907000,
      "gross_profit": 54083000,
      "operating_income": 32482000,
      "net_income": 51212000,
      "opex": 21601000,
      "cogs": 137824000,
      "rd": 4615000,
      "sga": null,
      "fcf": 16663000,
      "ocf": 16663000,
      "capex": null,
      "gross_margin": 0.2818187976467768,
      "op_margin": 0.16925906819449005,
      "fcf_margin": 0.08682851589572033,
      "incr_op_margin_yoy": 0.08777560531719975,
      "rev_growth_yoy": 0.7353643318322391,
      "rev_growth_yoy_accel": 0.3132097749233773,
      "op_leverage_ratio": 1.0987897189831695,
      "fcf_margin_change": 0.021776760952791047
    },
    {
      "date": "2025-09-30T00:00:00",
      "quarter_label": "2025-09 (Q3)",
      "revenue": 203829000,
      "gross_profit": 48711000,
      "operating_income": 28357000,
      "net_income": 27616000,
      "opex": 20354000,
      "cogs": 155118000,
      "rd": 4790000,
      "sga": null,
      "fcf": 3256000,
      "ocf": 3256000,
      "capex": null,
      "gross_margin": 0.23897973301149492,
      "op_margin": 0.13912151852778554,
      "fcf_margin": 0.01597417443052755,
      "incr_op_margin_yoy": 0.10137587033736392,
      "rev_growth_yoy": 0.6197215556014685,
      "rev_growth_yoy_accel": -0.11564277623077068,
      "op_leverage_ratio": Infinity,
      "fcf_margin_change": -0.07085434146519277
    }
  ],
  "signals": [
    {
      "quarter": "2025-09 (Q3)",
      "signal": "YoY REVENUE GROWTH DECELERATION",
      "detail": "YoY growth: +62.0% vs prior quarter YoY: +73.5% (decel: -11.6%)",
      "severity": "WARNING"
    },
    {
      "quarter": "2025-06 (Q2)",
      "signal": "YoY REVENUE GROWTH ACCELERATION",
      "detail": "YoY growth: +73.5% vs prior quarter YoY: +42.2% (accel: +31.3%)",
      "severity": "HIGH"
    },
    {
      "quarter": "2025-03 (Q1)",
      "signal": "INCREMENTAL MARGIN (YoY)",
      "detail": "YoY Incr OPM: +34.8% vs year-ago OPM: +11.2%",
      "severity": "HIGH"
    },
    {
      "quarter": "2024-12 (Q4)",
      "signal": "FCF MARGIN EXPANSION",
      "detail": "FCF margin: +10.0% -> +22.6% (+12.6%)",
      "severity": "MEDIUM"
    },
    {
      "quarter": "2024-12 (Q4)",
      "signal": "YoY REVENUE GROWTH ACCELERATION",
      "detail": "YoY growth: +37.7% vs prior quarter YoY: +8.6% (accel: +29.2%)",
      "severity": "HIGH"
    },
    {
      "quarter": "2024-12 (Q4)",
      "signal": "INCREMENTAL MARGIN (YoY)",
      "detail": "YoY Incr OPM: +32.5% vs year-ago OPM: +11.8%",
      "severity": "HIGH"
    },
    {
      "quarter": "2024-09 (Q3)",
      "signal": "FCF MARGIN EXPANSION",
      "detail": "FCF margin: +1.4% -> +10.0% (+8.6%)",
      "severity": "MEDIUM"
    },
    {
      "quarter": "2024-09 (Q3)",
      "signal": "YoY REVENUE GROWTH ACCELERATION",
      "detail": "YoY growth: +8.6% vs prior quarter YoY: -9.3% (accel: +17.8%)",
      "severity": "HIGH"
    },
    {
      "quarter": "2024-09 (Q3)",
      "signal": "INCREMENTAL MARGIN (YoY)",
      "detail": "YoY Incr OPM: +83.7% vs year-ago OPM: +10.5%",
      "severity": "HIGH"
    },
    {
      "quarter": "2024-06 (Q2)",
      "signal": "YoY REVENUE GROWTH ACCELERATION",
      "detail": "YoY growth: -9.3% vs prior quarter YoY: -18.2% (accel: +9.0%)",
      "severity": "MEDIUM"
    },
    {
      "quarter": "2024-03 (Q1)",
      "signal": "FCF MARGIN EXPANSION",
      "detail": "FCF margin: +8.0% -> +16.4% (+8.4%)",
      "severity": "MEDIUM"
    },
    {
      "quarter": "2024-03 (Q1)",
      "signal": "YoY REVENUE GROWTH ACCELERATION",
      "detail": "YoY growth: -18.2% vs prior quarter YoY: -23.5% (accel: +5.3%)",
      "severity": "MEDIUM"
    },
    {
      "quarter": "2023-12 (Q4)",
      "signal": "YoY REVENUE GROWTH DECELERATION",
      "detail": "YoY growth: -23.5% vs prior quarter YoY: -7.2% (decel: -16.3%)",
      "severity": "WARNING"
    },
    {
      "quarter": "2023-09 (Q3)",
      "signal": "FCF MARGIN EXPANSION",
      "detail": "FCF margin: +17.7% -> +30.7% (+13.0%)",
      "severity": "MEDIUM"
    },
    {
      "quarter": "2023-09 (Q3)",
      "signal": "YoY REVENUE GROWTH DECELERATION",
      "detail": "YoY growth: -7.2% vs prior quarter YoY: +1.2% (decel: -8.4%)",
      "severity": "WARNING"
    },
    {
      "quarter": "2023-06 (Q2)",
      "signal": "FCF MARGIN EXPANSION",
      "detail": "FCF margin: +4.3% -> +17.7% (+13.4%)",
      "severity": "MEDIUM"
    },
    {
      "quarter": "2023-06 (Q2)",
      "signal": "YoY REVENUE GROWTH DECELERATION",
      "detail": "YoY growth: +1.2% vs prior quarter YoY: +17.7% (decel: -16.6%)",
      "severity": "WARNING"
    },
    {
      "quarter": "2023-06 (Q2)",
      "signal": "INCREMENTAL MARGIN (YoY)",
      "detail": "YoY Incr OPM: +581.8% vs year-ago OPM: +2.7%",
      "severity": "HIGH"
    },
    {
      "quarter": "2023-03 (Q1)",
      "signal": "YoY REVENUE GROWTH ACCELERATION",
      "detail": "YoY growth: +17.7% vs prior quarter YoY: +7.9% (accel: +9.8%)",
      "severity": "MEDIUM"
    },
    {
      "quarter": "2023-03 (Q1)",
      "signal": "INCREMENTAL MARGIN (YoY)",
      "detail": "YoY Incr OPM: +47.3% vs year-ago OPM: +0.2%",
      "severity": "HIGH"
    },
    {
      "quarter": "2022-12 (Q4)",
      "signal": "OP MARGIN TURNED POSITIVE (YoY)",
      "detail": "Op margin: -4.4% (year-ago) -> +10.2%",
      "severity": "HIGH"
    },
    {
      "quarter": "2022-09 (Q3)",
      "signal": "FCF TURNED POSITIVE",
      "detail": "FCF margin: -10.6% -> +10.0%",
      "severity": "HIGH"
    },
    {
      "quarter": "2022-09 (Q3)",
      "signal": "GROSS MARGIN INFLECTION",
      "detail": "GM: +16.9% -> +15.2% -> +19.3% (reversal +4.1%)",
      "severity": "MEDIUM"
    },
    {
      "quarter": "2022-09 (Q3)",
      "signal": "OP MARGIN TURNED POSITIVE (YoY)",
      "detail": "Op margin: -4.8% (year-ago) -> +5.8%",
      "severity": "HIGH"
    },
    {
      "quarter": "2022-06 (Q2)",
      "signal": "FCF MARGIN EXPANSION",
      "detail": "FCF margin: -17.6% -> -10.6% (+6.9%)",
      "severity": "MEDIUM"
    },
    {
      "quarter": "2022-06 (Q2)",
      "signal": "YoY REVENUE GROWTH ACCELERATION",
      "detail": "YoY growth: +8.1% vs prior quarter YoY: -1.2% (accel: +9.3%)",
      "severity": "MEDIUM"
    },
    {
      "quarter": "2022-06 (Q2)",
      "signal": "OP MARGIN TURNED POSITIVE (YoY)",
      "detail": "Op margin: -13.1% (year-ago) -> +2.7%",
      "severity": "HIGH"
    },
    {
      "quarter": "2022-03 (Q1)",
      "signal": "GROSS MARGIN INFLECTION",
      "detail": "GM: +9.6% -> +7.6% -> +16.9% (reversal +9.3%)",
      "severity": "HIGH"
    },
    {
      "quarter": "2022-03 (Q1)",
      "signal": "YoY REVENUE GROWTH DECELERATION",
      "detail": "YoY growth: -1.2% vs prior quarter YoY: +20.9% (decel: -22.1%)",
      "severity": "WARNING"
    },
    {
      "quarter": "2022-03 (Q1)",
      "signal": "OP MARGIN TURNED POSITIVE (YoY)",
      "detail": "Op margin: -15.6% (year-ago) -> +0.2%",
      "severity": "HIGH"
    },
    {
      "quarter": "2022-03 (Q1)",
      "signal": "OP MARGIN TURNED POSITIVE (QoQ)",
      "detail": "Op margin: -4.4% -> +0.2%",
      "severity": "HIGH"
    },
    {
      "quarter": "2021-06 (Q2)",
      "signal": "GROSS MARGIN INFLECTION",
      "detail": "GM: +17.9% -> +7.1% -> +11.8% (reversal +4.8%)",
      "severity": "MEDIUM"
    },
    {
      "quarter": "2021-03 (Q1)",
      "signal": "FCF TURNED POSITIVE",
      "detail": "FCF margin: -5.1% -> +5.7%",
      "severity": "HIGH"
    }
  ],
  "data_quality": {
    "n_quarters": 20,
    "coverage": {
      "revenue": [
        20,
        20
      ],
      "gross_profit": [
        20,
        20
      ],
      "op_income": [
        20,
        20
      ],
      "fcf": [
        20,
        20
      ]
    },
    "gaps": [],
    "warnings": []
  },
  "market_cap": null,
  "source": "SEC EDGAR",
  "last_updated": "2026-02-02T21:43:13.994819"
}