{
  "ticker": "PSN",
  "name": "Parsons Corporation",
  "quarters": [
    {
      "date": "2020-12-31T00:00:00",
      "quarter_label": "2020-12 (Q4)",
      "revenue": 964258000,
      "gross_profit": 229896000,
      "operating_income": 41579000,
      "net_income": 21611000,
      "opex": 188317000,
      "cogs": 734362000,
      "rd": null,
      "sga": 191752000,
      "fcf": 175722000,
      "ocf": 175722000,
      "capex": null,
      "gross_margin": 0.23841751896276722,
      "op_margin": 0.04312020226951708,
      "fcf_margin": 0.18223545980432623
    },
    {
      "date": "2021-03-31T00:00:00",
      "quarter_label": "2021-03 (Q1)",
      "revenue": 874697000,
      "gross_profit": 205615000,
      "operating_income": 25623000,
      "net_income": 9039000,
      "opex": 179992000,
      "cogs": 669082000,
      "rd": null,
      "sga": 187522000,
      "fcf": -65965000,
      "ocf": -65965000,
      "capex": null,
      "gross_margin": 0.2350699728020103,
      "op_margin": 0.02929357251711164,
      "fcf_margin": -0.07541468645713888,
      "fcf_margin_change": -0.2576501462614651
    },
    {
      "date": "2021-06-30T00:00:00",
      "quarter_label": "2021-06 (Q2)",
      "revenue": 879356000,
      "gross_profit": 199028000,
      "operating_income": 20218000,
      "net_income": 6702000,
      "opex": 178810000,
      "cogs": 680328000,
      "rd": null,
      "sga": 188238000,
      "fcf": 104428000,
      "ocf": 104428000,
      "capex": null,
      "gross_margin": 0.22633381702063782,
      "op_margin": 0.022991825836180115,
      "fcf_margin": 0.11875508895145993,
      "fcf_margin_change": 0.1941697754085988
    },
    {
      "date": "2021-09-30T00:00:00",
      "quarter_label": "2021-09 (Q3)",
      "revenue": 956050000,
      "gross_profit": 221398000,
      "operating_income": 39737000,
      "net_income": 19358000,
      "opex": 181661000,
      "cogs": 734652000,
      "rd": null,
      "sga": 191231000,
      "fcf": 77251000,
      "ocf": 77251000,
      "capex": null,
      "gross_margin": 0.2315757544061503,
      "op_margin": 0.04156372574656137,
      "fcf_margin": 0.08080225929606193,
      "op_leverage_ratio": 5.4700493412489655,
      "fcf_margin_change": -0.03795282965539801
    },
    {
      "date": "2021-12-31T00:00:00",
      "quarter_label": "2021-12 (Q4)",
      "revenue": 950668000,
      "gross_profit": 226780000,
      "operating_income": 46868000,
      "net_income": 28973000,
      "opex": 179912000,
      "cogs": 723888000,
      "rd": null,
      "sga": 190246000,
      "fcf": 89860000,
      "ocf": 89860000,
      "capex": null,
      "gross_margin": 0.23854805252727557,
      "op_margin": 0.04930007110789466,
      "fcf_margin": 0.09452300908413873,
      "incr_op_margin_yoy": -0.3891832229580574,
      "rev_growth_yoy": -0.014093738397814692,
      "fcf_margin_change": 0.013720749788076803
    },
    {
      "date": "2022-03-31T00:00:00",
      "quarter_label": "2022-03 (Q1)",
      "revenue": 949069000,
      "gross_profit": 215169000,
      "operating_income": 35690000,
      "net_income": 20667000,
      "opex": 179479000,
      "cogs": 733900000,
      "rd": null,
      "sga": 185077000,
      "fcf": -25714000,
      "ocf": -25714000,
      "capex": null,
      "gross_margin": 0.2267158657589701,
      "op_margin": 0.03760527422136852,
      "fcf_margin": -0.027093920463106477,
      "incr_op_margin_yoy": 0.13536008175119668,
      "rev_growth_yoy": 0.08502601472281258,
      "rev_growth_yoy_accel": 0.09911975312062728,
      "fcf_margin_change": -0.1216169295472452
    },
    {
      "date": "2022-06-30T00:00:00",
      "quarter_label": "2022-06 (Q2)",
      "revenue": 1008721000,
      "gross_profit": 226949000,
      "operating_income": 32630000,
      "net_income": 18295000,
      "opex": 194319000,
      "cogs": 781772000,
      "rd": null,
      "sga": 199932000,
      "fcf": 51050000,
      "ocf": 51050000,
      "capex": null,
      "gross_margin": 0.22498688933808259,
      "op_margin": 0.03234789401628399,
      "fcf_margin": 0.05060864203283168,
      "incr_op_margin_yoy": 0.09594558033471186,
      "rev_growth_yoy": 0.14711334203667228,
      "rev_growth_yoy_accel": 0.0620873273138597,
      "op_leverage_ratio": 0.760163410134839,
      "fcf_margin_change": 0.07770256249593815
    },
    {
      "date": "2022-09-30T00:00:00",
      "quarter_label": "2022-09 (Q3)",
      "revenue": 1134370000,
      "gross_profit": 261947000,
      "operating_income": 64013000,
      "net_income": 29571000,
      "opex": 197934000,
      "cogs": 872423000,
      "rd": null,
      "sga": 196960000,
      "fcf": 123032000,
      "ocf": 123032000,
      "capex": null,
      "gross_margin": 0.2309184833872546,
      "op_margin": 0.05643044156668459,
      "fcf_margin": 0.10845843948623465,
      "incr_op_margin_yoy": 0.1361372812920592,
      "rev_growth_yoy": 0.18651744155640396,
      "rev_growth_yoy_accel": 0.03940409951973167,
      "op_leverage_ratio": 6.695683851504474,
      "fcf_margin_change": 0.057849797453402976
    },
    {
      "date": "2022-12-31T00:00:00",
      "quarter_label": "2022-12 (Q4)",
      "revenue": 1103112000,
      "gross_profit": 242657000,
      "operating_income": 53333000,
      "net_income": 28131000,
      "opex": 189324000,
      "cogs": 860455000,
      "rd": null,
      "sga": 195434000,
      "fcf": 89158000,
      "ocf": 89158000,
      "capex": null,
      "gross_margin": 0.2199749436140664,
      "op_margin": 0.04834776523145429,
      "fcf_margin": 0.0808240686349165,
      "incr_op_margin_yoy": 0.04240901576972528,
      "rev_growth_yoy": 0.16035461380839577,
      "rev_growth_yoy_accel": -0.026162827748008183,
      "fcf_margin_change": -0.02763437085131816
    },
    {
      "date": "2023-03-31T00:00:00",
      "quarter_label": "2023-03 (Q1)",
      "revenue": 1173466000,
      "gross_profit": 256278000,
      "operating_income": 51130000,
      "net_income": 25553000,
      "opex": 205148000,
      "cogs": 917188000,
      "rd": null,
      "sga": 199308000,
      "fcf": -8990000,
      "ocf": -8990000,
      "capex": null,
      "gross_margin": 0.21839405658110247,
      "op_margin": 0.0435717779637416,
      "fcf_margin": -0.0076610655954241534,
      "incr_op_margin_yoy": 0.06880662397447382,
      "rev_growth_yoy": 0.23643907871819647,
      "rev_growth_yoy_accel": 0.0760844649098007,
      "op_leverage_ratio": 0.7630598147074249,
      "fcf_margin_change": -0.08848513423034064
    },
    {
      "date": "2023-06-30T00:00:00",
      "quarter_label": "2023-06 (Q2)",
      "revenue": 1356486000,
      "gross_profit": 288266000,
      "operating_income": 76444000,
      "net_income": 43241000,
      "opex": 211822000,
      "cogs": 1068220000,
      "rd": null,
      "sga": 211897000,
      "fcf": 22976000,
      "ocf": 22976000,
      "capex": null,
      "gross_margin": 0.21250938085612384,
      "op_margin": 0.05635443344052205,
      "fcf_margin": 0.01693788214548473,
      "incr_op_margin_yoy": 0.1259873765330036,
      "rev_growth_yoy": 0.3447583623221882,
      "rev_growth_yoy_accel": 0.10831928360399173,
      "op_leverage_ratio": 4.794122480154239,
      "fcf_margin_change": 0.024598947740908882
    },
    {
      "date": "2023-09-30T00:00:00",
      "quarter_label": "2023-09 (Q3)",
      "revenue": 1418571000,
      "gross_profit": 294266000,
      "operating_income": 83340000,
      "net_income": 47447000,
      "opex": 210926000,
      "cogs": 1124305000,
      "rd": null,
      "sga": 221188000,
      "fcf": 203580000,
      "ocf": 203580000,
      "capex": null,
      "gross_margin": 0.20743833054531638,
      "op_margin": 0.05874926246201283,
      "fcf_margin": 0.14351061737480889,
      "incr_op_margin_yoy": 0.06800468682376205,
      "rev_growth_yoy": 0.2505364210971729,
      "rev_growth_yoy_accel": -0.09422194122501532,
      "op_leverage_ratio": Infinity,
      "fcf_margin_change": 0.12657273522932416
    },
    {
      "date": "2023-12-31T00:00:00",
      "quarter_label": "2023-12 (Q4)",
      "revenue": 1494226000,
      "gross_profit": 367204000,
      "operating_income": 77444000,
      "net_income": 44908000,
      "opex": 289760000,
      "cogs": 1127022000,
      "rd": null,
      "sga": 237512000,
      "fcf": 190133000,
      "ocf": 190133000,
      "capex": null,
      "gross_margin": 0.2457486350792986,
      "op_margin": 0.05182883981405758,
      "fcf_margin": 0.12724514230109768,
      "incr_op_margin_yoy": 0.06164698783474895,
      "rev_growth_yoy": 0.3545551131707388,
      "rev_growth_yoy_accel": 0.1040186920735659,
      "op_leverage_ratio": 0.14269314567118666,
      "fcf_margin_change": -0.016265475073711205
    },
    {
      "date": "2024-03-31T00:00:00",
      "quarter_label": "2024-03 (Q1)",
      "revenue": 1535676000,
      "gross_profit": 324849000,
      "operating_income": 101844000,
      "net_income": -107355000,
      "opex": 223005000,
      "cogs": 1210827000,
      "rd": null,
      "sga": 220945000,
      "fcf": -63420000,
      "ocf": -63420000,
      "capex": null,
      "gross_margin": 0.21153485500847835,
      "op_margin": 0.06631867659584444,
      "fcf_margin": -0.04129777374915021,
      "incr_op_margin_yoy": 0.14001269981502443,
      "rev_growth_yoy": 0.3086668041511216,
      "rev_growth_yoy_accel": -0.04588830901961721,
      "op_leverage_ratio": Infinity,
      "fcf_margin_change": -0.1685429160502479
    },
    {
      "date": "2024-06-30T00:00:00",
      "quarter_label": "2024-06 (Q2)",
      "revenue": 1670467000,
      "gross_profit": 351536000,
      "operating_income": 111422000,
      "net_income": 69172000,
      "opex": 240114000,
      "cogs": 1318931000,
      "rd": null,
      "sga": 223277000,
      "fcf": 161227000,
      "ocf": 161227000,
      "capex": null,
      "gross_margin": 0.21044175072000823,
      "op_margin": 0.0667011081332346,
      "fcf_margin": 0.09651612393420522,
      "incr_op_margin_yoy": 0.11140164532248767,
      "rev_growth_yoy": 0.23146645081482595,
      "rev_growth_yoy_accel": -0.07720035333629563,
      "op_leverage_ratio": 1.1440665091131765,
      "fcf_margin_change": 0.13781389768335545
    },
    {
      "date": "2024-09-30T00:00:00",
      "quarter_label": "2024-09 (Q3)",
      "revenue": 1810116000,
      "gross_profit": 360285000,
      "operating_income": 114988000,
      "net_income": 71951000,
      "opex": 245297000,
      "cogs": 1449831000,
      "rd": null,
      "sga": 246169000,
      "fcf": 299033000,
      "ocf": 299033000,
      "capex": null,
      "gross_margin": 0.1990397300504498,
      "op_margin": 0.06352521053899308,
      "fcf_margin": 0.16520101474159668,
      "incr_op_margin_yoy": 0.08082851268691976,
      "rev_growth_yoy": 0.27601367855398146,
      "rev_growth_yoy_accel": 0.04454722773915551,
      "op_leverage_ratio": 3.8728992854718025,
      "fcf_margin_change": 0.06868489080739146
    },
    {
      "date": "2024-12-31T00:00:00",
      "quarter_label": "2024-12 (Q4)",
      "revenue": 1734317000,
      "gross_profit": 369752000,
      "operating_income": 99812000,
      "net_income": 54180000,
      "opex": 269940000,
      "cogs": 1364565000,
      "rd": null,
      "sga": 264604000,
      "fcf": 126766000,
      "ocf": 126766000,
      "capex": null,
      "gross_margin": 0.21319747197311678,
      "op_margin": 0.05755118585587295,
      "fcf_margin": 0.0730927506332464,
      "incr_op_margin_yoy": 0.09316467506070615,
      "rev_growth_yoy": 0.16067917436853596,
      "rev_growth_yoy_accel": -0.1153345041854455,
      "fcf_margin_change": -0.09210826410835028
    },
    {
      "date": "2025-03-31T00:00:00",
      "quarter_label": "2025-03 (Q1)",
      "revenue": 1554360000,
      "gross_profit": 353983000,
      "operating_income": 109233000,
      "net_income": 66203000,
      "opex": 244750000,
      "cogs": 1200377000,
      "rd": null,
      "sga": 244063000,
      "fcf": -11787000,
      "ocf": -11787000,
      "capex": null,
      "gross_margin": 0.22773553102241437,
      "op_margin": 0.07027522581641318,
      "fcf_margin": -0.007583185362464294,
      "incr_op_margin_yoy": 0.39547206165703275,
      "rev_growth_yoy": 0.012166628898283231,
      "rev_growth_yoy_accel": -0.14851254547025272,
      "fcf_margin_change": -0.08067593599571068
    },
    {
      "date": "2025-06-30T00:00:00",
      "quarter_label": "2025-06 (Q2)",
      "revenue": 1584323000,
      "gross_profit": 348353000,
      "operating_income": 95661000,
      "net_income": 55230000,
      "opex": 252692000,
      "cogs": 1235970000,
      "rd": null,
      "sga": 252050000,
      "fcf": 159801000,
      "ocf": 159801000,
      "capex": null,
      "gross_margin": 0.21987498761300567,
      "op_margin": 0.060379733173096646,
      "fcf_margin": 0.10086390212096902,
      "incr_op_margin_yoy": 0.182961088410104,
      "rev_growth_yoy": -0.05156881279306924,
      "rev_growth_yoy_accel": -0.06373544169135248,
      "op_leverage_ratio": 0.5940547878226409,
      "fcf_margin_change": 0.10844708748343332
    },
    {
      "date": "2025-09-30T00:00:00",
      "quarter_label": "2025-09 (Q3)",
      "revenue": 1621748000,
      "gross_profit": 359855000,
      "operating_income": 107955000,
      "net_income": 64123000,
      "opex": 251900000,
      "cogs": 1261893000,
      "rd": null,
      "sga": 260166000,
      "fcf": 162850000,
      "ocf": 162850000,
      "capex": null,
      "gross_margin": 0.2218932904495643,
      "op_margin": 0.06656706220695201,
      "fcf_margin": 0.10041634088650024,
      "incr_op_margin_yoy": 0.03733649027435658,
      "rev_growth_yoy": -0.10406404893388048,
      "rev_growth_yoy_accel": -0.05249523614081124,
      "op_leverage_ratio": Infinity,
      "fcf_margin_change": -0.0004475612344687768
    }
  ],
  "signals": [
    {
      "quarter": "2025-09 (Q3)",
      "signal": "YoY REVENUE GROWTH DECELERATION",
      "detail": "YoY growth: -10.4% vs prior quarter YoY: -5.2% (decel: -5.2%)",
      "severity": "WARNING"
    },
    {
      "quarter": "2025-06 (Q2)",
      "signal": "FCF TURNED POSITIVE",
      "detail": "FCF margin: -0.8% -> +10.1%",
      "severity": "HIGH"
    },
    {
      "quarter": "2025-06 (Q2)",
      "signal": "YoY REVENUE GROWTH DECELERATION",
      "detail": "YoY growth: -5.2% vs prior quarter YoY: +1.2% (decel: -6.4%)",
      "severity": "WARNING"
    },
    {
      "quarter": "2025-06 (Q2)",
      "signal": "INCREMENTAL MARGIN (YoY)",
      "detail": "YoY Incr OPM: +18.3% vs year-ago OPM: +6.7%",
      "severity": "MEDIUM"
    },
    {
      "quarter": "2025-03 (Q1)",
      "signal": "YoY REVENUE GROWTH DECELERATION",
      "detail": "YoY growth: +1.2% vs prior quarter YoY: +16.1% (decel: -14.9%)",
      "severity": "WARNING"
    },
    {
      "quarter": "2025-03 (Q1)",
      "signal": "INCREMENTAL MARGIN (YoY)",
      "detail": "YoY Incr OPM: +39.5% vs year-ago OPM: +6.6%",
      "severity": "HIGH"
    },
    {
      "quarter": "2024-12 (Q4)",
      "signal": "YoY REVENUE GROWTH DECELERATION",
      "detail": "YoY growth: +16.1% vs prior quarter YoY: +27.6% (decel: -11.5%)",
      "severity": "WARNING"
    },
    {
      "quarter": "2024-09 (Q3)",
      "signal": "FCF MARGIN EXPANSION",
      "detail": "FCF margin: +9.7% -> +16.5% (+6.9%)",
      "severity": "MEDIUM"
    },
    {
      "quarter": "2024-09 (Q3)",
      "signal": "OPERATING LEVERAGE",
      "detail": "Rev growth +8.4% vs OpEx growth +2.2% (leverage: 3.9x)",
      "severity": "MEDIUM"
    },
    {
      "quarter": "2024-06 (Q2)",
      "signal": "FCF TURNED POSITIVE",
      "detail": "FCF margin: -4.1% -> +9.7%",
      "severity": "HIGH"
    },
    {
      "quarter": "2024-06 (Q2)",
      "signal": "YoY REVENUE GROWTH DECELERATION",
      "detail": "YoY growth: +23.1% vs prior quarter YoY: +30.9% (decel: -7.7%)",
      "severity": "WARNING"
    },
    {
      "quarter": "2023-12 (Q4)",
      "signal": "GROSS MARGIN INFLECTION",
      "detail": "GM: +21.3% -> +20.7% -> +24.6% (reversal +3.8%)",
      "severity": "MEDIUM"
    },
    {
      "quarter": "2023-12 (Q4)",
      "signal": "YoY REVENUE GROWTH ACCELERATION",
      "detail": "YoY growth: +35.5% vs prior quarter YoY: +25.1% (accel: +10.4%)",
      "severity": "MEDIUM"
    },
    {
      "quarter": "2023-09 (Q3)",
      "signal": "FCF MARGIN EXPANSION",
      "detail": "FCF margin: +1.7% -> +14.4% (+12.7%)",
      "severity": "MEDIUM"
    },
    {
      "quarter": "2023-09 (Q3)",
      "signal": "YoY REVENUE GROWTH DECELERATION",
      "detail": "YoY growth: +25.1% vs prior quarter YoY: +34.5% (decel: -9.4%)",
      "severity": "WARNING"
    },
    {
      "quarter": "2023-06 (Q2)",
      "signal": "FCF TURNED POSITIVE",
      "detail": "FCF margin: -0.8% -> +1.7%",
      "severity": "HIGH"
    },
    {
      "quarter": "2023-06 (Q2)",
      "signal": "OPERATING LEVERAGE",
      "detail": "Rev growth +15.6% vs OpEx growth +3.3% (leverage: 4.8x)",
      "severity": "MEDIUM"
    },
    {
      "quarter": "2023-06 (Q2)",
      "signal": "YoY REVENUE GROWTH ACCELERATION",
      "detail": "YoY growth: +34.5% vs prior quarter YoY: +23.6% (accel: +10.8%)",
      "severity": "MEDIUM"
    },
    {
      "quarter": "2023-03 (Q1)",
      "signal": "YoY REVENUE GROWTH ACCELERATION",
      "detail": "YoY growth: +23.6% vs prior quarter YoY: +16.0% (accel: +7.6%)",
      "severity": "MEDIUM"
    },
    {
      "quarter": "2022-09 (Q3)",
      "signal": "FCF MARGIN EXPANSION",
      "detail": "FCF margin: +5.1% -> +10.8% (+5.8%)",
      "severity": "MEDIUM"
    },
    {
      "quarter": "2022-09 (Q3)",
      "signal": "OPERATING LEVERAGE",
      "detail": "Rev growth +12.5% vs OpEx growth +1.9% (leverage: 6.7x)",
      "severity": "MEDIUM"
    },
    {
      "quarter": "2022-06 (Q2)",
      "signal": "FCF TURNED POSITIVE",
      "detail": "FCF margin: -2.7% -> +5.1%",
      "severity": "HIGH"
    },
    {
      "quarter": "2022-06 (Q2)",
      "signal": "YoY REVENUE GROWTH ACCELERATION",
      "detail": "YoY growth: +14.7% vs prior quarter YoY: +8.5% (accel: +6.2%)",
      "severity": "MEDIUM"
    },
    {
      "quarter": "2022-03 (Q1)",
      "signal": "YoY REVENUE GROWTH ACCELERATION",
      "detail": "YoY growth: +8.5% vs prior quarter YoY: -1.4% (accel: +9.9%)",
      "severity": "MEDIUM"
    },
    {
      "quarter": "2022-03 (Q1)",
      "signal": "INCREMENTAL MARGIN (YoY)",
      "detail": "YoY Incr OPM: +13.5% vs year-ago OPM: +2.9%",
      "severity": "MEDIUM"
    },
    {
      "quarter": "2021-09 (Q3)",
      "signal": "OPERATING LEVERAGE",
      "detail": "Rev growth +8.7% vs OpEx growth +1.6% (leverage: 5.5x)",
      "severity": "MEDIUM"
    },
    {
      "quarter": "2021-06 (Q2)",
      "signal": "FCF TURNED POSITIVE",
      "detail": "FCF margin: -7.5% -> +11.9%",
      "severity": "HIGH"
    }
  ],
  "data_quality": {
    "n_quarters": 20,
    "coverage": {
      "revenue": [
        20,
        20
      ],
      "gross_profit": [
        20,
        20
      ],
      "op_income": [
        20,
        20
      ],
      "fcf": [
        20,
        20
      ]
    },
    "gaps": [],
    "warnings": []
  },
  "market_cap": null,
  "source": "SEC EDGAR",
  "last_updated": "2026-02-02T20:48:06.023583"
}