{
  "ticker": "PSNL",
  "name": "Personalis, Inc.",
  "quarters": [
    {
      "date": "2020-12-31T00:00:00",
      "quarter_label": "2020-12 (Q4)",
      "revenue": 20176000,
      "gross_profit": 6070000,
      "operating_income": -13370000,
      "net_income": -13341000,
      "opex": 33546000,
      "cogs": 14106000,
      "rd": 8520000,
      "sga": 10920000,
      "fcf": -3369000,
      "ocf": -2532000,
      "capex": -837000,
      "gross_margin": 0.30085249801744646,
      "op_margin": -0.6626685170499603,
      "fcf_margin": -0.16698057097541633
    },
    {
      "date": "2021-03-31T00:00:00",
      "quarter_label": "2021-03 (Q1)",
      "revenue": 20881000,
      "gross_profit": 7427000,
      "operating_income": -12490000,
      "net_income": -12404000,
      "opex": 33371000,
      "cogs": 13454000,
      "rd": 9496000,
      "sga": 10421000,
      "fcf": -12182000,
      "ocf": -11743000,
      "capex": -439000,
      "gross_margin": 0.3556821991283942,
      "op_margin": -0.598151429529237,
      "fcf_margin": -0.5834011781044969,
      "op_leverage_ratio": Infinity,
      "fcf_margin_change": -0.4164206071290806
    },
    {
      "date": "2021-06-30T00:00:00",
      "quarter_label": "2021-06 (Q2)",
      "revenue": 21670000,
      "gross_profit": 8168000,
      "operating_income": -14947000,
      "net_income": -14953000,
      "opex": 36617000,
      "cogs": 13502000,
      "rd": 11687000,
      "sga": 11428000,
      "fcf": -30036000,
      "ocf": -25931000,
      "capex": -4105000,
      "gross_margin": 0.37692662667281956,
      "op_margin": -0.6897554222427319,
      "fcf_margin": -1.386063682510383,
      "op_leverage_ratio": 0.38846009793548,
      "fcf_margin_change": -0.802662504405886
    },
    {
      "date": "2021-09-30T00:00:00",
      "quarter_label": "2021-09 (Q3)",
      "revenue": 22261000,
      "gross_profit": 8066000,
      "operating_income": -17691000,
      "net_income": -17670000,
      "opex": 39952000,
      "cogs": 14195000,
      "rd": 13617000,
      "sga": 12140000,
      "fcf": -20842000,
      "ocf": -17880000,
      "capex": -2962000,
      "gross_margin": 0.36233772067741793,
      "op_margin": -0.7947082341314406,
      "fcf_margin": -0.9362562328736355,
      "op_leverage_ratio": 0.29944391440643314,
      "fcf_margin_change": 0.44980744963674746
    },
    {
      "date": "2021-12-31T00:00:00",
      "quarter_label": "2021-12 (Q4)",
      "revenue": 20682000,
      "gross_profit": 7996000,
      "operating_income": -20225000,
      "net_income": -20199000,
      "opex": 40907000,
      "cogs": 12686000,
      "rd": 14512000,
      "sga": 13709000,
      "fcf": -18851000,
      "ocf": -15274000,
      "capex": -3577000,
      "gross_margin": 0.38661638139444926,
      "op_margin": -0.9779034909583213,
      "fcf_margin": -0.9114689101634271,
      "rev_growth_yoy": 0.025079302141157812,
      "fcf_margin_change": 0.024787322710208337
    },
    {
      "date": "2022-03-31T00:00:00",
      "quarter_label": "2022-03 (Q1)",
      "revenue": 15227000,
      "gross_profit": 4278000,
      "operating_income": -28306000,
      "net_income": -28209000,
      "opex": 43533000,
      "cogs": 10949000,
      "rd": 17098000,
      "sga": 15486000,
      "fcf": -19991000,
      "ocf": -11357000,
      "capex": -8634000,
      "gross_margin": 0.28094831549221777,
      "op_margin": -1.8589347868917054,
      "fcf_margin": -1.3128653050502397,
      "incr_op_margin_yoy": 2.797311637778564,
      "rev_growth_yoy": -0.27077247258273074,
      "rev_growth_yoy_accel": -0.29585177472388857,
      "fcf_margin_change": -0.40139639488681256
    },
    {
      "date": "2022-06-30T00:00:00",
      "quarter_label": "2022-06 (Q2)",
      "revenue": 18240000,
      "gross_profit": 4281000,
      "operating_income": -27881000,
      "net_income": -27546000,
      "opex": 46121000,
      "cogs": 13959000,
      "rd": 16288000,
      "sga": 15874000,
      "fcf": -37659000,
      "ocf": -27349000,
      "capex": -10310000,
      "gross_margin": 0.23470394736842104,
      "op_margin": -1.528563596491228,
      "fcf_margin": -2.064638157894737,
      "incr_op_margin_yoy": 3.770845481049563,
      "rev_growth_yoy": -0.15828334102445776,
      "rev_growth_yoy_accel": 0.11248913155827298,
      "op_leverage_ratio": 3.3284275552182025,
      "fcf_margin_change": -0.7517728528444971
    },
    {
      "date": "2022-09-30T00:00:00",
      "quarter_label": "2022-09 (Q3)",
      "revenue": 14858000,
      "gross_profit": 2479000,
      "operating_income": -27259000,
      "net_income": -26492000,
      "opex": 42117000,
      "cogs": 12379000,
      "rd": 14957000,
      "sga": 14781000,
      "fcf": -36179000,
      "ocf": -14765000,
      "capex": -21414000,
      "gross_margin": 0.16684614349172164,
      "op_margin": -1.8346345403149817,
      "fcf_margin": -2.434984520123839,
      "incr_op_margin_yoy": 1.2924490071592598,
      "rev_growth_yoy": -0.3325546920623512,
      "rev_growth_yoy_accel": -0.17427135103789346,
      "fcf_margin_change": -0.37034636222910233
    },
    {
      "date": "2022-12-31T00:00:00",
      "quarter_label": "2022-12 (Q4)",
      "revenue": 16722000,
      "gross_profit": 2312000,
      "operating_income": -32085000,
      "net_income": -31068000,
      "opex": 48807000,
      "cogs": 14410000,
      "rd": 16569000,
      "sga": 17828000,
      "fcf": -26300000,
      "ocf": -16762000,
      "capex": -9538000,
      "gross_margin": 0.13826097356775505,
      "op_margin": -1.918729817007535,
      "fcf_margin": -1.5727783757923692,
      "incr_op_margin_yoy": 2.994949494949495,
      "rev_growth_yoy": -0.19147084421235858,
      "rev_growth_yoy_accel": 0.14108384784999264,
      "op_leverage_ratio": 0.7897995191550263,
      "fcf_margin_change": 0.8622061443314699
    },
    {
      "date": "2023-03-31T00:00:00",
      "quarter_label": "2023-03 (Q1)",
      "revenue": 18860000,
      "gross_profit": 4730000,
      "operating_income": -29825000,
      "net_income": -28659000,
      "opex": 48685000,
      "cogs": 14130000,
      "rd": 16573000,
      "sga": 14097000,
      "fcf": -19523000,
      "ocf": -15745000,
      "capex": -3778000,
      "gross_margin": 0.2507953340402969,
      "op_margin": -1.581389183457052,
      "fcf_margin": -1.0351537645811242,
      "incr_op_margin_yoy": -0.41811175337186895,
      "rev_growth_yoy": 0.23858934786891706,
      "rev_growth_yoy_accel": 0.43006019208127566,
      "op_leverage_ratio": Infinity,
      "fcf_margin_change": 0.537624611211245
    },
    {
      "date": "2023-06-30T00:00:00",
      "quarter_label": "2023-06 (Q2)",
      "revenue": 16699000,
      "gross_profit": 4792000,
      "operating_income": -25346000,
      "net_income": -23955000,
      "opex": 42045000,
      "cogs": 11907000,
      "rd": 17852000,
      "sga": 12134000,
      "fcf": -13155000,
      "ocf": -10414000,
      "capex": -2741000,
      "gross_margin": 0.2869632912150428,
      "op_margin": -1.5178154380501827,
      "fcf_margin": -0.7877717228576562,
      "incr_op_margin_yoy": -1.645035691109669,
      "rev_growth_yoy": -0.08448464912280702,
      "rev_growth_yoy_accel": -0.32307399699172407,
      "fcf_margin_change": 0.247382041723468
    },
    {
      "date": "2023-09-30T00:00:00",
      "quarter_label": "2023-09 (Q3)",
      "revenue": 18247000,
      "gross_profit": 3481000,
      "operating_income": -30793000,
      "net_income": -29098000,
      "opex": 49040000,
      "cogs": 14766000,
      "rd": 16738000,
      "sga": 11971000,
      "fcf": -17549000,
      "ocf": -16681000,
      "capex": -868000,
      "gross_margin": 0.19077108565791637,
      "op_margin": -1.6875650791910999,
      "fcf_margin": -0.9617471365155916,
      "incr_op_margin_yoy": -1.0427854824431986,
      "rev_growth_yoy": 0.22809261004172837,
      "rev_growth_yoy_accel": 0.3125772591645354,
      "op_leverage_ratio": 0.557194896083157,
      "fcf_margin_change": -0.17397541365793545
    },
    {
      "date": "2023-12-31T00:00:00",
      "quarter_label": "2023-12 (Q4)",
      "revenue": 19675000,
      "gross_profit": 5205000,
      "operating_income": -23972000,
      "net_income": -26584000,
      "opex": 43647000,
      "cogs": 14470000,
      "rd": 13613000,
      "sga": 11524000,
      "fcf": -16942000,
      "ocf": -13418000,
      "capex": -3524000,
      "gross_margin": 0.26454891994917407,
      "op_margin": -1.2183989834815756,
      "fcf_margin": -0.8610927573062261,
      "incr_op_margin_yoy": 2.7473755502878427,
      "rev_growth_yoy": 0.17659370888649684,
      "rev_growth_yoy_accel": -0.051498901155231536,
      "op_leverage_ratio": Infinity,
      "fcf_margin_change": 0.10065437920936549
    },
    {
      "date": "2024-03-31T00:00:00",
      "quarter_label": "2024-03 (Q1)",
      "revenue": 19525000,
      "gross_profit": 5493000,
      "operating_income": -18880000,
      "net_income": -12968000,
      "opex": 38405000,
      "cogs": 14032000,
      "rd": 12771000,
      "sga": 11602000,
      "fcf": -20517000,
      "ocf": -20413000,
      "capex": -104000,
      "gross_margin": 0.2813316261203585,
      "op_margin": -0.9669654289372599,
      "fcf_margin": -1.0508066581306017,
      "rev_growth_yoy": 0.03525980911983033,
      "rev_growth_yoy_accel": -0.1413338997666665,
      "fcf_margin_change": -0.18971390082437556
    },
    {
      "date": "2024-06-30T00:00:00",
      "quarter_label": "2024-06 (Q2)",
      "revenue": 22580000,
      "gross_profit": 8037000,
      "operating_income": -16893000,
      "net_income": -12802000,
      "opex": 39473000,
      "cogs": 14543000,
      "rd": 12957000,
      "sga": 11973000,
      "fcf": -10749000,
      "ocf": -10743000,
      "capex": -6000,
      "gross_margin": 0.35593445527015055,
      "op_margin": -0.7481399468556245,
      "fcf_margin": -0.47604074402125773,
      "incr_op_margin_yoy": 1.4373405883353172,
      "rev_growth_yoy": 0.3521767770525181,
      "rev_growth_yoy_accel": 0.31691696793268775,
      "op_leverage_ratio": 5.626478825284017,
      "fcf_margin_change": 0.574765914109344
    },
    {
      "date": "2024-09-30T00:00:00",
      "quarter_label": "2024-09 (Q3)",
      "revenue": 25709000,
      "gross_profit": 8745000,
      "operating_income": -14382000,
      "net_income": -39089000,
      "opex": 40091000,
      "cogs": 16964000,
      "rd": 11683000,
      "sga": 11444000,
      "fcf": -6445000,
      "ocf": -6198000,
      "capex": -247000,
      "gross_margin": 0.34015325372437666,
      "op_margin": -0.5594149908592322,
      "fcf_margin": -0.25069041969738226,
      "incr_op_margin_yoy": 2.199276333422675,
      "rev_growth_yoy": 0.4089439359894777,
      "rev_growth_yoy_accel": 0.056767158936959605,
      "op_leverage_ratio": 8.851019245487459,
      "fcf_margin_change": 0.22535032432387547
    },
    {
      "date": "2024-12-31T00:00:00",
      "quarter_label": "2024-12 (Q4)",
      "revenue": 16800000,
      "gross_profit": 4550000,
      "operating_income": -18112000,
      "net_income": -16425000,
      "opex": 34912000,
      "cogs": 12250000,
      "rd": 11494000,
      "sga": 11168000,
      "fcf": -9042000,
      "ocf": -7796000,
      "capex": -1246000,
      "gross_margin": 0.2708333333333333,
      "op_margin": -1.078095238095238,
      "fcf_margin": -0.5382142857142858,
      "incr_op_margin_yoy": -2.0382608695652173,
      "rev_growth_yoy": -0.14612452350698857,
      "rev_growth_yoy_accel": -0.5550684594964663,
      "fcf_margin_change": -0.2875238660169035
    },
    {
      "date": "2025-03-31T00:00:00",
      "quarter_label": "2025-03 (Q1)",
      "revenue": 20605000,
      "gross_profit": 7207000,
      "operating_income": -17696000,
      "net_income": -15750000,
      "opex": 38301000,
      "cogs": 13398000,
      "rd": 12640000,
      "sga": 12263000,
      "fcf": -20472000,
      "ocf": -17961000,
      "capex": -2511000,
      "gross_margin": 0.3497694734287794,
      "op_margin": -0.8588206745935453,
      "fcf_margin": -0.9935452560058239,
      "incr_op_margin_yoy": 1.0962962962962963,
      "rev_growth_yoy": 0.05531370038412292,
      "rev_growth_yoy_accel": 0.2014382238911115,
      "op_leverage_ratio": 2.3331815818685104,
      "fcf_margin_change": -0.45533097029153813
    },
    {
      "date": "2025-06-30T00:00:00",
      "quarter_label": "2025-06 (Q2)",
      "revenue": 17203000,
      "gross_profit": 4756000,
      "operating_income": -21804000,
      "net_income": -20056000,
      "opex": 39007000,
      "cogs": 12447000,
      "rd": 12381000,
      "sga": 14179000,
      "fcf": -13225000,
      "ocf": -12935000,
      "capex": -290000,
      "gross_margin": 0.2764634075451956,
      "op_margin": -1.2674533511596815,
      "fcf_margin": -0.7687612625704819,
      "incr_op_margin_yoy": 0.9133345731820718,
      "rev_growth_yoy": -0.23813108945969885,
      "rev_growth_yoy_accel": -0.2934447898438218,
      "fcf_margin_change": 0.22478399343534194
    },
    {
      "date": "2025-09-30T00:00:00",
      "quarter_label": "2025-09 (Q3)",
      "revenue": 14495000,
      "gross_profit": 1914000,
      "operating_income": -23291000,
      "net_income": -21652000,
      "opex": 37786000,
      "cogs": 12581000,
      "rd": 12171000,
      "sga": 13034000,
      "fcf": -23430000,
      "ocf": -21804000,
      "capex": -1626000,
      "gross_margin": 0.13204553294239393,
      "op_margin": -1.6068299413590894,
      "fcf_margin": -1.6164194549844775,
      "incr_op_margin_yoy": 0.7944533618690922,
      "rev_growth_yoy": -0.43618966120813724,
      "rev_growth_yoy_accel": -0.19805857174843838,
      "fcf_margin_change": -0.8476581924139955
    }
  ],
  "signals": [
    {
      "quarter": "2025-09 (Q3)",
      "signal": "YoY REVENUE GROWTH DECELERATION",
      "detail": "YoY growth: -43.6% vs prior quarter YoY: -23.8% (decel: -19.8%)",
      "severity": "WARNING"
    },
    {
      "quarter": "2025-06 (Q2)",
      "signal": "FCF MARGIN EXPANSION",
      "detail": "FCF margin: -99.4% -> -76.9% (+22.5%)",
      "severity": "MEDIUM"
    },
    {
      "quarter": "2025-06 (Q2)",
      "signal": "YoY REVENUE GROWTH DECELERATION",
      "detail": "YoY growth: -23.8% vs prior quarter YoY: +5.5% (decel: -29.3%)",
      "severity": "WARNING"
    },
    {
      "quarter": "2025-03 (Q1)",
      "signal": "OPERATING LEVERAGE",
      "detail": "Rev growth +22.6% vs OpEx growth +9.7% (leverage: 2.3x)",
      "severity": "MEDIUM"
    },
    {
      "quarter": "2025-03 (Q1)",
      "signal": "GROSS MARGIN INFLECTION",
      "detail": "GM: +34.0% -> +27.1% -> +35.0% (reversal +7.9%)",
      "severity": "HIGH"
    },
    {
      "quarter": "2025-03 (Q1)",
      "signal": "YoY REVENUE GROWTH ACCELERATION",
      "detail": "YoY growth: +5.5% vs prior quarter YoY: -14.6% (accel: +20.1%)",
      "severity": "HIGH"
    },
    {
      "quarter": "2024-12 (Q4)",
      "signal": "YoY REVENUE GROWTH DECELERATION",
      "detail": "YoY growth: -14.6% vs prior quarter YoY: +40.9% (decel: -55.5%)",
      "severity": "WARNING"
    },
    {
      "quarter": "2024-09 (Q3)",
      "signal": "FCF MARGIN EXPANSION",
      "detail": "FCF margin: -47.6% -> -25.1% (+22.5%)",
      "severity": "MEDIUM"
    },
    {
      "quarter": "2024-09 (Q3)",
      "signal": "OPERATING LEVERAGE",
      "detail": "Rev growth +13.9% vs OpEx growth +1.6% (leverage: 8.9x)",
      "severity": "MEDIUM"
    },
    {
      "quarter": "2024-09 (Q3)",
      "signal": "YoY REVENUE GROWTH ACCELERATION",
      "detail": "YoY growth: +40.9% vs prior quarter YoY: +35.2% (accel: +5.7%)",
      "severity": "MEDIUM"
    },
    {
      "quarter": "2024-06 (Q2)",
      "signal": "FCF MARGIN EXPANSION",
      "detail": "FCF margin: -105.1% -> -47.6% (+57.5%)",
      "severity": "MEDIUM"
    },
    {
      "quarter": "2024-06 (Q2)",
      "signal": "OPERATING LEVERAGE",
      "detail": "Rev growth +15.6% vs OpEx growth +2.8% (leverage: 5.6x)",
      "severity": "MEDIUM"
    },
    {
      "quarter": "2024-06 (Q2)",
      "signal": "YoY REVENUE GROWTH ACCELERATION",
      "detail": "YoY growth: +35.2% vs prior quarter YoY: +3.5% (accel: +31.7%)",
      "severity": "HIGH"
    },
    {
      "quarter": "2024-03 (Q1)",
      "signal": "YoY REVENUE GROWTH DECELERATION",
      "detail": "YoY growth: +3.5% vs prior quarter YoY: +17.7% (decel: -14.1%)",
      "severity": "WARNING"
    },
    {
      "quarter": "2023-12 (Q4)",
      "signal": "FCF MARGIN EXPANSION",
      "detail": "FCF margin: -96.2% -> -86.1% (+10.1%)",
      "severity": "MEDIUM"
    },
    {
      "quarter": "2023-12 (Q4)",
      "signal": "GROSS MARGIN INFLECTION",
      "detail": "GM: +28.7% -> +19.1% -> +26.5% (reversal +7.4%)",
      "severity": "HIGH"
    },
    {
      "quarter": "2023-12 (Q4)",
      "signal": "YoY REVENUE GROWTH DECELERATION",
      "detail": "YoY growth: +17.7% vs prior quarter YoY: +22.8% (decel: -5.1%)",
      "severity": "WARNING"
    },
    {
      "quarter": "2023-09 (Q3)",
      "signal": "YoY REVENUE GROWTH ACCELERATION",
      "detail": "YoY growth: +22.8% vs prior quarter YoY: -8.4% (accel: +31.3%)",
      "severity": "HIGH"
    },
    {
      "quarter": "2023-06 (Q2)",
      "signal": "FCF MARGIN EXPANSION",
      "detail": "FCF margin: -103.5% -> -78.8% (+24.7%)",
      "severity": "MEDIUM"
    },
    {
      "quarter": "2023-06 (Q2)",
      "signal": "YoY REVENUE GROWTH DECELERATION",
      "detail": "YoY growth: -8.4% vs prior quarter YoY: +23.9% (decel: -32.3%)",
      "severity": "WARNING"
    },
    {
      "quarter": "2023-03 (Q1)",
      "signal": "FCF MARGIN EXPANSION",
      "detail": "FCF margin: -157.3% -> -103.5% (+53.8%)",
      "severity": "MEDIUM"
    },
    {
      "quarter": "2023-03 (Q1)",
      "signal": "GROSS MARGIN INFLECTION",
      "detail": "GM: +16.7% -> +13.8% -> +25.1% (reversal +11.3%)",
      "severity": "HIGH"
    },
    {
      "quarter": "2023-03 (Q1)",
      "signal": "YoY REVENUE GROWTH ACCELERATION",
      "detail": "YoY growth: +23.9% vs prior quarter YoY: -19.1% (accel: +43.0%)",
      "severity": "HIGH"
    },
    {
      "quarter": "2022-12 (Q4)",
      "signal": "FCF MARGIN EXPANSION",
      "detail": "FCF margin: -243.5% -> -157.3% (+86.2%)",
      "severity": "MEDIUM"
    },
    {
      "quarter": "2022-12 (Q4)",
      "signal": "YoY REVENUE GROWTH ACCELERATION",
      "detail": "YoY growth: -19.1% vs prior quarter YoY: -33.3% (accel: +14.1%)",
      "severity": "MEDIUM"
    },
    {
      "quarter": "2022-09 (Q3)",
      "signal": "YoY REVENUE GROWTH DECELERATION",
      "detail": "YoY growth: -33.3% vs prior quarter YoY: -15.8% (decel: -17.4%)",
      "severity": "WARNING"
    },
    {
      "quarter": "2022-06 (Q2)",
      "signal": "OPERATING LEVERAGE",
      "detail": "Rev growth +19.8% vs OpEx growth +5.9% (leverage: 3.3x)",
      "severity": "MEDIUM"
    },
    {
      "quarter": "2022-06 (Q2)",
      "signal": "YoY REVENUE GROWTH ACCELERATION",
      "detail": "YoY growth: -15.8% vs prior quarter YoY: -27.1% (accel: +11.2%)",
      "severity": "MEDIUM"
    },
    {
      "quarter": "2022-03 (Q1)",
      "signal": "YoY REVENUE GROWTH DECELERATION",
      "detail": "YoY growth: -27.1% vs prior quarter YoY: +2.5% (decel: -29.6%)",
      "severity": "WARNING"
    },
    {
      "quarter": "2021-12 (Q4)",
      "signal": "GROSS MARGIN INFLECTION",
      "detail": "GM: +37.7% -> +36.2% -> +38.7% (reversal +2.4%)",
      "severity": "MEDIUM"
    },
    {
      "quarter": "2021-09 (Q3)",
      "signal": "FCF MARGIN EXPANSION",
      "detail": "FCF margin: -138.6% -> -93.6% (+45.0%)",
      "severity": "MEDIUM"
    }
  ],
  "data_quality": {
    "n_quarters": 20,
    "coverage": {
      "revenue": [
        20,
        20
      ],
      "gross_profit": [
        20,
        20
      ],
      "op_income": [
        20,
        20
      ],
      "fcf": [
        20,
        20
      ]
    },
    "gaps": [],
    "warnings": []
  },
  "market_cap": null,
  "source": "SEC EDGAR",
  "last_updated": "2026-02-02T22:04:01.399697"
}