{
  "ticker": "PSTG",
  "name": "Pure Storage, Inc.",
  "quarters": [
    {
      "date": "2021-01-31T00:00:00",
      "quarter_label": "2021-01 (Q1)",
      "revenue": 502718000,
      "gross_profit": 340857000,
      "operating_income": -46819000,
      "net_income": -52293000,
      "opex": 387676000,
      "cogs": 161861000,
      "rd": 130388000,
      "sga": null,
      "fcf": 47701000,
      "ocf": 69033000,
      "capex": -21332000,
      "gross_margin": 0.6780282384955383,
      "op_margin": -0.09313173588373601,
      "fcf_margin": 0.09488619862427843
    },
    {
      "date": "2021-05-02T00:00:00",
      "quarter_label": "2021-05 (Q2)",
      "revenue": 412707000,
      "gross_profit": 281866000,
      "operating_income": -76157000,
      "net_income": -84206000,
      "opex": 358023000,
      "cogs": 130841000,
      "rd": 131381000,
      "sga": null,
      "fcf": -6381000,
      "ocf": 21448000,
      "capex": -27829000,
      "gross_margin": 0.6829687889955828,
      "op_margin": -0.18453042957836915,
      "fcf_margin": -0.015461332131512186,
      "fcf_margin_change": -0.11034753075579061
    },
    {
      "date": "2021-08-01T00:00:00",
      "quarter_label": "2021-08 (Q3)",
      "revenue": 496831000,
      "gross_profit": 340027000,
      "operating_income": -33930000,
      "net_income": -45265000,
      "opex": 373957000,
      "cogs": 156804000,
      "rd": 140107000,
      "sga": null,
      "fcf": 95722000,
      "ocf": 123392000,
      "capex": -27670000,
      "gross_margin": 0.6843916744325536,
      "op_margin": -0.06829284002004705,
      "fcf_margin": 0.1926651114765383,
      "op_leverage_ratio": 4.5799864606072,
      "fcf_margin_change": 0.2081264436080505
    },
    {
      "date": "2021-10-31T00:00:00",
      "quarter_label": "2021-10 (Q4)",
      "revenue": 562740000,
      "gross_profit": 374792000,
      "operating_income": -18078000,
      "net_income": -28731000,
      "opex": 392870000,
      "cogs": 187948000,
      "rd": 147808000,
      "sga": null,
      "fcf": 101328000,
      "ocf": 127046000,
      "capex": -25718000,
      "gross_margin": 0.6660127234602126,
      "op_margin": -0.03212496001705939,
      "fcf_margin": 0.1800618402814799,
      "op_leverage_ratio": 2.6229939017108053,
      "fcf_margin_change": -0.012603271195058413
    },
    {
      "date": "2022-02-06T00:00:00",
      "quarter_label": "2022-02 (Q1)",
      "revenue": 708570000,
      "gross_profit": 475834000,
      "operating_income": 29767000,
      "net_income": 14943000,
      "opex": 446067000,
      "cogs": 232736000,
      "rd": 162639000,
      "sga": null,
      "fcf": 117171000,
      "ocf": 138241000,
      "capex": -21070000,
      "gross_margin": 0.6715412732686961,
      "op_margin": 0.042009963729765586,
      "fcf_margin": 0.16536263177949956,
      "incr_op_margin_yoy": 0.37204399277150574,
      "rev_growth_yoy": 0.40947807717249035,
      "op_leverage_ratio": 1.91381879394497,
      "fcf_margin_change": -0.014699208501980338
    },
    {
      "date": "2022-05-08T00:00:00",
      "quarter_label": "2022-05 (Q2)",
      "revenue": 620405000,
      "gross_profit": 426426000,
      "operating_income": -4567000,
      "net_income": -11535000,
      "opex": 430993000,
      "cogs": 193979000,
      "rd": 161273000,
      "sga": null,
      "fcf": 187322000,
      "ocf": 220132000,
      "capex": -32810000,
      "gross_margin": 0.6873348860824784,
      "op_margin": -0.007361320427785076,
      "fcf_margin": 0.30193502631345653,
      "incr_op_margin_yoy": 0.34468314572119135,
      "rev_growth_yoy": 0.5032577591366272,
      "rev_growth_yoy_accel": 0.09377968196413683,
      "fcf_margin_change": 0.13657239453395698
    },
    {
      "date": "2022-08-07T00:00:00",
      "quarter_label": "2022-08 (Q3)",
      "revenue": 646772000,
      "gross_profit": 443568000,
      "operating_income": 14363000,
      "net_income": 10922000,
      "opex": 429205000,
      "cogs": 203204000,
      "rd": 165690000,
      "sga": null,
      "fcf": 134196000,
      "ocf": 159380000,
      "capex": -25184000,
      "gross_margin": 0.6858181863160434,
      "op_margin": 0.022207207485790973,
      "fcf_margin": 0.20748579097425368,
      "incr_op_margin_yoy": 0.3220800181404686,
      "rev_growth_yoy": 0.30179477528576115,
      "rev_growth_yoy_accel": -0.20146298385086603,
      "op_leverage_ratio": Infinity,
      "fcf_margin_change": -0.09444923533920285
    },
    {
      "date": "2022-11-06T00:00:00",
      "quarter_label": "2022-11 (Q4)",
      "revenue": 676050000,
      "gross_profit": 466335000,
      "operating_income": 9133000,
      "net_income": -787000,
      "opex": 457202000,
      "cogs": 209715000,
      "rd": 180008000,
      "sga": null,
      "fcf": 114780000,
      "ocf": 154696000,
      "capex": -39916000,
      "gross_margin": 0.6897936543155092,
      "op_margin": 0.01350935581687745,
      "fcf_margin": 0.16978034169070336,
      "incr_op_margin_yoy": 0.24014650075015445,
      "rev_growth_yoy": 0.20135408892205992,
      "rev_growth_yoy_accel": -0.10044068636370124,
      "op_leverage_ratio": 0.6939744343391124,
      "fcf_margin_change": -0.037705449283550324
    },
    {
      "date": "2023-02-05T00:00:00",
      "quarter_label": "2023-02 (Q1)",
      "revenue": 810207000,
      "gross_profit": 561317000,
      "operating_income": 64584000,
      "net_income": 74471000,
      "opex": 496733000,
      "cogs": 248890000,
      "rd": 185557000,
      "sga": null,
      "fcf": 172797000,
      "ocf": 233026000,
      "capex": -60229000,
      "gross_margin": 0.6928068999650706,
      "op_margin": 0.07971296224298235,
      "fcf_margin": 0.213275125986322,
      "incr_op_margin_yoy": 0.34256225587138545,
      "rev_growth_yoy": 0.14343960370887845,
      "rev_growth_yoy_accel": -0.05791448521318146,
      "op_leverage_ratio": 2.295117063410512,
      "fcf_margin_change": 0.04349478429561865
    },
    {
      "date": "2023-05-07T00:00:00",
      "quarter_label": "2023-05 (Q2)",
      "revenue": 589307000,
      "gross_profit": 413347000,
      "operating_income": -71814000,
      "net_income": -67401000,
      "opex": 485161000,
      "cogs": 175960000,
      "rd": 185331000,
      "sga": null,
      "fcf": 121823000,
      "ocf": 173247000,
      "capex": -51424000,
      "gross_margin": 0.701411997481788,
      "op_margin": -0.12186178002297614,
      "fcf_margin": 0.20672247232766622,
      "incr_op_margin_yoy": 2.1624220207087275,
      "rev_growth_yoy": -0.050125321362658265,
      "rev_growth_yoy_accel": -0.19356492507153672,
      "fcf_margin_change": -0.006552653658655788
    },
    {
      "date": "2023-08-06T00:00:00",
      "quarter_label": "2023-08 (Q3)",
      "revenue": 688671000,
      "gross_profit": 486593000,
      "operating_income": -6228000,
      "net_income": -7115000,
      "opex": 492821000,
      "cogs": 202078000,
      "rd": 182492000,
      "sga": null,
      "fcf": 46513000,
      "ocf": 101618000,
      "capex": -55105000,
      "gross_margin": 0.7065681580900023,
      "op_margin": -0.009043505534573112,
      "fcf_margin": 0.06754023328991637,
      "incr_op_margin_yoy": -0.49144370987374403,
      "rev_growth_yoy": 0.0647817159679145,
      "rev_growth_yoy_accel": 0.11490703733057277,
      "op_leverage_ratio": 10.679344076760234,
      "fcf_margin_change": -0.13918223903774984
    },
    {
      "date": "2023-11-05T00:00:00",
      "quarter_label": "2023-11 (Q4)",
      "revenue": 762838000,
      "gross_profit": 552747000,
      "operating_income": 74211000,
      "net_income": 70389000,
      "opex": 478536000,
      "cogs": 210091000,
      "rd": 182100000,
      "sga": null,
      "fcf": 113370000,
      "ocf": 158432000,
      "capex": -45062000,
      "gross_margin": 0.7245929017694451,
      "op_margin": 0.09728277825698248,
      "fcf_margin": 0.14861608886814762,
      "incr_op_margin_yoy": 0.749850209706411,
      "rev_growth_yoy": 0.12837512018341837,
      "rev_growth_yoy_accel": 0.06359340421550387,
      "op_leverage_ratio": Infinity,
      "fcf_margin_change": 0.08107585557823124
    },
    {
      "date": "2024-02-04T00:00:00",
      "quarter_label": "2024-02 (Q1)",
      "revenue": 789805000,
      "gross_profit": 568504000,
      "operating_income": 57382000,
      "net_income": 65438000,
      "opex": 511122000,
      "cogs": 221301000,
      "rd": 186841000,
      "sga": null,
      "fcf": 200855000,
      "ocf": 244425000,
      "capex": -43570000,
      "gross_margin": 0.7198029893454714,
      "op_margin": 0.07265337646634296,
      "fcf_margin": 0.2543096080678142,
      "incr_op_margin_yoy": 0.3530046073914322,
      "rev_growth_yoy": -0.025181219120545738,
      "rev_growth_yoy_accel": -0.15355633930396412,
      "op_leverage_ratio": 0.5191392653520095,
      "fcf_margin_change": 0.1056935191996666
    },
    {
      "date": "2024-05-05T00:00:00",
      "quarter_label": "2024-05 (Q2)",
      "revenue": 693479000,
      "gross_profit": 495706000,
      "operating_income": -41774000,
      "net_income": -35009000,
      "opex": 537480000,
      "cogs": 197773000,
      "rd": 193820000,
      "sga": null,
      "fcf": 172682000,
      "ocf": 221500000,
      "capex": -48818000,
      "gross_margin": 0.7148103980077263,
      "op_margin": -0.06023830570211931,
      "fcf_margin": 0.2490082612451134,
      "incr_op_margin_yoy": 0.28836923549514265,
      "rev_growth_yoy": 0.17677034211370304,
      "rev_growth_yoy_accel": 0.2019515612342488,
      "fcf_margin_change": -0.005301346822700809
    },
    {
      "date": "2024-08-04T00:00:00",
      "quarter_label": "2024-08 (Q3)",
      "revenue": 763771000,
      "gross_profit": 540080000,
      "operating_income": 24878000,
      "net_income": 35674000,
      "opex": 515202000,
      "cogs": 223691000,
      "rd": 195490000,
      "sga": null,
      "fcf": 166562000,
      "ocf": 226597000,
      "capex": -60035000,
      "gross_margin": 0.7071229465376402,
      "op_margin": 0.03257259047541737,
      "fcf_margin": 0.21807845545327068,
      "incr_op_margin_yoy": 0.41419440745672437,
      "rev_growth_yoy": 0.10905062068825318,
      "rev_growth_yoy_accel": -0.06771972142544987,
      "op_leverage_ratio": Infinity,
      "fcf_margin_change": -0.030929805791842735
    },
    {
      "date": "2024-11-03T00:00:00",
      "quarter_label": "2024-11 (Q4)",
      "revenue": 831072000,
      "gross_profit": 582922000,
      "operating_income": 59687000,
      "net_income": 63639000,
      "opex": 523235000,
      "cogs": 248150000,
      "rd": 200086000,
      "sga": null,
      "fcf": 35205000,
      "ocf": 96993000,
      "capex": -61788000,
      "gross_margin": 0.7014097454853491,
      "op_margin": 0.07181928882214778,
      "fcf_margin": 0.042360950675753725,
      "incr_op_margin_yoy": -0.21285576105753728,
      "rev_growth_yoy": 0.0894475629163728,
      "rev_growth_yoy_accel": -0.019603057771880372,
      "op_leverage_ratio": 5.651427052576081,
      "fcf_margin_change": -0.17571750477751696
    },
    {
      "date": "2025-02-02T00:00:00",
      "quarter_label": "2025-02 (Q1)",
      "revenue": 879842000,
      "gross_profit": 594001000,
      "operating_income": 42467000,
      "net_income": 42435000,
      "opex": 551534000,
      "cogs": 285841000,
      "rd": 215009000,
      "sga": null,
      "fcf": 152422000,
      "ocf": 208508000,
      "capex": -56086000,
      "gross_margin": 0.6751223515131126,
      "op_margin": 0.04826662059778915,
      "fcf_margin": 0.17323792226331547,
      "incr_op_margin_yoy": -0.16565411997290003,
      "rev_growth_yoy": 0.11399902507580985,
      "rev_growth_yoy_accel": 0.024551462159437043,
      "op_leverage_ratio": 1.0850251447565047,
      "fcf_margin_change": 0.13087697158756173
    },
    {
      "date": "2025-05-04T00:00:00",
      "quarter_label": "2025-05 (Q2)",
      "revenue": 778485000,
      "gross_profit": 536153000,
      "operating_income": -31171000,
      "net_income": -13995000,
      "opex": 567324000,
      "cogs": 242332000,
      "rd": 221740000,
      "sga": null,
      "fcf": 211590000,
      "ocf": 283936000,
      "capex": -72346000,
      "gross_margin": 0.6887133342325157,
      "op_margin": -0.04004059166201018,
      "fcf_margin": 0.2717971444536504,
      "incr_op_margin_yoy": 0.12473237183257653,
      "rev_growth_yoy": 0.12257905430445623,
      "rev_growth_yoy_accel": 0.008580029228646383,
      "fcf_margin_change": 0.09855922219033492
    },
    {
      "date": "2025-08-03T00:00:00",
      "quarter_label": "2025-08 (Q3)",
      "revenue": 861002000,
      "gross_profit": 604336000,
      "operating_income": 4871000,
      "net_income": 47118000,
      "opex": 599465000,
      "cogs": 256666000,
      "rd": 242026000,
      "sga": null,
      "fcf": 150130000,
      "ocf": 212157000,
      "capex": -62027000,
      "gross_margin": 0.7018984857178032,
      "op_margin": 0.00565736200380487,
      "fcf_margin": 0.17436661006594642,
      "incr_op_margin_yoy": -0.20576770782980736,
      "rev_growth_yoy": 0.12730386464005572,
      "rev_growth_yoy_accel": 0.004724810335599489,
      "op_leverage_ratio": 1.8709619396732708,
      "fcf_margin_change": -0.09743053438770397
    },
    {
      "date": "2025-11-02T00:00:00",
      "quarter_label": "2025-11 (Q4)",
      "revenue": 964453000,
      "gross_profit": 697377000,
      "operating_income": 53918000,
      "net_income": 54806000,
      "opex": 643459000,
      "cogs": 267076000,
      "rd": 256364000,
      "sga": null,
      "fcf": 52574000,
      "ocf": 115993000,
      "capex": -63419000,
      "gross_margin": 0.7230803367297318,
      "op_margin": 0.05590526443486619,
      "fcf_margin": 0.05451172840978254,
      "incr_op_margin_yoy": -0.04325203739663071,
      "rev_growth_yoy": 0.16049271302606755,
      "rev_growth_yoy_accel": 0.03318884838601183,
      "op_leverage_ratio": 1.637196901607875,
      "fcf_margin_change": -0.11985488165616388
    }
  ],
  "signals": [
    {
      "quarter": "2025-11 (Q4)",
      "signal": "OPERATING LEVERAGE",
      "detail": "Rev growth +12.0% vs OpEx growth +7.3% (leverage: 1.6x)",
      "severity": "MEDIUM"
    },
    {
      "quarter": "2025-08 (Q3)",
      "signal": "OPERATING LEVERAGE",
      "detail": "Rev growth +10.6% vs OpEx growth +5.7% (leverage: 1.9x)",
      "severity": "MEDIUM"
    },
    {
      "quarter": "2025-08 (Q3)",
      "signal": "OP MARGIN TURNED POSITIVE (QoQ)",
      "detail": "Op margin: -4.0% -> +0.6%",
      "severity": "HIGH"
    },
    {
      "quarter": "2025-05 (Q2)",
      "signal": "FCF MARGIN EXPANSION",
      "detail": "FCF margin: +17.3% -> +27.2% (+9.9%)",
      "severity": "MEDIUM"
    },
    {
      "quarter": "2025-02 (Q1)",
      "signal": "FCF MARGIN EXPANSION",
      "detail": "FCF margin: +4.2% -> +17.3% (+13.1%)",
      "severity": "MEDIUM"
    },
    {
      "quarter": "2024-11 (Q4)",
      "signal": "OPERATING LEVERAGE",
      "detail": "Rev growth +8.8% vs OpEx growth +1.6% (leverage: 5.7x)",
      "severity": "MEDIUM"
    },
    {
      "quarter": "2024-08 (Q3)",
      "signal": "YoY REVENUE GROWTH DECELERATION",
      "detail": "YoY growth: +10.9% vs prior quarter YoY: +17.7% (decel: -6.8%)",
      "severity": "WARNING"
    },
    {
      "quarter": "2024-08 (Q3)",
      "signal": "OP MARGIN TURNED POSITIVE (YoY)",
      "detail": "Op margin: -0.9% (year-ago) -> +3.3%",
      "severity": "HIGH"
    },
    {
      "quarter": "2024-08 (Q3)",
      "signal": "OP MARGIN TURNED POSITIVE (QoQ)",
      "detail": "Op margin: -6.0% -> +3.3%",
      "severity": "HIGH"
    },
    {
      "quarter": "2024-05 (Q2)",
      "signal": "YoY REVENUE GROWTH ACCELERATION",
      "detail": "YoY growth: +17.7% vs prior quarter YoY: -2.5% (accel: +20.2%)",
      "severity": "HIGH"
    },
    {
      "quarter": "2024-02 (Q1)",
      "signal": "FCF MARGIN EXPANSION",
      "detail": "FCF margin: +14.9% -> +25.4% (+10.6%)",
      "severity": "MEDIUM"
    },
    {
      "quarter": "2024-02 (Q1)",
      "signal": "YoY REVENUE GROWTH DECELERATION",
      "detail": "YoY growth: -2.5% vs prior quarter YoY: +12.8% (decel: -15.4%)",
      "severity": "WARNING"
    },
    {
      "quarter": "2024-02 (Q1)",
      "signal": "INCREMENTAL MARGIN (YoY)",
      "detail": "YoY Incr OPM: +35.3% vs year-ago OPM: +8.0%",
      "severity": "HIGH"
    },
    {
      "quarter": "2023-11 (Q4)",
      "signal": "FCF MARGIN EXPANSION",
      "detail": "FCF margin: +6.8% -> +14.9% (+8.1%)",
      "severity": "MEDIUM"
    },
    {
      "quarter": "2023-11 (Q4)",
      "signal": "YoY REVENUE GROWTH ACCELERATION",
      "detail": "YoY growth: +12.8% vs prior quarter YoY: +6.5% (accel: +6.4%)",
      "severity": "MEDIUM"
    },
    {
      "quarter": "2023-11 (Q4)",
      "signal": "INCREMENTAL MARGIN (YoY)",
      "detail": "YoY Incr OPM: +75.0% vs year-ago OPM: +1.4%",
      "severity": "HIGH"
    },
    {
      "quarter": "2023-11 (Q4)",
      "signal": "OP MARGIN TURNED POSITIVE (QoQ)",
      "detail": "Op margin: -0.9% -> +9.7%",
      "severity": "HIGH"
    },
    {
      "quarter": "2023-08 (Q3)",
      "signal": "OPERATING LEVERAGE",
      "detail": "Rev growth +16.9% vs OpEx growth +1.6% (leverage: 10.7x)",
      "severity": "MEDIUM"
    },
    {
      "quarter": "2023-08 (Q3)",
      "signal": "YoY REVENUE GROWTH ACCELERATION",
      "detail": "YoY growth: +6.5% vs prior quarter YoY: -5.0% (accel: +11.5%)",
      "severity": "MEDIUM"
    },
    {
      "quarter": "2023-05 (Q2)",
      "signal": "YoY REVENUE GROWTH DECELERATION",
      "detail": "YoY growth: -5.0% vs prior quarter YoY: +14.3% (decel: -19.4%)",
      "severity": "WARNING"
    },
    {
      "quarter": "2023-02 (Q1)",
      "signal": "OPERATING LEVERAGE",
      "detail": "Rev growth +19.8% vs OpEx growth +8.6% (leverage: 2.3x)",
      "severity": "MEDIUM"
    },
    {
      "quarter": "2023-02 (Q1)",
      "signal": "YoY REVENUE GROWTH DECELERATION",
      "detail": "YoY growth: +14.3% vs prior quarter YoY: +20.1% (decel: -5.8%)",
      "severity": "WARNING"
    },
    {
      "quarter": "2023-02 (Q1)",
      "signal": "INCREMENTAL MARGIN (YoY)",
      "detail": "YoY Incr OPM: +34.3% vs year-ago OPM: +4.2%",
      "severity": "HIGH"
    },
    {
      "quarter": "2022-11 (Q4)",
      "signal": "YoY REVENUE GROWTH DECELERATION",
      "detail": "YoY growth: +20.1% vs prior quarter YoY: +30.2% (decel: -10.0%)",
      "severity": "WARNING"
    },
    {
      "quarter": "2022-11 (Q4)",
      "signal": "OP MARGIN TURNED POSITIVE (YoY)",
      "detail": "Op margin: -3.2% (year-ago) -> +1.4%",
      "severity": "HIGH"
    },
    {
      "quarter": "2022-08 (Q3)",
      "signal": "YoY REVENUE GROWTH DECELERATION",
      "detail": "YoY growth: +30.2% vs prior quarter YoY: +50.3% (decel: -20.1%)",
      "severity": "WARNING"
    },
    {
      "quarter": "2022-08 (Q3)",
      "signal": "OP MARGIN TURNED POSITIVE (YoY)",
      "detail": "Op margin: -6.8% (year-ago) -> +2.2%",
      "severity": "HIGH"
    },
    {
      "quarter": "2022-08 (Q3)",
      "signal": "OP MARGIN TURNED POSITIVE (QoQ)",
      "detail": "Op margin: -0.7% -> +2.2%",
      "severity": "HIGH"
    },
    {
      "quarter": "2022-05 (Q2)",
      "signal": "FCF MARGIN EXPANSION",
      "detail": "FCF margin: +16.5% -> +30.2% (+13.7%)",
      "severity": "MEDIUM"
    },
    {
      "quarter": "2022-05 (Q2)",
      "signal": "YoY REVENUE GROWTH ACCELERATION",
      "detail": "YoY growth: +50.3% vs prior quarter YoY: +40.9% (accel: +9.4%)",
      "severity": "MEDIUM"
    },
    {
      "quarter": "2022-02 (Q1)",
      "signal": "OPERATING LEVERAGE",
      "detail": "Rev growth +25.9% vs OpEx growth +13.5% (leverage: 1.9x)",
      "severity": "MEDIUM"
    },
    {
      "quarter": "2022-02 (Q1)",
      "signal": "OP MARGIN TURNED POSITIVE (YoY)",
      "detail": "Op margin: -9.3% (year-ago) -> +4.2%",
      "severity": "HIGH"
    },
    {
      "quarter": "2022-02 (Q1)",
      "signal": "OP MARGIN TURNED POSITIVE (QoQ)",
      "detail": "Op margin: -3.2% -> +4.2%",
      "severity": "HIGH"
    },
    {
      "quarter": "2021-10 (Q4)",
      "signal": "OPERATING LEVERAGE",
      "detail": "Rev growth +13.3% vs OpEx growth +5.1% (leverage: 2.6x)",
      "severity": "MEDIUM"
    },
    {
      "quarter": "2021-08 (Q3)",
      "signal": "FCF TURNED POSITIVE",
      "detail": "FCF margin: -1.5% -> +19.3%",
      "severity": "HIGH"
    },
    {
      "quarter": "2021-08 (Q3)",
      "signal": "OPERATING LEVERAGE",
      "detail": "Rev growth +20.4% vs OpEx growth +4.5% (leverage: 4.6x)",
      "severity": "MEDIUM"
    }
  ],
  "data_quality": {
    "n_quarters": 20,
    "coverage": {
      "revenue": [
        20,
        20
      ],
      "gross_profit": [
        20,
        20
      ],
      "op_income": [
        20,
        20
      ],
      "fcf": [
        20,
        20
      ]
    },
    "gaps": [],
    "warnings": []
  },
  "market_cap": null,
  "source": "SEC EDGAR",
  "last_updated": "2026-02-02T20:13:58.654940"
}