{
  "ticker": "PTC",
  "name": "PTC Inc.",
  "quarters": [
    {
      "date": "2020-12-31T00:00:00",
      "quarter_label": "2020-12 (Q4)",
      "revenue": 429050000,
      "gross_profit": 342220000,
      "operating_income": 90338000,
      "net_income": 23515000,
      "opex": 251882000,
      "cogs": 86830000,
      "rd": 70835000,
      "sga": null,
      "fcf": 110905000,
      "ocf": 113762000,
      "capex": -2857000,
      "gross_margin": 0.7976226547022491,
      "op_margin": 0.2105535485374665,
      "fcf_margin": 0.258489686516723
    },
    {
      "date": "2021-03-31T00:00:00",
      "quarter_label": "2021-03 (Q1)",
      "revenue": 461785000,
      "gross_profit": 372337000,
      "operating_income": 101690000,
      "net_income": 109262000,
      "opex": 270647000,
      "cogs": 89448000,
      "rd": 72545000,
      "sga": null,
      "fcf": 116307000,
      "ocf": 121692000,
      "capex": -5385000,
      "gross_margin": 0.8062994683673138,
      "op_margin": 0.2202107041155516,
      "fcf_margin": 0.25186396266660893,
      "op_leverage_ratio": 1.0241250834161557,
      "fcf_margin_change": -0.0066257238501140625
    },
    {
      "date": "2021-06-30T00:00:00",
      "quarter_label": "2021-06 (Q2)",
      "revenue": 435668000,
      "gross_profit": 340591000,
      "operating_income": 73582000,
      "net_income": 51203000,
      "opex": 267009000,
      "cogs": 95077000,
      "rd": 78134000,
      "sga": null,
      "fcf": 84614000,
      "ocf": 88034000,
      "capex": -3420000,
      "gross_margin": 0.7817673090518468,
      "op_margin": 0.16889466290845323,
      "fcf_margin": 0.19421669711798892,
      "fcf_margin_change": -0.057647265548620014
    },
    {
      "date": "2021-09-30T00:00:00",
      "quarter_label": "2021-09 (Q3)",
      "revenue": 480655000,
      "gross_profit": 380908000,
      "operating_income": 115137000,
      "net_income": 292943000,
      "opex": 265771000,
      "cogs": 99747000,
      "rd": 78403000,
      "sga": null,
      "fcf": 32270000,
      "ocf": 45321000,
      "capex": -13051000,
      "gross_margin": 0.7924769325191665,
      "op_margin": 0.23954187514953554,
      "fcf_margin": 0.06713755188232724,
      "op_leverage_ratio": Infinity,
      "fcf_margin_change": -0.12707914523566166
    },
    {
      "date": "2021-12-31T00:00:00",
      "quarter_label": "2021-12 (Q4)",
      "revenue": 457721000,
      "gross_profit": 362603000,
      "operating_income": 62178000,
      "net_income": 46089000,
      "opex": 300425000,
      "cogs": 95118000,
      "rd": 80534000,
      "sga": null,
      "fcf": 134374000,
      "ocf": 137736000,
      "capex": -3362000,
      "gross_margin": 0.7921921869435748,
      "op_margin": 0.13584257659141705,
      "fcf_margin": 0.293571848353036,
      "incr_op_margin_yoy": -0.9821771127620244,
      "rev_growth_yoy": 0.06682437944295537,
      "fcf_margin_change": 0.22643429647070878
    },
    {
      "date": "2022-03-31T00:00:00",
      "quarter_label": "2022-03 (Q1)",
      "revenue": 505227000,
      "gross_profit": 411890000,
      "operating_income": 159190000,
      "net_income": 89679000,
      "opex": 252700000,
      "cogs": 93337000,
      "rd": 81935000,
      "sga": null,
      "fcf": 140177000,
      "ocf": 142325000,
      "capex": -2148000,
      "gross_margin": 0.8152573001838778,
      "op_margin": 0.3150860900149834,
      "fcf_margin": 0.2774535010995058,
      "incr_op_margin_yoy": 1.3236038856406243,
      "rev_growth_yoy": 0.0940740820944812,
      "rev_growth_yoy_accel": 0.027249702651525834,
      "op_leverage_ratio": Infinity,
      "fcf_margin_change": -0.01611834725353023
    },
    {
      "date": "2022-06-30T00:00:00",
      "quarter_label": "2022-06 (Q2)",
      "revenue": 462474000,
      "gross_profit": 360479000,
      "operating_income": 79977000,
      "net_income": 70476000,
      "opex": 280502000,
      "cogs": 101995000,
      "rd": 88170000,
      "sga": null,
      "fcf": 112297000,
      "ocf": 116766000,
      "capex": -4469000,
      "gross_margin": 0.7794578722263306,
      "op_margin": 0.17293296488018786,
      "fcf_margin": 0.24281797463208743,
      "incr_op_margin_yoy": 0.23856599268820414,
      "rev_growth_yoy": 0.06152850335576632,
      "rev_growth_yoy_accel": -0.032545578738714886,
      "fcf_margin_change": -0.034635526467418354
    },
    {
      "date": "2022-09-30T00:00:00",
      "quarter_label": "2022-09 (Q3)",
      "revenue": 507925000,
      "gross_profit": 412395000,
      "operating_income": 146017000,
      "net_income": 106837000,
      "opex": 266378000,
      "cogs": 95530000,
      "rd": 88183000,
      "sga": null,
      "fcf": 28982000,
      "ocf": 38499000,
      "capex": -9517000,
      "gross_margin": 0.8119210513363193,
      "op_margin": 0.2874774819116996,
      "fcf_margin": 0.0570596052566816,
      "incr_op_margin_yoy": 1.1323799046571323,
      "rev_growth_yoy": 0.056735080255068605,
      "rev_growth_yoy_accel": -0.004793423100697712,
      "op_leverage_ratio": Infinity,
      "fcf_margin_change": -0.18575836937540582
    },
    {
      "date": "2022-12-31T00:00:00",
      "quarter_label": "2022-12 (Q4)",
      "revenue": 465910000,
      "gross_profit": 370120000,
      "operating_income": 104901000,
      "net_income": 75035000,
      "opex": 265219000,
      "cogs": 95790000,
      "rd": 88177000,
      "sga": null,
      "fcf": 171741000,
      "ocf": 180921000,
      "capex": -9180000,
      "gross_margin": 0.7944023523856539,
      "op_margin": 0.22515292653087507,
      "fcf_margin": 0.3686141100212487,
      "incr_op_margin_yoy": 5.21712052753694,
      "rev_growth_yoy": 0.01789081121469192,
      "rev_growth_yoy_accel": -0.03884426904037669,
      "fcf_margin_change": 0.31155450476456714
    },
    {
      "date": "2023-03-31T00:00:00",
      "quarter_label": "2023-03 (Q1)",
      "revenue": 542181000,
      "gross_profit": 428675000,
      "operating_income": 122539000,
      "net_income": 63504000,
      "opex": 306136000,
      "cogs": 113506000,
      "rd": 100349000,
      "sga": null,
      "fcf": 207178000,
      "ocf": 210948000,
      "capex": -3770000,
      "gross_margin": 0.7906492481293147,
      "op_margin": 0.22601123978892657,
      "fcf_margin": 0.38211962425831963,
      "incr_op_margin_yoy": -0.9918006169832765,
      "rev_growth_yoy": 0.07314335932165146,
      "rev_growth_yoy_accel": 0.05525254810695954,
      "op_leverage_ratio": 1.0611047476444957,
      "fcf_margin_change": 0.013505514237070915
    },
    {
      "date": "2023-06-30T00:00:00",
      "quarter_label": "2023-06 (Q2)",
      "revenue": 542342000,
      "gross_profit": 426488000,
      "operating_income": 109900000,
      "net_income": 61398000,
      "opex": 316588000,
      "cogs": 115854000,
      "rd": 103819000,
      "sga": null,
      "fcf": 164138000,
      "ocf": 169223000,
      "capex": -5085000,
      "gross_margin": 0.7863820246265272,
      "op_margin": 0.20263966279580042,
      "fcf_margin": 0.3026466694447415,
      "incr_op_margin_yoy": 0.3746556818750939,
      "rev_growth_yoy": 0.1726972759549726,
      "rev_growth_yoy_accel": 0.09955391663332115,
      "fcf_margin_change": -0.07947295481357813
    },
    {
      "date": "2023-09-30T00:00:00",
      "quarter_label": "2023-09 (Q3)",
      "revenue": 546620000,
      "gross_profit": 430764000,
      "operating_income": 121134000,
      "net_income": 45603000,
      "opex": 309630000,
      "cogs": 115856000,
      "rd": 102025000,
      "sga": null,
      "fcf": 43990000,
      "ocf": 49769000,
      "capex": -5779000,
      "gross_margin": 0.7880501994072665,
      "op_margin": 0.2216055029087849,
      "fcf_margin": 0.08047638213018185,
      "incr_op_margin_yoy": -0.6430546582245769,
      "rev_growth_yoy": 0.0761825072599301,
      "rev_growth_yoy_accel": -0.09651476869504251,
      "fcf_margin_change": -0.22217028731455965
    },
    {
      "date": "2023-12-31T00:00:00",
      "quarter_label": "2023-12 (Q4)",
      "revenue": 550214000,
      "gross_profit": 440194000,
      "operating_income": 118713000,
      "net_income": 66387000,
      "opex": 321481000,
      "cogs": 110020000,
      "rd": 105783000,
      "sga": null,
      "fcf": 182778000,
      "ocf": 187341000,
      "capex": -4563000,
      "gross_margin": 0.8000414384221411,
      "op_margin": 0.2157578687565202,
      "fcf_margin": 0.33219438254933537,
      "incr_op_margin_yoy": 0.16383564243689505,
      "rev_growth_yoy": 0.18094481766864845,
      "rev_growth_yoy_accel": 0.10476231040871835,
      "fcf_margin_change": 0.2517180004191535
    },
    {
      "date": "2024-03-31T00:00:00",
      "quarter_label": "2024-03 (Q1)",
      "revenue": 603072000,
      "gross_profit": 493017000,
      "operating_income": 179555000,
      "net_income": 114445000,
      "opex": 313462000,
      "cogs": 110055000,
      "rd": 106998000,
      "sga": null,
      "fcf": 247091000,
      "ocf": 250730000,
      "capex": -3639000,
      "gross_margin": 0.8175093521171601,
      "op_margin": 0.2977339355831476,
      "fcf_margin": 0.4097205640454208,
      "incr_op_margin_yoy": 0.9363616954886601,
      "rev_growth_yoy": 0.11230751354252547,
      "rev_growth_yoy_accel": -0.06863730412612298,
      "op_leverage_ratio": Infinity,
      "fcf_margin_change": 0.07752618149608542
    },
    {
      "date": "2024-06-30T00:00:00",
      "quarter_label": "2024-06 (Q2)",
      "revenue": 518639000,
      "gross_profit": 406723000,
      "operating_income": 95821000,
      "net_income": 68978000,
      "opex": 310902000,
      "cogs": 111916000,
      "rd": 110253000,
      "sga": null,
      "fcf": 212160000,
      "ocf": 213799000,
      "capex": -1639000,
      "gross_margin": 0.7842121398506475,
      "op_margin": 0.1847547137797196,
      "fcf_margin": 0.4090706637950482,
      "incr_op_margin_yoy": 0.5939754461460575,
      "rev_growth_yoy": -0.043704894697441835,
      "rev_growth_yoy_accel": -0.15601240823996732,
      "fcf_margin_change": -0.0006499002503725926
    },
    {
      "date": "2024-09-30T00:00:00",
      "quarter_label": "2024-09 (Q3)",
      "revenue": 626547000,
      "gross_profit": 513722000,
      "operating_income": 193973000,
      "net_income": 126523000,
      "opex": 319749000,
      "cogs": 112825000,
      "rd": 110013000,
      "sga": null,
      "fcf": 93577000,
      "ocf": 98114000,
      "capex": -4537000,
      "gross_margin": 0.819925719858207,
      "op_margin": 0.3095905015904633,
      "fcf_margin": 0.14935352016688294,
      "incr_op_margin_yoy": 0.9113190786592766,
      "rev_growth_yoy": 0.14622040905930994,
      "rev_growth_yoy_accel": 0.18992530375675176,
      "op_leverage_ratio": 7.311659537974647,
      "fcf_margin_change": -0.2597171436281652
    },
    {
      "date": "2024-12-31T00:00:00",
      "quarter_label": "2024-12 (Q4)",
      "revenue": 565128000,
      "gross_profit": 453331000,
      "operating_income": 115524000,
      "net_income": 82232000,
      "opex": 337807000,
      "cogs": 111797000,
      "rd": 115516000,
      "sga": null,
      "fcf": 235662000,
      "ocf": 238429000,
      "capex": -2767000,
      "gross_margin": 0.8021740207528206,
      "op_margin": 0.20442094534335584,
      "fcf_margin": 0.4170064127065019,
      "incr_op_margin_yoy": -0.2138259353627464,
      "rev_growth_yoy": 0.027105817009381805,
      "rev_growth_yoy_accel": -0.11911459204992814,
      "fcf_margin_change": 0.267652892539619
    },
    {
      "date": "2025-03-31T00:00:00",
      "quarter_label": "2025-03 (Q1)",
      "revenue": 636366000,
      "gross_profit": 530104000,
      "operating_income": 223464000,
      "net_income": 162644000,
      "opex": 306640000,
      "cogs": 106262000,
      "rd": 111023000,
      "sga": null,
      "fcf": 278501000,
      "ocf": 281309000,
      "capex": -2808000,
      "gross_margin": 0.8330174773636555,
      "op_margin": 0.3511564099904772,
      "fcf_margin": 0.43764280304101727,
      "incr_op_margin_yoy": 1.3188262149336216,
      "rev_growth_yoy": 0.055207338427252464,
      "rev_growth_yoy_accel": 0.02810152141787066,
      "op_leverage_ratio": Infinity,
      "fcf_margin_change": 0.020636390334515364
    },
    {
      "date": "2025-06-30T00:00:00",
      "quarter_label": "2025-06 (Q2)",
      "revenue": 643937000,
      "gross_profit": 533912000,
      "operating_income": 209828000,
      "net_income": 141328000,
      "opex": 324084000,
      "cogs": 110025000,
      "rd": 116647000,
      "sga": null,
      "fcf": 242041000,
      "ocf": 243928000,
      "capex": -1887000,
      "gross_margin": 0.8291370118505381,
      "op_margin": 0.3258517525782802,
      "fcf_margin": 0.3758768326715191,
      "incr_op_margin_yoy": 0.9098868297977621,
      "rev_growth_yoy": 0.24159000769321243,
      "rev_growth_yoy_accel": 0.18638266926595998,
      "op_leverage_ratio": 0.20913610072703126,
      "fcf_margin_change": -0.06176597036949816
    },
    {
      "date": "2025-09-30T00:00:00",
      "quarter_label": "2025-09 (Q3)",
      "revenue": 893795000,
      "gross_profit": 776896000,
      "operating_income": 433569000,
      "net_income": 347793000,
      "opex": 343327000,
      "cogs": 116899000,
      "rd": 114507000,
      "sga": null,
      "fcf": 100484000,
      "ocf": 104030000,
      "capex": -3546000,
      "gross_margin": 0.8692105012894455,
      "op_margin": 0.48508774383387687,
      "fcf_margin": 0.11242398984107094,
      "incr_op_margin_yoy": 0.8965305633718493,
      "rev_growth_yoy": 0.42654102565330293,
      "rev_growth_yoy_accel": 0.1849510179600905,
      "op_leverage_ratio": 6.5348359565165435,
      "fcf_margin_change": -0.2634528428304482
    }
  ],
  "signals": [
    {
      "quarter": "2025-09 (Q3)",
      "signal": "OPERATING LEVERAGE",
      "detail": "Rev growth +38.8% vs OpEx growth +5.9% (leverage: 6.5x)",
      "severity": "MEDIUM"
    },
    {
      "quarter": "2025-09 (Q3)",
      "signal": "GROSS MARGIN INFLECTION",
      "detail": "GM: +83.3% -> +82.9% -> +86.9% (reversal +4.0%)",
      "severity": "MEDIUM"
    },
    {
      "quarter": "2025-09 (Q3)",
      "signal": "YoY REVENUE GROWTH ACCELERATION",
      "detail": "YoY growth: +42.7% vs prior quarter YoY: +24.2% (accel: +18.5%)",
      "severity": "HIGH"
    },
    {
      "quarter": "2025-09 (Q3)",
      "signal": "INCREMENTAL MARGIN (YoY)",
      "detail": "YoY Incr OPM: +89.7% vs year-ago OPM: +31.0%",
      "severity": "HIGH"
    },
    {
      "quarter": "2025-06 (Q2)",
      "signal": "YoY REVENUE GROWTH ACCELERATION",
      "detail": "YoY growth: +24.2% vs prior quarter YoY: +5.5% (accel: +18.6%)",
      "severity": "HIGH"
    },
    {
      "quarter": "2025-06 (Q2)",
      "signal": "INCREMENTAL MARGIN (YoY)",
      "detail": "YoY Incr OPM: +91.0% vs year-ago OPM: +18.5%",
      "severity": "HIGH"
    },
    {
      "quarter": "2025-03 (Q1)",
      "signal": "GROSS MARGIN INFLECTION",
      "detail": "GM: +82.0% -> +80.2% -> +83.3% (reversal +3.1%)",
      "severity": "MEDIUM"
    },
    {
      "quarter": "2025-03 (Q1)",
      "signal": "INCREMENTAL MARGIN (YoY)",
      "detail": "YoY Incr OPM: +131.9% vs year-ago OPM: +29.8%",
      "severity": "HIGH"
    },
    {
      "quarter": "2024-12 (Q4)",
      "signal": "FCF MARGIN EXPANSION",
      "detail": "FCF margin: +14.9% -> +41.7% (+26.8%)",
      "severity": "MEDIUM"
    },
    {
      "quarter": "2024-12 (Q4)",
      "signal": "YoY REVENUE GROWTH DECELERATION",
      "detail": "YoY growth: +2.7% vs prior quarter YoY: +14.6% (decel: -11.9%)",
      "severity": "WARNING"
    },
    {
      "quarter": "2024-09 (Q3)",
      "signal": "OPERATING LEVERAGE",
      "detail": "Rev growth +20.8% vs OpEx growth +2.8% (leverage: 7.3x)",
      "severity": "MEDIUM"
    },
    {
      "quarter": "2024-09 (Q3)",
      "signal": "GROSS MARGIN INFLECTION",
      "detail": "GM: +81.8% -> +78.4% -> +82.0% (reversal +3.6%)",
      "severity": "MEDIUM"
    },
    {
      "quarter": "2024-09 (Q3)",
      "signal": "YoY REVENUE GROWTH ACCELERATION",
      "detail": "YoY growth: +14.6% vs prior quarter YoY: -4.4% (accel: +19.0%)",
      "severity": "HIGH"
    },
    {
      "quarter": "2024-09 (Q3)",
      "signal": "INCREMENTAL MARGIN (YoY)",
      "detail": "YoY Incr OPM: +91.1% vs year-ago OPM: +22.2%",
      "severity": "HIGH"
    },
    {
      "quarter": "2024-06 (Q2)",
      "signal": "YoY REVENUE GROWTH DECELERATION",
      "detail": "YoY growth: -4.4% vs prior quarter YoY: +11.2% (decel: -15.6%)",
      "severity": "WARNING"
    },
    {
      "quarter": "2024-06 (Q2)",
      "signal": "INCREMENTAL MARGIN (YoY)",
      "detail": "YoY Incr OPM: +59.4% vs year-ago OPM: +20.3%",
      "severity": "HIGH"
    },
    {
      "quarter": "2024-03 (Q1)",
      "signal": "FCF MARGIN EXPANSION",
      "detail": "FCF margin: +33.2% -> +41.0% (+7.8%)",
      "severity": "MEDIUM"
    },
    {
      "quarter": "2024-03 (Q1)",
      "signal": "YoY REVENUE GROWTH DECELERATION",
      "detail": "YoY growth: +11.2% vs prior quarter YoY: +18.1% (decel: -6.9%)",
      "severity": "WARNING"
    },
    {
      "quarter": "2024-03 (Q1)",
      "signal": "INCREMENTAL MARGIN (YoY)",
      "detail": "YoY Incr OPM: +93.6% vs year-ago OPM: +22.6%",
      "severity": "HIGH"
    },
    {
      "quarter": "2023-12 (Q4)",
      "signal": "FCF MARGIN EXPANSION",
      "detail": "FCF margin: +8.0% -> +33.2% (+25.2%)",
      "severity": "MEDIUM"
    },
    {
      "quarter": "2023-12 (Q4)",
      "signal": "YoY REVENUE GROWTH ACCELERATION",
      "detail": "YoY growth: +18.1% vs prior quarter YoY: +7.6% (accel: +10.5%)",
      "severity": "MEDIUM"
    },
    {
      "quarter": "2023-09 (Q3)",
      "signal": "YoY REVENUE GROWTH DECELERATION",
      "detail": "YoY growth: +7.6% vs prior quarter YoY: +17.3% (decel: -9.7%)",
      "severity": "WARNING"
    },
    {
      "quarter": "2023-06 (Q2)",
      "signal": "YoY REVENUE GROWTH ACCELERATION",
      "detail": "YoY growth: +17.3% vs prior quarter YoY: +7.3% (accel: +10.0%)",
      "severity": "MEDIUM"
    },
    {
      "quarter": "2023-06 (Q2)",
      "signal": "INCREMENTAL MARGIN (YoY)",
      "detail": "YoY Incr OPM: +37.5% vs year-ago OPM: +17.3%",
      "severity": "HIGH"
    },
    {
      "quarter": "2023-03 (Q1)",
      "signal": "YoY REVENUE GROWTH ACCELERATION",
      "detail": "YoY growth: +7.3% vs prior quarter YoY: +1.8% (accel: +5.5%)",
      "severity": "MEDIUM"
    },
    {
      "quarter": "2022-12 (Q4)",
      "signal": "FCF MARGIN EXPANSION",
      "detail": "FCF margin: +5.7% -> +36.9% (+31.2%)",
      "severity": "MEDIUM"
    },
    {
      "quarter": "2022-12 (Q4)",
      "signal": "INCREMENTAL MARGIN (YoY)",
      "detail": "YoY Incr OPM: +521.7% vs year-ago OPM: +13.6%",
      "severity": "HIGH"
    },
    {
      "quarter": "2022-09 (Q3)",
      "signal": "GROSS MARGIN INFLECTION",
      "detail": "GM: +81.5% -> +77.9% -> +81.2% (reversal +3.2%)",
      "severity": "MEDIUM"
    },
    {
      "quarter": "2022-09 (Q3)",
      "signal": "INCREMENTAL MARGIN (YoY)",
      "detail": "YoY Incr OPM: +113.2% vs year-ago OPM: +24.0%",
      "severity": "HIGH"
    },
    {
      "quarter": "2022-03 (Q1)",
      "signal": "GROSS MARGIN INFLECTION",
      "detail": "GM: +79.2% -> +79.2% -> +81.5% (reversal +2.3%)",
      "severity": "MEDIUM"
    },
    {
      "quarter": "2022-03 (Q1)",
      "signal": "INCREMENTAL MARGIN (YoY)",
      "detail": "YoY Incr OPM: +132.4% vs year-ago OPM: +22.0%",
      "severity": "HIGH"
    },
    {
      "quarter": "2021-12 (Q4)",
      "signal": "FCF MARGIN EXPANSION",
      "detail": "FCF margin: +6.7% -> +29.4% (+22.6%)",
      "severity": "MEDIUM"
    }
  ],
  "data_quality": {
    "n_quarters": 20,
    "coverage": {
      "revenue": [
        20,
        20
      ],
      "gross_profit": [
        20,
        20
      ],
      "op_income": [
        20,
        20
      ],
      "fcf": [
        20,
        20
      ]
    },
    "gaps": [],
    "warnings": []
  },
  "market_cap": null,
  "source": "SEC EDGAR",
  "last_updated": "2026-02-02T20:19:02.052854"
}