{
  "ticker": "PTCT",
  "name": "PTC THERAPEUTICS, INC.",
  "quarters": [
    {
      "date": "2020-12-31T00:00:00",
      "quarter_label": "2020-12 (Q4)",
      "revenue": 118864000,
      "gross_profit": null,
      "operating_income": -96374000,
      "net_income": -74354000,
      "opex": 215238000,
      "cogs": null,
      "rd": 118013000,
      "sga": 75456000,
      "fcf": -70718000,
      "ocf": -64366000,
      "capex": -6352000,
      "gross_margin": null,
      "op_margin": -0.8107921658365863,
      "fcf_margin": -0.5949488491048593
    },
    {
      "date": "2021-03-31T00:00:00",
      "quarter_label": "2021-03 (Q1)",
      "revenue": 117942000,
      "gross_profit": null,
      "operating_income": -98148000,
      "net_income": -128642000,
      "opex": 216090000,
      "cogs": null,
      "rd": 134513000,
      "sga": 61095000,
      "fcf": -105826000,
      "ocf": -100157000,
      "capex": -5669000,
      "gross_margin": null,
      "op_margin": -0.8321717454341965,
      "fcf_margin": -0.8972715402485968,
      "fcf_margin_change": -0.30232269114373744
    },
    {
      "date": "2021-06-30T00:00:00",
      "quarter_label": "2021-06 (Q2)",
      "revenue": 116676000,
      "gross_profit": null,
      "operating_income": -98493000,
      "net_income": -118370000,
      "opex": 215169000,
      "cogs": null,
      "rd": 125482000,
      "sga": 68878000,
      "fcf": -39119000,
      "ocf": -31145000,
      "capex": -7974000,
      "gross_margin": null,
      "op_margin": -0.8441581816311838,
      "fcf_margin": -0.33527889197435634,
      "fcf_margin_change": 0.5619926482742404
    },
    {
      "date": "2021-09-30T00:00:00",
      "quarter_label": "2021-09 (Q3)",
      "revenue": 138743000,
      "gross_profit": null,
      "operating_income": -93076000,
      "net_income": -133624000,
      "opex": 231819000,
      "cogs": null,
      "rd": 130845000,
      "sga": 69252000,
      "fcf": -57034000,
      "ocf": -51190000,
      "capex": -5844000,
      "gross_margin": null,
      "op_margin": -0.6708518627966816,
      "fcf_margin": -0.41107659485523595,
      "op_leverage_ratio": 2.4441464621054254,
      "fcf_margin_change": -0.07579770288087961
    },
    {
      "date": "2021-12-31T00:00:00",
      "quarter_label": "2021-12 (Q4)",
      "revenue": 165229000,
      "gross_profit": null,
      "operating_income": -84730000,
      "net_income": -143265000,
      "opex": 249959000,
      "cogs": null,
      "rd": 149844000,
      "sga": 86548000,
      "fcf": -77566000,
      "ocf": -68840000,
      "capex": -8726000,
      "gross_margin": null,
      "op_margin": -0.5128034424949616,
      "fcf_margin": -0.46944543633381547,
      "incr_op_margin_yoy": 0.2511377116359323,
      "rev_growth_yoy": 0.3900676403284426,
      "op_leverage_ratio": 2.439591093607106,
      "fcf_margin_change": -0.058368841478579514
    },
    {
      "date": "2022-03-31T00:00:00",
      "quarter_label": "2022-03 (Q1)",
      "revenue": 148735000,
      "gross_profit": null,
      "operating_income": -86522000,
      "net_income": -126726000,
      "opex": 235257000,
      "cogs": null,
      "rd": 140078000,
      "sga": 73271000,
      "fcf": -106716000,
      "ocf": -97404000,
      "capex": -9312000,
      "gross_margin": null,
      "op_margin": -0.5817191649578108,
      "fcf_margin": -0.7174908394123777,
      "incr_op_margin_yoy": 0.3775533400448154,
      "rev_growth_yoy": 0.2610859575045361,
      "rev_growth_yoy_accel": -0.12898168282390648,
      "fcf_margin_change": -0.2480454030785622
    },
    {
      "date": "2022-06-30T00:00:00",
      "quarter_label": "2022-06 (Q2)",
      "revenue": 165526000,
      "gross_profit": null,
      "operating_income": -92362000,
      "net_income": -152087000,
      "opex": 257888000,
      "cogs": null,
      "rd": 157263000,
      "sga": 79892000,
      "fcf": -63942000,
      "ocf": -55242000,
      "capex": -8700000,
      "gross_margin": null,
      "op_margin": -0.5579908896487561,
      "fcf_margin": -0.3862958085134662,
      "incr_op_margin_yoy": 0.1255066530194473,
      "rev_growth_yoy": 0.4186807912509856,
      "rev_growth_yoy_accel": 0.1575948337464495,
      "op_leverage_ratio": 1.1735516105698645,
      "fcf_margin_change": 0.3311950308989115
    },
    {
      "date": "2022-09-30T00:00:00",
      "quarter_label": "2022-09 (Q3)",
      "revenue": 217127000,
      "gross_profit": null,
      "operating_income": -68187000,
      "net_income": -109315000,
      "opex": 285314000,
      "cogs": null,
      "rd": 165462000,
      "sga": 80118000,
      "fcf": -43427000,
      "ocf": -38045000,
      "capex": -5382000,
      "gross_margin": null,
      "op_margin": -0.31404201227852824,
      "fcf_margin": -0.20000736895918056,
      "incr_op_margin_yoy": 0.31752653602776076,
      "rev_growth_yoy": 0.5649582321270262,
      "rev_growth_yoy_accel": 0.1462774408760406,
      "op_leverage_ratio": 2.9313019724628258,
      "fcf_margin_change": 0.18628843955428562
    },
    {
      "date": "2022-12-31T00:00:00",
      "quarter_label": "2022-12 (Q4)",
      "revenue": 167412000,
      "gross_profit": null,
      "operating_income": -200341000,
      "net_income": -170889000,
      "opex": 367753000,
      "cogs": null,
      "rd": 188694000,
      "sga": 92718000,
      "fcf": -174585000,
      "ocf": -165963000,
      "capex": -8622000,
      "gross_margin": null,
      "op_margin": -1.1966943827204741,
      "fcf_margin": -1.0428463909397176,
      "incr_op_margin_yoy": -52.95968850206138,
      "rev_growth_yoy": 0.013211966422359271,
      "rev_growth_yoy_accel": -0.551746265704667,
      "fcf_margin_change": -0.8428390219805371
    },
    {
      "date": "2023-03-31T00:00:00",
      "quarter_label": "2023-03 (Q1)",
      "revenue": 220382000,
      "gross_profit": null,
      "operating_income": -117615000,
      "net_income": -138959000,
      "opex": 337997000,
      "cogs": null,
      "rd": 195124000,
      "sga": 86914000,
      "fcf": -39761000,
      "ocf": -29491000,
      "capex": -10270000,
      "gross_margin": null,
      "op_margin": -0.5336869617300869,
      "fcf_margin": -0.1804185459792542,
      "incr_op_margin_yoy": -0.4339749047413011,
      "rev_growth_yoy": 0.4817090799072175,
      "rev_growth_yoy_accel": 0.46849711348485823,
      "op_leverage_ratio": Infinity,
      "fcf_margin_change": 0.8624278449604634
    },
    {
      "date": "2023-06-30T00:00:00",
      "quarter_label": "2023-06 (Q2)",
      "revenue": 213808000,
      "gross_profit": null,
      "operating_income": -209543000,
      "net_income": -198883000,
      "opex": 423351000,
      "cogs": null,
      "rd": 185874000,
      "sga": 88449000,
      "fcf": -20365000,
      "ocf": -14120000,
      "capex": -6245000,
      "gross_margin": null,
      "op_margin": -0.9800521963630922,
      "fcf_margin": -0.09524900845618499,
      "incr_op_margin_yoy": -2.427012137028292,
      "rev_growth_yoy": 0.29168831482667373,
      "rev_growth_yoy_accel": -0.19002076508054377,
      "fcf_margin_change": 0.0851695375230692
    },
    {
      "date": "2023-09-30T00:00:00",
      "quarter_label": "2023-09 (Q3)",
      "revenue": 196576000,
      "gross_profit": null,
      "operating_income": -118164000,
      "net_income": -132970000,
      "opex": 314740000,
      "cogs": null,
      "rd": 164212000,
      "sga": 80886000,
      "fcf": -20876000,
      "ocf": -14519000,
      "capex": -6357000,
      "gross_margin": null,
      "op_margin": -0.6011110206739378,
      "fcf_margin": -0.10619811167182158,
      "incr_op_margin_yoy": 2.431852464600263,
      "rev_growth_yoy": -0.09464967507495613,
      "rev_growth_yoy_accel": -0.3863379899016299,
      "fcf_margin_change": -0.010949103215636594
    },
    {
      "date": "2023-12-31T00:00:00",
      "quarter_label": "2023-12 (Q4)",
      "revenue": 307056000,
      "gross_profit": null,
      "operating_income": 5820000,
      "net_income": -155792000,
      "opex": 301236000,
      "cogs": null,
      "rd": 121353000,
      "sga": 76291000,
      "fcf": -105854000,
      "ocf": -100288000,
      "capex": -5566000,
      "gross_margin": null,
      "op_margin": 0.018954197279974987,
      "fcf_margin": -0.34473841905059666,
      "incr_op_margin_yoy": 1.4763326745151957,
      "rev_growth_yoy": 0.8341337538527704,
      "rev_growth_yoy_accel": 0.9287834289277266,
      "op_leverage_ratio": Infinity,
      "fcf_margin_change": -0.23854030737877507
    },
    {
      "date": "2024-03-31T00:00:00",
      "quarter_label": "2024-03 (Q1)",
      "revenue": 210118000,
      "gross_profit": null,
      "operating_income": -45453000,
      "net_income": -91576000,
      "opex": 255571000,
      "cogs": null,
      "rd": 116129000,
      "sga": 73272000,
      "fcf": 61173000,
      "ocf": 70761000,
      "capex": -9588000,
      "gross_margin": null,
      "op_margin": -0.2163213051713799,
      "fcf_margin": 0.2911364090653823,
      "incr_op_margin_yoy": -7.030592361652377,
      "rev_growth_yoy": -0.046573676616057574,
      "rev_growth_yoy_accel": -0.880707430468828,
      "fcf_margin_change": 0.635874828115979
    },
    {
      "date": "2024-06-30T00:00:00",
      "quarter_label": "2024-06 (Q2)",
      "revenue": 186704000,
      "gross_profit": null,
      "operating_income": -40218000,
      "net_income": -99179000,
      "opex": 226922000,
      "cogs": null,
      "rd": 132169000,
      "sga": 69500000,
      "fcf": -64078000,
      "ocf": -71453000,
      "capex": 7375000,
      "gross_margin": null,
      "op_margin": -0.21541048933070528,
      "fcf_margin": -0.34320635872825433,
      "incr_op_margin_yoy": -6.247232880755608,
      "rev_growth_yoy": -0.12676794133053956,
      "rev_growth_yoy_accel": -0.08019426471448199,
      "fcf_margin_change": -0.6343427677936366
    },
    {
      "date": "2024-09-30T00:00:00",
      "quarter_label": "2024-09 (Q3)",
      "revenue": 196786000,
      "gross_profit": null,
      "operating_income": -54510000,
      "net_income": -106654000,
      "opex": 251296000,
      "cogs": null,
      "rd": 161412000,
      "sga": 73456000,
      "fcf": -77514000,
      "ocf": -76992000,
      "capex": -522000,
      "gross_margin": null,
      "op_margin": -0.27700141270212314,
      "fcf_margin": -0.3938999725590235,
      "rev_growth_yoy": 0.0010682891095555916,
      "rev_growth_yoy_accel": 0.12783623044009515,
      "op_leverage_ratio": 0.5027393350878876,
      "fcf_margin_change": -0.050693613830769146
    },
    {
      "date": "2024-12-31T00:00:00",
      "quarter_label": "2024-12 (Q4)",
      "revenue": 213172000,
      "gross_profit": null,
      "operating_income": -162389000,
      "net_income": -65886000,
      "opex": 375561000,
      "cogs": null,
      "rd": 124770000,
      "sga": 84683000,
      "fcf": -33771000,
      "ocf": -30004000,
      "capex": -3767000,
      "gross_margin": null,
      "op_margin": -0.7617745294879252,
      "fcf_margin": -0.15842136866004916,
      "incr_op_margin_yoy": 1.7916684419070341,
      "rev_growth_yoy": -0.3057553019644625,
      "rev_growth_yoy_accel": -0.3068235910740181,
      "op_leverage_ratio": 0.16838969258067024,
      "fcf_margin_change": 0.23547860389897432
    },
    {
      "date": "2025-03-31T00:00:00",
      "quarter_label": "2025-03 (Q1)",
      "revenue": 1176096000,
      "gross_profit": null,
      "operating_income": 970225000,
      "net_income": 866562000,
      "opex": 205871000,
      "cogs": null,
      "rd": 108973000,
      "sga": 80961000,
      "fcf": 868379000,
      "ocf": 870103000,
      "capex": -1724000,
      "gross_margin": null,
      "op_margin": 0.82495391532664,
      "fcf_margin": 0.738357242946154,
      "incr_op_margin_yoy": 1.051450447111632,
      "rev_growth_yoy": 4.597311986598007,
      "rev_growth_yoy_accel": 4.90306728856247,
      "op_leverage_ratio": Infinity,
      "fcf_margin_change": 0.8967786116062032
    },
    {
      "date": "2025-06-30T00:00:00",
      "quarter_label": "2025-06 (Q2)",
      "revenue": 178875000,
      "gross_profit": null,
      "operating_income": -34957000,
      "net_income": -64849000,
      "opex": 213832000,
      "cogs": null,
      "rd": 112990000,
      "sga": 85262000,
      "fcf": -59650000,
      "ocf": -58333000,
      "capex": -1317000,
      "gross_margin": null,
      "op_margin": -0.19542697414395527,
      "fcf_margin": -0.3334730957372467,
      "incr_op_margin_yoy": -0.6719887597394303,
      "rev_growth_yoy": -0.04193268489159311,
      "rev_growth_yoy_accel": -4.6392446714896005,
      "fcf_margin_change": -1.0718303386834007
    },
    {
      "date": "2025-09-30T00:00:00",
      "quarter_label": "2025-09 (Q3)",
      "revenue": 211007000,
      "gross_profit": null,
      "operating_income": 3016000,
      "net_income": 15896000,
      "opex": 207991000,
      "cogs": null,
      "rd": 100158000,
      "sga": 84046000,
      "fcf": -69746000,
      "ocf": -66301000,
      "capex": -3445000,
      "gross_margin": null,
      "op_margin": 0.014293364675105565,
      "fcf_margin": -0.33053879729108515,
      "incr_op_margin_yoy": 4.045144504605864,
      "rev_growth_yoy": 0.07226631975851941,
      "rev_growth_yoy_accel": 0.11419900465011251,
      "op_leverage_ratio": Infinity,
      "fcf_margin_change": 0.002934298446161554
    }
  ],
  "signals": [
    {
      "quarter": "2025-09 (Q3)",
      "signal": "YoY REVENUE GROWTH ACCELERATION",
      "detail": "YoY growth: +7.2% vs prior quarter YoY: -4.2% (accel: +11.4%)",
      "severity": "MEDIUM"
    },
    {
      "quarter": "2025-09 (Q3)",
      "signal": "OP MARGIN TURNED POSITIVE (YoY)",
      "detail": "Op margin: -27.7% (year-ago) -> +1.4%",
      "severity": "HIGH"
    },
    {
      "quarter": "2025-09 (Q3)",
      "signal": "OP MARGIN TURNED POSITIVE (QoQ)",
      "detail": "Op margin: -19.5% -> +1.4%",
      "severity": "HIGH"
    },
    {
      "quarter": "2025-06 (Q2)",
      "signal": "YoY REVENUE GROWTH DECELERATION",
      "detail": "YoY growth: -4.2% vs prior quarter YoY: +459.7% (decel: -463.9%)",
      "severity": "WARNING"
    },
    {
      "quarter": "2025-03 (Q1)",
      "signal": "FCF TURNED POSITIVE",
      "detail": "FCF margin: -15.8% -> +73.8%",
      "severity": "HIGH"
    },
    {
      "quarter": "2025-03 (Q1)",
      "signal": "YoY REVENUE GROWTH ACCELERATION",
      "detail": "YoY growth: +459.7% vs prior quarter YoY: -30.6% (accel: +490.3%)",
      "severity": "HIGH"
    },
    {
      "quarter": "2025-03 (Q1)",
      "signal": "OP MARGIN TURNED POSITIVE (YoY)",
      "detail": "Op margin: -21.6% (year-ago) -> +82.5%",
      "severity": "HIGH"
    },
    {
      "quarter": "2025-03 (Q1)",
      "signal": "OP MARGIN TURNED POSITIVE (QoQ)",
      "detail": "Op margin: -76.2% -> +82.5%",
      "severity": "HIGH"
    },
    {
      "quarter": "2024-12 (Q4)",
      "signal": "FCF MARGIN EXPANSION",
      "detail": "FCF margin: -39.4% -> -15.8% (+23.5%)",
      "severity": "MEDIUM"
    },
    {
      "quarter": "2024-12 (Q4)",
      "signal": "YoY REVENUE GROWTH DECELERATION",
      "detail": "YoY growth: -30.6% vs prior quarter YoY: +0.1% (decel: -30.7%)",
      "severity": "WARNING"
    },
    {
      "quarter": "2024-09 (Q3)",
      "signal": "YoY REVENUE GROWTH ACCELERATION",
      "detail": "YoY growth: +0.1% vs prior quarter YoY: -12.7% (accel: +12.8%)",
      "severity": "MEDIUM"
    },
    {
      "quarter": "2024-06 (Q2)",
      "signal": "YoY REVENUE GROWTH DECELERATION",
      "detail": "YoY growth: -12.7% vs prior quarter YoY: -4.7% (decel: -8.0%)",
      "severity": "WARNING"
    },
    {
      "quarter": "2024-03 (Q1)",
      "signal": "FCF TURNED POSITIVE",
      "detail": "FCF margin: -34.5% -> +29.1%",
      "severity": "HIGH"
    },
    {
      "quarter": "2024-03 (Q1)",
      "signal": "YoY REVENUE GROWTH DECELERATION",
      "detail": "YoY growth: -4.7% vs prior quarter YoY: +83.4% (decel: -88.1%)",
      "severity": "WARNING"
    },
    {
      "quarter": "2023-12 (Q4)",
      "signal": "YoY REVENUE GROWTH ACCELERATION",
      "detail": "YoY growth: +83.4% vs prior quarter YoY: -9.5% (accel: +92.9%)",
      "severity": "HIGH"
    },
    {
      "quarter": "2023-12 (Q4)",
      "signal": "OP MARGIN TURNED POSITIVE (YoY)",
      "detail": "Op margin: -119.7% (year-ago) -> +1.9%",
      "severity": "HIGH"
    },
    {
      "quarter": "2023-12 (Q4)",
      "signal": "OP MARGIN TURNED POSITIVE (QoQ)",
      "detail": "Op margin: -60.1% -> +1.9%",
      "severity": "HIGH"
    },
    {
      "quarter": "2023-09 (Q3)",
      "signal": "YoY REVENUE GROWTH DECELERATION",
      "detail": "YoY growth: -9.5% vs prior quarter YoY: +29.2% (decel: -38.6%)",
      "severity": "WARNING"
    },
    {
      "quarter": "2023-06 (Q2)",
      "signal": "FCF MARGIN EXPANSION",
      "detail": "FCF margin: -18.0% -> -9.5% (+8.5%)",
      "severity": "MEDIUM"
    },
    {
      "quarter": "2023-06 (Q2)",
      "signal": "YoY REVENUE GROWTH DECELERATION",
      "detail": "YoY growth: +29.2% vs prior quarter YoY: +48.2% (decel: -19.0%)",
      "severity": "WARNING"
    },
    {
      "quarter": "2023-03 (Q1)",
      "signal": "FCF MARGIN EXPANSION",
      "detail": "FCF margin: -104.3% -> -18.0% (+86.2%)",
      "severity": "MEDIUM"
    },
    {
      "quarter": "2023-03 (Q1)",
      "signal": "YoY REVENUE GROWTH ACCELERATION",
      "detail": "YoY growth: +48.2% vs prior quarter YoY: +1.3% (accel: +46.8%)",
      "severity": "HIGH"
    },
    {
      "quarter": "2022-12 (Q4)",
      "signal": "YoY REVENUE GROWTH DECELERATION",
      "detail": "YoY growth: +1.3% vs prior quarter YoY: +56.5% (decel: -55.2%)",
      "severity": "WARNING"
    },
    {
      "quarter": "2022-09 (Q3)",
      "signal": "FCF MARGIN EXPANSION",
      "detail": "FCF margin: -38.6% -> -20.0% (+18.6%)",
      "severity": "MEDIUM"
    },
    {
      "quarter": "2022-09 (Q3)",
      "signal": "OPERATING LEVERAGE",
      "detail": "Rev growth +31.2% vs OpEx growth +10.6% (leverage: 2.9x)",
      "severity": "MEDIUM"
    },
    {
      "quarter": "2022-09 (Q3)",
      "signal": "YoY REVENUE GROWTH ACCELERATION",
      "detail": "YoY growth: +56.5% vs prior quarter YoY: +41.9% (accel: +14.6%)",
      "severity": "MEDIUM"
    },
    {
      "quarter": "2022-06 (Q2)",
      "signal": "FCF MARGIN EXPANSION",
      "detail": "FCF margin: -71.7% -> -38.6% (+33.1%)",
      "severity": "MEDIUM"
    },
    {
      "quarter": "2022-06 (Q2)",
      "signal": "YoY REVENUE GROWTH ACCELERATION",
      "detail": "YoY growth: +41.9% vs prior quarter YoY: +26.1% (accel: +15.8%)",
      "severity": "HIGH"
    },
    {
      "quarter": "2022-03 (Q1)",
      "signal": "YoY REVENUE GROWTH DECELERATION",
      "detail": "YoY growth: +26.1% vs prior quarter YoY: +39.0% (decel: -12.9%)",
      "severity": "WARNING"
    },
    {
      "quarter": "2021-12 (Q4)",
      "signal": "OPERATING LEVERAGE",
      "detail": "Rev growth +19.1% vs OpEx growth +7.8% (leverage: 2.4x)",
      "severity": "MEDIUM"
    },
    {
      "quarter": "2021-09 (Q3)",
      "signal": "OPERATING LEVERAGE",
      "detail": "Rev growth +18.9% vs OpEx growth +7.7% (leverage: 2.4x)",
      "severity": "MEDIUM"
    },
    {
      "quarter": "2021-06 (Q2)",
      "signal": "FCF MARGIN EXPANSION",
      "detail": "FCF margin: -89.7% -> -33.5% (+56.2%)",
      "severity": "MEDIUM"
    }
  ],
  "data_quality": {
    "n_quarters": 20,
    "coverage": {
      "revenue": [
        20,
        20
      ],
      "gross_profit": [
        0,
        20
      ],
      "op_income": [
        20,
        20
      ],
      "fcf": [
        20,
        20
      ]
    },
    "gaps": [],
    "warnings": [
      "gross_profit: no data"
    ]
  },
  "market_cap": null,
  "source": "SEC EDGAR",
  "last_updated": "2026-02-02T20:56:12.516185"
}