{
  "ticker": "PTGX",
  "name": "PROTAGONIST THERAPEUTICS, INC.",
  "quarters": [
    {
      "date": "2020-12-31T00:00:00",
      "quarter_label": "2020-12 (Q4)",
      "revenue": 5650000,
      "gross_profit": null,
      "operating_income": -18830000,
      "net_income": -18886000,
      "opex": 24480000,
      "cogs": null,
      "rd": 19486000,
      "sga": null,
      "fcf": -18992000,
      "ocf": -18867000,
      "capex": -125000,
      "gross_margin": null,
      "op_margin": -3.3327433628318586,
      "fcf_margin": -3.36141592920354
    },
    {
      "date": "2021-03-31T00:00:00",
      "quarter_label": "2021-03 (Q1)",
      "revenue": 6189000,
      "gross_profit": null,
      "operating_income": -24021000,
      "net_income": -23998000,
      "opex": 30210000,
      "cogs": null,
      "rd": 24245000,
      "sga": null,
      "fcf": -28896000,
      "ocf": -28756000,
      "capex": -140000,
      "gross_margin": null,
      "op_margin": -3.8812409112942317,
      "fcf_margin": -4.668928744546776,
      "op_leverage_ratio": 0.4075652133623685,
      "fcf_margin_change": -1.3075128153432365
    },
    {
      "date": "2021-06-30T00:00:00",
      "quarter_label": "2021-06 (Q2)",
      "revenue": 2265000,
      "gross_profit": null,
      "operating_income": -30882000,
      "net_income": -30842000,
      "opex": 33147000,
      "cogs": null,
      "rd": 26432000,
      "sga": null,
      "fcf": -24200000,
      "ocf": -23700000,
      "capex": -500000,
      "gross_margin": null,
      "op_margin": -13.634437086092715,
      "fcf_margin": -10.684326710816777,
      "fcf_margin_change": -6.01539796627
    },
    {
      "date": "2021-09-30T00:00:00",
      "quarter_label": "2021-09 (Q3)",
      "revenue": 10286000,
      "gross_profit": null,
      "operating_income": -33926000,
      "net_income": -33804000,
      "opex": 44212000,
      "cogs": null,
      "rd": 36956000,
      "sga": null,
      "fcf": -28735000,
      "ocf": -28470000,
      "capex": -265000,
      "gross_margin": null,
      "op_margin": -3.298269492514097,
      "fcf_margin": -2.793602955473459,
      "op_leverage_ratio": 10.608478975829161,
      "fcf_margin_change": 7.890723755343318
    },
    {
      "date": "2021-12-31T00:00:00",
      "quarter_label": "2021-12 (Q4)",
      "revenue": 8617000,
      "gross_profit": null,
      "operating_income": -37016000,
      "net_income": -36907000,
      "opex": 45633000,
      "cogs": null,
      "rd": 38373000,
      "sga": null,
      "fcf": -27135000,
      "ocf": -26939000,
      "capex": -196000,
      "gross_margin": null,
      "op_margin": -4.295694557270512,
      "fcf_margin": -3.1490077753278403,
      "incr_op_margin_yoy": -6.1294236602628915,
      "rev_growth_yoy": 0.5251327433628319,
      "fcf_margin_change": -0.3554048198543813
    },
    {
      "date": "2022-03-31T00:00:00",
      "quarter_label": "2022-03 (Q1)",
      "revenue": 25722000,
      "gross_profit": null,
      "operating_income": -21111000,
      "net_income": -20930000,
      "opex": 46833000,
      "cogs": null,
      "rd": 36318000,
      "sga": null,
      "fcf": -37939000,
      "ocf": -37666000,
      "capex": -273000,
      "gross_margin": null,
      "op_margin": -0.8207371121996734,
      "fcf_margin": -1.4749630666355649,
      "incr_op_margin_yoy": 0.14897865151282444,
      "rev_growth_yoy": 3.156083373727581,
      "rev_growth_yoy_accel": 2.630950630364749,
      "op_leverage_ratio": 75.48571283509342,
      "fcf_margin_change": 1.6740447086922754
    },
    {
      "date": "2022-06-30T00:00:00",
      "quarter_label": "2022-06 (Q2)",
      "revenue": 859000,
      "gross_profit": null,
      "operating_income": -41443000,
      "net_income": -41037000,
      "opex": 42302000,
      "cogs": null,
      "rd": 34611000,
      "sga": null,
      "fcf": -13925000,
      "ocf": -13635000,
      "capex": -290000,
      "gross_margin": null,
      "op_margin": -48.245634458672875,
      "fcf_margin": -16.21071012805588,
      "incr_op_margin_yoy": 7.511379800853485,
      "rev_growth_yoy": -0.6207505518763797,
      "rev_growth_yoy_accel": -3.776833925603961,
      "fcf_margin_change": -14.735747061420314
    },
    {
      "date": "2022-09-30T00:00:00",
      "quarter_label": "2022-09 (Q3)",
      "revenue": 0,
      "gross_profit": null,
      "operating_income": -32303000,
      "net_income": -31232000,
      "opex": 32303000,
      "cogs": null,
      "rd": 25402000,
      "sga": null,
      "fcf": -25363000,
      "ocf": -25201000,
      "capex": -162000,
      "gross_margin": null,
      "op_margin": null,
      "fcf_margin": null,
      "incr_op_margin_yoy": -0.15778728368656425,
      "rev_growth_yoy": -1.0,
      "rev_growth_yoy_accel": -0.37924944812362027
    },
    {
      "date": "2022-12-31T00:00:00",
      "quarter_label": "2022-12 (Q4)",
      "revenue": 0,
      "gross_profit": null,
      "operating_income": -36516000,
      "net_income": -34194000,
      "opex": 36516000,
      "cogs": null,
      "rd": 29884000,
      "sga": null,
      "fcf": -31705000,
      "ocf": -31635000,
      "capex": -70000,
      "gross_margin": null,
      "op_margin": null,
      "fcf_margin": null,
      "incr_op_margin_yoy": -0.058024834629221304,
      "rev_growth_yoy": -1.0,
      "rev_growth_yoy_accel": 0.0
    },
    {
      "date": "2023-03-31T00:00:00",
      "quarter_label": "2023-03 (Q1)",
      "revenue": 0,
      "gross_profit": null,
      "operating_income": -36021000,
      "net_income": -33725000,
      "opex": 36021000,
      "cogs": null,
      "rd": 27416000,
      "sga": null,
      "fcf": -34357000,
      "ocf": -34347000,
      "capex": -10000,
      "gross_margin": null,
      "op_margin": null,
      "fcf_margin": null,
      "incr_op_margin_yoy": 0.5796594355026825,
      "rev_growth_yoy": -1.0,
      "rev_growth_yoy_accel": 0.0
    },
    {
      "date": "2023-06-30T00:00:00",
      "quarter_label": "2023-06 (Q2)",
      "revenue": 0,
      "gross_profit": null,
      "operating_income": -42354000,
      "net_income": -38460000,
      "opex": 42354000,
      "cogs": null,
      "rd": 33182000,
      "sga": null,
      "fcf": -26414000,
      "ocf": -26238000,
      "capex": -176000,
      "gross_margin": null,
      "op_margin": null,
      "fcf_margin": null,
      "rev_growth_yoy": -1.0,
      "rev_growth_yoy_accel": 0.0
    },
    {
      "date": "2023-09-30T00:00:00",
      "quarter_label": "2023-09 (Q3)",
      "revenue": 0,
      "gross_profit": null,
      "operating_income": -38326000,
      "net_income": -34105000,
      "opex": 38326000,
      "cogs": null,
      "rd": 30664000,
      "sga": null,
      "fcf": -27015000,
      "ocf": -26611000,
      "capex": -404000,
      "gross_margin": null,
      "op_margin": null,
      "fcf_margin": null
    },
    {
      "date": "2023-12-31T00:00:00",
      "quarter_label": "2023-12 (Q4)",
      "revenue": 60000000,
      "gross_profit": null,
      "operating_income": 23049000,
      "net_income": 27335000,
      "opex": 36951000,
      "cogs": null,
      "rd": 28899000,
      "sga": null,
      "fcf": 16941000,
      "ocf": 16960000,
      "capex": -19000,
      "gross_margin": null,
      "op_margin": 0.38415,
      "fcf_margin": 0.28235,
      "incr_op_margin_yoy": 0.99275
    },
    {
      "date": "2024-03-31T00:00:00",
      "quarter_label": "2024-03 (Q1)",
      "revenue": 254953000,
      "gross_profit": null,
      "operating_income": 206309000,
      "net_income": 207340000,
      "opex": 48644000,
      "cogs": null,
      "rd": 33734000,
      "sga": null,
      "fcf": -27671000,
      "ocf": -27429000,
      "capex": -242000,
      "gross_margin": null,
      "op_margin": 0.8092040493738062,
      "fcf_margin": -0.10853372974626696,
      "incr_op_margin_yoy": 0.9504889136429068,
      "op_leverage_ratio": 10.267835888993416,
      "fcf_margin_change": -0.39088372974626695
    },
    {
      "date": "2024-06-30T00:00:00",
      "quarter_label": "2024-06 (Q2)",
      "revenue": 4167000,
      "gross_profit": null,
      "operating_income": -38793000,
      "net_income": -30616000,
      "opex": 42960000,
      "cogs": null,
      "rd": 33520000,
      "sga": null,
      "fcf": 268594000,
      "ocf": 268622000,
      "capex": -28000,
      "gross_margin": null,
      "op_margin": -9.309575233981281,
      "fcf_margin": 64.45740340772738,
      "incr_op_margin_yoy": 0.8545716342692584,
      "fcf_margin_change": 64.56593713747365
    },
    {
      "date": "2024-09-30T00:00:00",
      "quarter_label": "2024-09 (Q3)",
      "revenue": 4675000,
      "gross_profit": null,
      "operating_income": -41453000,
      "net_income": -33210000,
      "opex": 46128000,
      "cogs": null,
      "rd": 35970000,
      "sga": null,
      "fcf": -28638000,
      "ocf": -27863000,
      "capex": -775000,
      "gross_margin": null,
      "op_margin": -8.866951871657754,
      "fcf_margin": -6.125775401069519,
      "incr_op_margin_yoy": -0.6688770053475935,
      "op_leverage_ratio": 1.6531768367621498,
      "fcf_margin_change": -70.5831788087969
    },
    {
      "date": "2024-12-31T00:00:00",
      "quarter_label": "2024-12 (Q4)",
      "revenue": 170638000,
      "gross_profit": null,
      "operating_income": 126780000,
      "net_income": 131674000,
      "opex": 43858000,
      "cogs": null,
      "rd": 34904000,
      "sga": null,
      "fcf": -29488000,
      "ocf": -29178000,
      "capex": -310000,
      "gross_margin": null,
      "op_margin": 0.7429763593103529,
      "fcf_margin": -0.17281027672616886,
      "incr_op_margin_yoy": 0.9375711780762487,
      "rev_growth_yoy": 1.8439666666666668,
      "op_leverage_ratio": Infinity,
      "fcf_margin_change": 5.95296512434335
    },
    {
      "date": "2025-03-31T00:00:00",
      "quarter_label": "2025-03 (Q1)",
      "revenue": 28321000,
      "gross_profit": null,
      "operating_income": -19310000,
      "net_income": -11655000,
      "opex": 47631000,
      "cogs": null,
      "rd": 35893000,
      "sga": null,
      "fcf": 124818000,
      "ocf": 125363000,
      "capex": -545000,
      "gross_margin": null,
      "op_margin": -0.6818262067017408,
      "fcf_margin": 4.407259630662759,
      "incr_op_margin_yoy": 0.9955301987362773,
      "rev_growth_yoy": -0.8889167807399795,
      "rev_growth_yoy_accel": -2.732883447406646,
      "fcf_margin_change": 4.580069907388928
    },
    {
      "date": "2025-06-30T00:00:00",
      "quarter_label": "2025-06 (Q2)",
      "revenue": 5546000,
      "gross_profit": null,
      "operating_income": -42041000,
      "net_income": -34771000,
      "opex": 47587000,
      "cogs": null,
      "rd": 37036000,
      "sga": null,
      "fcf": -29593000,
      "ocf": -28780000,
      "capex": -813000,
      "gross_margin": null,
      "op_margin": -7.5804183195095565,
      "fcf_margin": -5.335917778579156,
      "incr_op_margin_yoy": -2.3553299492385786,
      "rev_growth_yoy": 0.33093352531797454,
      "rev_growth_yoy_accel": 1.219850306057954,
      "fcf_margin_change": -9.743177409241916
    },
    {
      "date": "2025-09-30T00:00:00",
      "quarter_label": "2025-09 (Q3)",
      "revenue": 4712000,
      "gross_profit": null,
      "operating_income": -46421000,
      "net_income": -39339000,
      "opex": 51133000,
      "cogs": null,
      "rd": 40003000,
      "sga": null,
      "fcf": -2025000,
      "ocf": -1937000,
      "capex": -88000,
      "gross_margin": null,
      "op_margin": -9.851655348047538,
      "fcf_margin": -0.42975382003395585,
      "rev_growth_yoy": 0.007914438502673796,
      "rev_growth_yoy_accel": -0.3230190868153007,
      "fcf_margin_change": 4.9061639585452
    }
  ],
  "signals": [
    {
      "quarter": "2025-09 (Q3)",
      "signal": "FCF MARGIN EXPANSION",
      "detail": "FCF margin: -533.6% -> -43.0% (+490.6%)",
      "severity": "MEDIUM"
    },
    {
      "quarter": "2025-09 (Q3)",
      "signal": "YoY REVENUE GROWTH DECELERATION",
      "detail": "YoY growth: +0.8% vs prior quarter YoY: +33.1% (decel: -32.3%)",
      "severity": "WARNING"
    },
    {
      "quarter": "2025-06 (Q2)",
      "signal": "YoY REVENUE GROWTH ACCELERATION",
      "detail": "YoY growth: +33.1% vs prior quarter YoY: -88.9% (accel: +122.0%)",
      "severity": "HIGH"
    },
    {
      "quarter": "2025-03 (Q1)",
      "signal": "FCF TURNED POSITIVE",
      "detail": "FCF margin: -17.3% -> +440.7%",
      "severity": "HIGH"
    },
    {
      "quarter": "2025-03 (Q1)",
      "signal": "YoY REVENUE GROWTH DECELERATION",
      "detail": "YoY growth: -88.9% vs prior quarter YoY: +184.4% (decel: -273.3%)",
      "severity": "WARNING"
    },
    {
      "quarter": "2024-12 (Q4)",
      "signal": "FCF MARGIN EXPANSION",
      "detail": "FCF margin: -612.6% -> -17.3% (+595.3%)",
      "severity": "MEDIUM"
    },
    {
      "quarter": "2024-12 (Q4)",
      "signal": "INCREMENTAL MARGIN (YoY)",
      "detail": "YoY Incr OPM: +93.8% vs year-ago OPM: +38.4%",
      "severity": "HIGH"
    },
    {
      "quarter": "2024-12 (Q4)",
      "signal": "OP MARGIN TURNED POSITIVE (QoQ)",
      "detail": "Op margin: -886.7% -> +74.3%",
      "severity": "HIGH"
    },
    {
      "quarter": "2024-09 (Q3)",
      "signal": "OPERATING LEVERAGE",
      "detail": "Rev growth +12.2% vs OpEx growth +7.4% (leverage: 1.7x)",
      "severity": "MEDIUM"
    },
    {
      "quarter": "2024-06 (Q2)",
      "signal": "FCF TURNED POSITIVE",
      "detail": "FCF margin: -10.9% -> +6445.7%",
      "severity": "HIGH"
    },
    {
      "quarter": "2024-03 (Q1)",
      "signal": "OPERATING LEVERAGE",
      "detail": "Rev growth +324.9% vs OpEx growth +31.6% (leverage: 10.3x)",
      "severity": "MEDIUM"
    },
    {
      "quarter": "2022-09 (Q3)",
      "signal": "YoY REVENUE GROWTH DECELERATION",
      "detail": "YoY growth: -100.0% vs prior quarter YoY: -62.1% (decel: -37.9%)",
      "severity": "WARNING"
    },
    {
      "quarter": "2022-06 (Q2)",
      "signal": "YoY REVENUE GROWTH DECELERATION",
      "detail": "YoY growth: -62.1% vs prior quarter YoY: +315.6% (decel: -377.7%)",
      "severity": "WARNING"
    },
    {
      "quarter": "2022-03 (Q1)",
      "signal": "FCF MARGIN EXPANSION",
      "detail": "FCF margin: -314.9% -> -147.5% (+167.4%)",
      "severity": "MEDIUM"
    },
    {
      "quarter": "2022-03 (Q1)",
      "signal": "OPERATING LEVERAGE",
      "detail": "Rev growth +198.5% vs OpEx growth +2.6% (leverage: 75.5x)",
      "severity": "MEDIUM"
    },
    {
      "quarter": "2022-03 (Q1)",
      "signal": "YoY REVENUE GROWTH ACCELERATION",
      "detail": "YoY growth: +315.6% vs prior quarter YoY: +52.5% (accel: +263.1%)",
      "severity": "HIGH"
    },
    {
      "quarter": "2021-09 (Q3)",
      "signal": "FCF MARGIN EXPANSION",
      "detail": "FCF margin: -1068.4% -> -279.4% (+789.1%)",
      "severity": "MEDIUM"
    },
    {
      "quarter": "2021-09 (Q3)",
      "signal": "OPERATING LEVERAGE",
      "detail": "Rev growth +354.1% vs OpEx growth +33.4% (leverage: 10.6x)",
      "severity": "MEDIUM"
    }
  ],
  "data_quality": {
    "n_quarters": 20,
    "coverage": {
      "revenue": [
        20,
        20
      ],
      "gross_profit": [
        0,
        20
      ],
      "op_income": [
        20,
        20
      ],
      "fcf": [
        20,
        20
      ]
    },
    "gaps": [],
    "warnings": [
      "gross_profit: no data"
    ]
  },
  "market_cap": null,
  "source": "SEC EDGAR",
  "last_updated": "2026-02-02T21:02:09.414785"
}