{
  "ticker": "PTNT",
  "name": "PALATIN TECHNOLOGIES, INC.",
  "quarters": [
    {
      "date": "2020-09-30T00:00:00",
      "quarter_label": "2020-09 (Q3)",
      "revenue": -288560,
      "gross_profit": -313760,
      "operating_income": null,
      "net_income": null,
      "opex": null,
      "cogs": 25200,
      "rd": null,
      "sga": 2331606,
      "fcf": null,
      "ocf": null,
      "capex": null,
      "gross_margin": 1.0873301912947047,
      "op_margin": null,
      "fcf_margin": null
    },
    {
      "date": "2020-12-31T00:00:00",
      "quarter_label": "2020-12 (Q4)",
      "revenue": -163971,
      "gross_profit": -193371,
      "operating_income": -9249702,
      "net_income": -9991775,
      "opex": 9085731,
      "cogs": 29400,
      "rd": 4011418,
      "sga": 5044913,
      "fcf": -14420082,
      "ocf": -14420082,
      "capex": null,
      "gross_margin": 1.1792999981704082,
      "op_margin": 56.41059699581024,
      "fcf_margin": 87.94288014344
    },
    {
      "date": "2021-03-31T00:00:00",
      "quarter_label": "2021-03 (Q1)",
      "revenue": 88741,
      "gross_profit": 33301,
      "operating_income": -6486244,
      "net_income": -5729660,
      "opex": 6574985,
      "cogs": 55440,
      "rd": 2509490,
      "sga": 4010055,
      "fcf": -3510189,
      "ocf": -3504468,
      "capex": -5721,
      "gross_margin": 0.37526058980629023,
      "op_margin": -73.09185156804634,
      "fcf_margin": -39.555436607655984,
      "fcf_margin_change": -127.49831675109598
    },
    {
      "date": "2021-06-30T00:00:00",
      "quarter_label": "2021-06 (Q2)",
      "revenue": 175193,
      "gross_profit": 137393,
      "operating_income": -13702733,
      "net_income": -13934284,
      "opex": 13877926,
      "cogs": 37800,
      "rd": 3481800,
      "sga": null,
      "fcf": 14017960,
      "ocf": 14017961,
      "capex": -1,
      "gross_margin": 0.7842379547128024,
      "op_margin": -78.21507137842265,
      "fcf_margin": 80.01438413635248,
      "op_leverage_ratio": 0.8770971519228681,
      "fcf_margin_change": 119.56982074400847
    },
    {
      "date": "2021-09-30T00:00:00",
      "quarter_label": "2021-09 (Q3)",
      "revenue": 159482,
      "gross_profit": 105549,
      "operating_income": -7215757,
      "net_income": -7112619,
      "opex": 7375239,
      "cogs": 53933,
      "rd": 3484764,
      "sga": 3836542,
      "fcf": -260117,
      "ocf": -202353,
      "capex": -57764,
      "gross_margin": 0.6618239048920881,
      "op_margin": -45.244961813872415,
      "fcf_margin": -1.6310116502175793,
      "fcf_margin_change": -81.64539578657005
    },
    {
      "date": "2021-12-31T00:00:00",
      "quarter_label": "2021-12 (Q4)",
      "revenue": 250000,
      "gross_profit": 220829,
      "operating_income": -8451188,
      "net_income": -8686476,
      "opex": 8773328,
      "cogs": 29171,
      "rd": 5426397,
      "sga": 3317760,
      "fcf": -12599158,
      "ocf": -12510060,
      "capex": -89098,
      "gross_margin": 0.883316,
      "op_margin": -33.804752,
      "fcf_margin": -50.396632,
      "op_leverage_ratio": 2.9940879682681882,
      "fcf_margin_change": -48.76562034978242
    },
    {
      "date": "2022-03-31T00:00:00",
      "quarter_label": "2022-03 (Q1)",
      "revenue": 216097,
      "gross_profit": 169189,
      "operating_income": -7820413,
      "net_income": -7631586,
      "opex": 8036510,
      "cogs": 46908,
      "rd": 4980074,
      "sga": 3009528,
      "fcf": -9568884,
      "ocf": -9491488,
      "capex": -77396,
      "gross_margin": 0.782930813477281,
      "op_margin": -36.189364035595126,
      "fcf_margin": -44.28050366270703,
      "rev_growth_yoy": 1.4351427186982342,
      "fcf_margin_change": 6.11612833729297
    },
    {
      "date": "2022-06-30T00:00:00",
      "quarter_label": "2022-06 (Q2)",
      "revenue": 770738,
      "gross_profit": 683221,
      "operating_income": -13101090,
      "net_income": -12767618,
      "opex": 13871828,
      "cogs": 87517,
      "rd": 7436199,
      "sga": 6348112,
      "fcf": -7755964,
      "ocf": -7718848,
      "capex": -37116,
      "gross_margin": 0.8864503891075826,
      "op_margin": -16.9981109014996,
      "fcf_margin": -10.063035687873182,
      "rev_growth_yoy": 3.399365271443494,
      "rev_growth_yoy_accel": 1.9642225527452597,
      "op_leverage_ratio": 3.5348109662689358,
      "fcf_margin_change": 34.217467974833845
    },
    {
      "date": "2022-09-30T00:00:00",
      "quarter_label": "2022-09 (Q3)",
      "revenue": 869654,
      "gross_profit": 783158,
      "operating_income": -8752671,
      "net_income": -8255408,
      "opex": 9622325,
      "cogs": 86496,
      "rd": 6027031,
      "sga": 3508798,
      "fcf": -8722548,
      "ocf": -8581320,
      "capex": -141228,
      "gross_margin": 0.9005397548910257,
      "op_margin": -10.06454406005147,
      "fcf_margin": -10.029906146582434,
      "rev_growth_yoy": 4.45299156017607,
      "rev_growth_yoy_accel": 1.053626288732576,
      "op_leverage_ratio": Infinity,
      "fcf_margin_change": 0.033129541290747966
    },
    {
      "date": "2022-12-31T00:00:00",
      "quarter_label": "2022-12 (Q4)",
      "revenue": 1026416,
      "gross_profit": 927709,
      "operating_income": -5586851,
      "net_income": -1424097,
      "opex": 6613267,
      "cogs": 98707,
      "rd": 4367538,
      "sga": 3174344,
      "fcf": -9799373,
      "ocf": -9675945,
      "capex": -123428,
      "gross_margin": 0.9038333385294072,
      "op_margin": -5.443066943617403,
      "fcf_margin": -9.54717482969868,
      "rev_growth_yoy": 3.105664,
      "rev_growth_yoy_accel": -1.34732756017607,
      "op_leverage_ratio": Infinity,
      "fcf_margin_change": 0.48273131688375415
    },
    {
      "date": "2023-03-31T00:00:00",
      "quarter_label": "2023-03 (Q1)",
      "revenue": 1195675,
      "gross_profit": 1066440,
      "operating_income": -7301263,
      "net_income": -7147919,
      "opex": 8496938,
      "cogs": 129235,
      "rd": 4830327,
      "sga": 3537376,
      "fcf": -1525192,
      "ocf": -1408317,
      "capex": -116875,
      "gross_margin": 0.891914608902921,
      "op_margin": -6.106394296108893,
      "fcf_margin": -1.275590775085203,
      "rev_growth_yoy": 4.533047659153065,
      "rev_growth_yoy_accel": 1.4273836591530653,
      "op_leverage_ratio": 0.5789477397113073,
      "fcf_margin_change": 8.271584054613477
    },
    {
      "date": "2023-06-30T00:00:00",
      "quarter_label": "2023-06 (Q2)",
      "revenue": 1761933,
      "gross_profit": 1657901,
      "operating_income": -10818098,
      "net_income": -10714463,
      "opex": 12580031,
      "cogs": 104032,
      "rd": 7405681,
      "sga": 5070318,
      "fcf": -9658160,
      "ocf": -9605764,
      "capex": -52396,
      "gross_margin": 0.9409557571144873,
      "op_margin": -6.139903163173628,
      "fcf_margin": -5.481570525099422,
      "rev_growth_yoy": 1.286033645674665,
      "rev_growth_yoy_accel": -3.2470140134784002,
      "op_leverage_ratio": 0.9855402806955484,
      "fcf_margin_change": -4.205979750014219
    },
    {
      "date": "2023-09-30T00:00:00",
      "quarter_label": "2023-09 (Q3)",
      "revenue": 2105977,
      "gross_profit": 2105977,
      "operating_income": -6108897,
      "net_income": -5888399,
      "opex": 8214874,
      "cogs": 0,
      "rd": 5014630,
      "sga": 3200244,
      "fcf": -5906393,
      "ocf": -5906393,
      "capex": null,
      "gross_margin": 1.0,
      "op_margin": -2.900742505734868,
      "fcf_margin": -2.8045857101003477,
      "incr_op_margin_yoy": 2.138416902379071,
      "rev_growth_yoy": 1.4216263019545705,
      "rev_growth_yoy_accel": 0.13559265627990547,
      "op_leverage_ratio": Infinity,
      "fcf_margin_change": 2.6769848149990745
    },
    {
      "date": "2023-12-31T00:00:00",
      "quarter_label": "2023-12 (Q4)",
      "revenue": 2034113,
      "gross_profit": 1936476,
      "operating_income": 1173145,
      "net_income": -7844034,
      "opex": 860968,
      "cogs": 97637,
      "rd": 5554200,
      "sga": 3032613,
      "fcf": -10513301,
      "ocf": -10475686,
      "capex": -37615,
      "gross_margin": 0.9520002084446636,
      "op_margin": 0.5767354124377554,
      "fcf_margin": -5.16849408071233,
      "incr_op_margin_yoy": 6.708361739689609,
      "rev_growth_yoy": 0.981762755062275,
      "rev_growth_yoy_accel": -0.43986354689229556,
      "fcf_margin_change": -2.3639083706119823
    },
    {
      "date": "2024-03-31T00:00:00",
      "quarter_label": "2024-03 (Q1)",
      "revenue": 0,
      "gross_profit": 0,
      "operating_income": -9218298,
      "net_income": -8435650,
      "opex": 9218298,
      "cogs": 0,
      "rd": 7159686,
      "sga": 2033410,
      "fcf": -8606906,
      "ocf": -8606906,
      "capex": null,
      "gross_margin": null,
      "op_margin": null,
      "fcf_margin": null,
      "incr_op_margin_yoy": 1.6033077550337675,
      "rev_growth_yoy": -1.0,
      "rev_growth_yoy_accel": -1.981762755062275
    },
    {
      "date": "2024-06-30T00:00:00",
      "quarter_label": "2024-06 (Q2)",
      "revenue": 350000,
      "gross_profit": 350000,
      "operating_income": -8342071,
      "net_income": -8250430,
      "opex": 8692071,
      "cogs": 0,
      "rd": 4671856,
      "sga": 4003779,
      "fcf": -6477367,
      "ocf": -6472456,
      "capex": -4911,
      "gross_margin": 1.0,
      "op_margin": -23.834488571428572,
      "fcf_margin": -18.506762857142856,
      "incr_op_margin_yoy": -1.7536434094252347,
      "rev_growth_yoy": -0.8013545350475869,
      "rev_growth_yoy_accel": 0.1986454649524131
    },
    {
      "date": "2024-09-30T00:00:00",
      "quarter_label": "2024-09 (Q3)",
      "revenue": 0,
      "gross_profit": null,
      "operating_income": -7764685,
      "net_income": -7823649,
      "opex": 7764685,
      "cogs": null,
      "rd": 5743754,
      "sga": 2020931,
      "fcf": -7016213,
      "ocf": -7016213,
      "capex": null,
      "gross_margin": null,
      "op_margin": null,
      "fcf_margin": null,
      "incr_op_margin_yoy": 0.7862327081444859,
      "rev_growth_yoy": -1.0,
      "rev_growth_yoy_accel": -0.1986454649524131
    },
    {
      "date": "2025-03-31T00:00:00",
      "quarter_label": "2025-03 (Q1)",
      "revenue": 0,
      "gross_profit": null,
      "operating_income": -4813177,
      "net_income": -4811420,
      "opex": 4813177,
      "cogs": null,
      "rd": 3755158,
      "sga": 1474019,
      "fcf": -5354276,
      "ocf": -5354276,
      "capex": null,
      "gross_margin": null,
      "op_margin": null,
      "fcf_margin": null
    },
    {
      "date": "2025-06-30T00:00:00",
      "quarter_label": "2025-06 (Q2)",
      "revenue": 0,
      "gross_profit": null,
      "operating_income": -2270754,
      "net_income": -2229798,
      "opex": 2270754,
      "cogs": null,
      "rd": 1970103,
      "sga": 2632551,
      "fcf": -4089042,
      "ocf": -4089042,
      "capex": null,
      "gross_margin": null,
      "op_margin": null,
      "fcf_margin": null,
      "rev_growth_yoy": -1.0
    },
    {
      "date": "2025-09-30T00:00:00",
      "quarter_label": "2025-09 (Q3)",
      "revenue": 8847550,
      "gross_profit": null,
      "operating_income": 4661053,
      "net_income": 4677534,
      "opex": 4186497,
      "cogs": null,
      "rd": 2525766,
      "sga": 1660731,
      "fcf": -1619382,
      "ocf": -1619382,
      "capex": null,
      "gross_margin": null,
      "op_margin": 0.5268184977762206,
      "fcf_margin": -0.18303168673813655,
      "incr_op_margin_yoy": 1.4044269882622873
    }
  ],
  "signals": [
    {
      "quarter": "2024-09 (Q3)",
      "signal": "YoY REVENUE GROWTH DECELERATION",
      "detail": "YoY growth: -100.0% vs prior quarter YoY: -80.1% (decel: -19.9%)",
      "severity": "WARNING"
    },
    {
      "quarter": "2024-06 (Q2)",
      "signal": "YoY REVENUE GROWTH ACCELERATION",
      "detail": "YoY growth: -80.1% vs prior quarter YoY: -100.0% (accel: +19.9%)",
      "severity": "HIGH"
    },
    {
      "quarter": "2024-03 (Q1)",
      "signal": "YoY REVENUE GROWTH DECELERATION",
      "detail": "YoY growth: -100.0% vs prior quarter YoY: +98.2% (decel: -198.2%)",
      "severity": "WARNING"
    },
    {
      "quarter": "2023-12 (Q4)",
      "signal": "YoY REVENUE GROWTH DECELERATION",
      "detail": "YoY growth: +98.2% vs prior quarter YoY: +142.2% (decel: -44.0%)",
      "severity": "WARNING"
    },
    {
      "quarter": "2023-12 (Q4)",
      "signal": "OP MARGIN TURNED POSITIVE (YoY)",
      "detail": "Op margin: -544.3% (year-ago) -> +57.7%",
      "severity": "HIGH"
    },
    {
      "quarter": "2023-12 (Q4)",
      "signal": "OP MARGIN TURNED POSITIVE (QoQ)",
      "detail": "Op margin: -290.1% -> +57.7%",
      "severity": "HIGH"
    },
    {
      "quarter": "2023-09 (Q3)",
      "signal": "FCF MARGIN EXPANSION",
      "detail": "FCF margin: -548.2% -> -280.5% (+267.7%)",
      "severity": "MEDIUM"
    },
    {
      "quarter": "2023-09 (Q3)",
      "signal": "YoY REVENUE GROWTH ACCELERATION",
      "detail": "YoY growth: +142.2% vs prior quarter YoY: +128.6% (accel: +13.6%)",
      "severity": "MEDIUM"
    },
    {
      "quarter": "2023-06 (Q2)",
      "signal": "GROSS MARGIN INFLECTION",
      "detail": "GM: +90.4% -> +89.2% -> +94.1% (reversal +4.9%)",
      "severity": "MEDIUM"
    },
    {
      "quarter": "2023-06 (Q2)",
      "signal": "YoY REVENUE GROWTH DECELERATION",
      "detail": "YoY growth: +128.6% vs prior quarter YoY: +453.3% (decel: -324.7%)",
      "severity": "WARNING"
    },
    {
      "quarter": "2023-03 (Q1)",
      "signal": "FCF MARGIN EXPANSION",
      "detail": "FCF margin: -954.7% -> -127.6% (+827.2%)",
      "severity": "MEDIUM"
    },
    {
      "quarter": "2023-03 (Q1)",
      "signal": "YoY REVENUE GROWTH ACCELERATION",
      "detail": "YoY growth: +453.3% vs prior quarter YoY: +310.6% (accel: +142.7%)",
      "severity": "HIGH"
    },
    {
      "quarter": "2022-12 (Q4)",
      "signal": "FCF MARGIN EXPANSION",
      "detail": "FCF margin: -1003.0% -> -954.7% (+48.3%)",
      "severity": "MEDIUM"
    },
    {
      "quarter": "2022-12 (Q4)",
      "signal": "YoY REVENUE GROWTH DECELERATION",
      "detail": "YoY growth: +310.6% vs prior quarter YoY: +445.3% (decel: -134.7%)",
      "severity": "WARNING"
    },
    {
      "quarter": "2022-09 (Q3)",
      "signal": "YoY REVENUE GROWTH ACCELERATION",
      "detail": "YoY growth: +445.3% vs prior quarter YoY: +339.9% (accel: +105.4%)",
      "severity": "HIGH"
    },
    {
      "quarter": "2022-06 (Q2)",
      "signal": "FCF MARGIN EXPANSION",
      "detail": "FCF margin: -4428.1% -> -1006.3% (+3421.7%)",
      "severity": "MEDIUM"
    },
    {
      "quarter": "2022-06 (Q2)",
      "signal": "OPERATING LEVERAGE",
      "detail": "Rev growth +256.7% vs OpEx growth +72.6% (leverage: 3.5x)",
      "severity": "MEDIUM"
    },
    {
      "quarter": "2022-06 (Q2)",
      "signal": "GROSS MARGIN INFLECTION",
      "detail": "GM: +88.3% -> +78.3% -> +88.6% (reversal +10.4%)",
      "severity": "HIGH"
    },
    {
      "quarter": "2022-06 (Q2)",
      "signal": "YoY REVENUE GROWTH ACCELERATION",
      "detail": "YoY growth: +339.9% vs prior quarter YoY: +143.5% (accel: +196.4%)",
      "severity": "HIGH"
    },
    {
      "quarter": "2022-03 (Q1)",
      "signal": "FCF MARGIN EXPANSION",
      "detail": "FCF margin: -5039.7% -> -4428.1% (+611.6%)",
      "severity": "MEDIUM"
    },
    {
      "quarter": "2021-12 (Q4)",
      "signal": "OPERATING LEVERAGE",
      "detail": "Rev growth +56.8% vs OpEx growth +19.0% (leverage: 3.0x)",
      "severity": "MEDIUM"
    },
    {
      "quarter": "2021-12 (Q4)",
      "signal": "GROSS MARGIN INFLECTION",
      "detail": "GM: +78.4% -> +66.2% -> +88.3% (reversal +22.1%)",
      "severity": "HIGH"
    },
    {
      "quarter": "2021-06 (Q2)",
      "signal": "FCF TURNED POSITIVE",
      "detail": "FCF margin: -3955.5% -> +8001.4%",
      "severity": "HIGH"
    },
    {
      "quarter": "2021-06 (Q2)",
      "signal": "GROSS MARGIN INFLECTION",
      "detail": "GM: +117.9% -> +37.5% -> +78.4% (reversal +40.9%)",
      "severity": "HIGH"
    }
  ],
  "data_quality": {
    "n_quarters": 20,
    "coverage": {
      "revenue": [
        20,
        20
      ],
      "gross_profit": [
        16,
        20
      ],
      "op_income": [
        19,
        20
      ],
      "fcf": [
        19,
        20
      ]
    },
    "gaps": [
      [
        "2024-09 (Q3)",
        "2025-03 (Q1)",
        182
      ]
    ],
    "warnings": [
      "gap: 1Q missing between 2024-09 (Q3) and 2025-03 (Q1)"
    ]
  },
  "market_cap": null,
  "source": "SEC EDGAR",
  "last_updated": "2026-02-02T23:45:35.488202"
}