{
  "ticker": "PTON",
  "name": "Peloton Interactive, Inc.",
  "quarters": [
    {
      "date": "2020-12-31T00:00:00",
      "quarter_label": "2020-12 (Q4)",
      "revenue": 1064800000,
      "gross_profit": 424800000,
      "operating_income": 58800000,
      "net_income": 63600000,
      "opex": 366000000,
      "cogs": 640000000,
      "rd": 47500000,
      "sga": null,
      "fcf": 128200000,
      "ocf": 198400000,
      "capex": -70200000,
      "gross_margin": 0.3989481592787378,
      "op_margin": 0.055221637866265966,
      "fcf_margin": 0.12039819684447783
    },
    {
      "date": "2021-03-31T00:00:00",
      "quarter_label": "2021-03 (Q1)",
      "revenue": 1262300000,
      "gross_profit": 444900000,
      "operating_income": -13700000,
      "net_income": -8600000,
      "opex": 458600000,
      "cogs": 817400000,
      "rd": 69800000,
      "sga": null,
      "fcf": -199700000,
      "ocf": -151200000,
      "capex": -48500000,
      "gross_margin": 0.352451873564129,
      "op_margin": -0.01085320446803454,
      "fcf_margin": -0.15820327972748158,
      "op_leverage_ratio": 0.7331100213710928,
      "fcf_margin_change": -0.27860147657195944
    },
    {
      "date": "2021-06-30T00:00:00",
      "quarter_label": "2021-06 (Q2)",
      "revenue": 936900000,
      "gross_profit": 253600000,
      "operating_income": -301700000,
      "net_income": -313200000,
      "opex": 555400000,
      "cogs": 683200000,
      "rd": 93900000,
      "sga": null,
      "fcf": -672100000,
      "ocf": -599000000,
      "capex": -73100000,
      "gross_margin": 0.2706799018038211,
      "op_margin": -0.3220194257658235,
      "fcf_margin": -0.7173657807663572,
      "fcf_margin_change": -0.5591625010388755
    },
    {
      "date": "2021-09-30T00:00:00",
      "quarter_label": "2021-09 (Q3)",
      "revenue": 805200000,
      "gross_profit": 262700000,
      "operating_income": -359700000,
      "net_income": -376000000,
      "opex": 622400000,
      "cogs": 542500000,
      "rd": 97700000,
      "sga": null,
      "fcf": -648200000,
      "ocf": -561000000,
      "capex": -87200000,
      "gross_margin": 0.32625434674615,
      "op_margin": -0.44672131147540983,
      "fcf_margin": -0.8050173869846001,
      "fcf_margin_change": -0.08765160621824297
    },
    {
      "date": "2021-12-31T00:00:00",
      "quarter_label": "2021-12 (Q4)",
      "revenue": 1133900000,
      "gross_profit": 280200000,
      "operating_income": -425700000,
      "net_income": -439400000,
      "opex": 705900000,
      "cogs": 853700000,
      "rd": 100000000,
      "sga": null,
      "fcf": -537800000,
      "ocf": -446600000,
      "capex": -91200000,
      "gross_margin": 0.2471117382485228,
      "op_margin": -0.37542993209277714,
      "fcf_margin": -0.4742922656318899,
      "incr_op_margin_yoy": -7.011577424023155,
      "rev_growth_yoy": 0.06489481592787377,
      "op_leverage_ratio": 3.0428395072745715,
      "fcf_margin_change": 0.3307251213527102
    },
    {
      "date": "2022-03-31T00:00:00",
      "quarter_label": "2022-03 (Q1)",
      "revenue": 964300000,
      "gross_profit": 184200000,
      "operating_income": -735800000,
      "net_income": -757100000,
      "opex": 920000000,
      "cogs": 780100000,
      "rd": 77100000,
      "sga": null,
      "fcf": -735400000,
      "ocf": -670200000,
      "capex": -65200000,
      "gross_margin": 0.19101939230529918,
      "op_margin": -0.7630405475474438,
      "fcf_margin": -0.7626257388779425,
      "incr_op_margin_yoy": 2.4231543624161076,
      "rev_growth_yoy": -0.23607700229739365,
      "rev_growth_yoy_accel": -0.3009718182252674,
      "fcf_margin_change": -0.2883334732460526
    },
    {
      "date": "2022-06-30T00:00:00",
      "quarter_label": "2022-06 (Q2)",
      "revenue": 678700000,
      "gross_profit": -29800000,
      "operating_income": -1212800000,
      "net_income": -1255300000,
      "opex": 1183000000,
      "cogs": 708500000,
      "rd": 84900000,
      "sga": null,
      "fcf": -342200000,
      "ocf": -342200000,
      "capex": null,
      "gross_margin": -0.04390747016354796,
      "op_margin": -1.7869456313540593,
      "fcf_margin": -0.504199204361279,
      "incr_op_margin_yoy": 3.5286599535243997,
      "rev_growth_yoy": -0.2755897107482122,
      "rev_growth_yoy_accel": -0.03951270845081856,
      "fcf_margin_change": 0.25842653451666353
    },
    {
      "date": "2022-09-30T00:00:00",
      "quarter_label": "2022-09 (Q3)",
      "revenue": 616500000,
      "gross_profit": 217200000,
      "operating_income": -374000000,
      "net_income": -408500000,
      "opex": 591100000,
      "cogs": 399300000,
      "rd": 88100000,
      "sga": null,
      "fcf": -202800000,
      "ocf": -202800000,
      "capex": null,
      "gross_margin": 0.35231143552311434,
      "op_margin": -0.6066504460665044,
      "fcf_margin": -0.32895377128953773,
      "incr_op_margin_yoy": 0.07578166401695813,
      "rev_growth_yoy": -0.23435171385991058,
      "rev_growth_yoy_accel": 0.041237996888301626,
      "fcf_margin_change": 0.17524543307174123
    },
    {
      "date": "2022-12-31T00:00:00",
      "quarter_label": "2022-12 (Q4)",
      "revenue": 792700000,
      "gross_profit": 235000000,
      "operating_income": -331300000,
      "net_income": -335400000,
      "opex": 566400000,
      "cogs": 557600000,
      "rd": 80000000,
      "sga": null,
      "fcf": -88500000,
      "ocf": -88500000,
      "capex": null,
      "gross_margin": 0.2964551532736218,
      "op_margin": -0.4179386905512804,
      "fcf_margin": -0.11164374921155544,
      "incr_op_margin_yoy": -0.27667057444314186,
      "rev_growth_yoy": -0.3009083693447394,
      "rev_growth_yoy_accel": -0.06655665548482884,
      "op_leverage_ratio": Infinity,
      "fcf_margin_change": 0.21731002207798228
    },
    {
      "date": "2023-03-31T00:00:00",
      "quarter_label": "2023-03 (Q1)",
      "revenue": 748900000,
      "gross_profit": 270200000,
      "operating_income": -266000000,
      "net_income": -275900000,
      "opex": 536200000,
      "cogs": 478700000,
      "rd": 78200000,
      "sga": null,
      "fcf": -40900000,
      "ocf": -40900000,
      "capex": null,
      "gross_margin": 0.3607958338897049,
      "op_margin": -0.3551876084924556,
      "fcf_margin": -0.054613433035118175,
      "incr_op_margin_yoy": -2.181058495821727,
      "rev_growth_yoy": -0.2233744685263922,
      "rev_growth_yoy_accel": 0.07753390081834721,
      "fcf_margin_change": 0.057030316176437265
    },
    {
      "date": "2023-06-30T00:00:00",
      "quarter_label": "2023-06 (Q2)",
      "revenue": 642100000,
      "gross_profit": 201100000,
      "operating_income": -225800000,
      "net_income": -241800000,
      "opex": 426800000,
      "cogs": 441100000,
      "rd": 72100000,
      "sga": null,
      "fcf": -55400000,
      "ocf": -55400000,
      "capex": null,
      "gross_margin": 0.3131910917302601,
      "op_margin": -0.3516586201526242,
      "fcf_margin": -0.08627939573275191,
      "incr_op_margin_yoy": -26.9672131147541,
      "rev_growth_yoy": -0.05392662442905555,
      "rev_growth_yoy_accel": 0.16944784409733665,
      "fcf_margin_change": -0.031665962697633734
    },
    {
      "date": "2023-09-30T00:00:00",
      "quarter_label": "2023-09 (Q3)",
      "revenue": 595500000,
      "gross_profit": 285400000,
      "operating_income": -132300000,
      "net_income": -159300000,
      "opex": 417600000,
      "cogs": 310100000,
      "rd": 78700000,
      "sga": null,
      "fcf": -79200000,
      "ocf": -79200000,
      "capex": null,
      "gross_margin": 0.47926112510495383,
      "op_margin": -0.2221662468513854,
      "fcf_margin": -0.13299748110831233,
      "incr_op_margin_yoy": -11.50952380952381,
      "rev_growth_yoy": -0.0340632603406326,
      "rev_growth_yoy_accel": 0.019863364088422944,
      "fcf_margin_change": -0.04671808537556042
    },
    {
      "date": "2023-12-31T00:00:00",
      "quarter_label": "2023-12 (Q4)",
      "revenue": 743600000,
      "gross_profit": 299400000,
      "operating_income": -187100000,
      "net_income": -194900000,
      "opex": 486500000,
      "cogs": 444200000,
      "rd": 79900000,
      "sga": null,
      "fcf": -31200000,
      "ocf": -31200000,
      "capex": null,
      "gross_margin": 0.4026358257127488,
      "op_margin": -0.25161377084454006,
      "fcf_margin": -0.04195804195804196,
      "incr_op_margin_yoy": -2.9368635437881876,
      "rev_growth_yoy": -0.06194020436482907,
      "rev_growth_yoy_accel": -0.027876944024196465,
      "op_leverage_ratio": 1.5073515809792601,
      "fcf_margin_change": 0.09103943915027038
    },
    {
      "date": "2024-03-31T00:00:00",
      "quarter_label": "2024-03 (Q1)",
      "revenue": 717700000,
      "gross_profit": 309700000,
      "operating_income": -146200000,
      "net_income": -167300000,
      "opex": 455900000,
      "cogs": 408000000,
      "rd": 76800000,
      "sga": null,
      "fcf": 11600000,
      "ocf": 11600000,
      "capex": null,
      "gross_margin": 0.431517347080953,
      "op_margin": -0.2037062839626585,
      "fcf_margin": 0.016162742092796435,
      "incr_op_margin_yoy": -3.83974358974359,
      "rev_growth_yoy": -0.041661102950994795,
      "rev_growth_yoy_accel": 0.020279101413834273,
      "fcf_margin_change": 0.0581207840508384
    },
    {
      "date": "2024-06-30T00:00:00",
      "quarter_label": "2024-06 (Q2)",
      "revenue": 643600000,
      "gross_profit": 312000000,
      "operating_income": -63300000,
      "net_income": -30500000,
      "opex": 375400000,
      "cogs": 331600000,
      "rd": 69400000,
      "sga": null,
      "fcf": 32700000,
      "ocf": 32700000,
      "capex": null,
      "gross_margin": 0.4847731510254817,
      "op_margin": -0.09835301429459291,
      "fcf_margin": 0.050807955251709135,
      "incr_op_margin_yoy": 108.33333333333333,
      "rev_growth_yoy": 0.002336084722005918,
      "rev_growth_yoy_accel": 0.04399718767300071,
      "fcf_margin_change": 0.0346452131589127
    },
    {
      "date": "2024-09-30T00:00:00",
      "quarter_label": "2024-09 (Q3)",
      "revenue": 586000000,
      "gross_profit": 303800000,
      "operating_income": 12500000,
      "net_income": -900000,
      "opex": 291200000,
      "cogs": 282200000,
      "rd": 58500000,
      "sga": null,
      "fcf": 12500000,
      "ocf": 12500000,
      "capex": null,
      "gross_margin": 0.5184300341296928,
      "op_margin": 0.021331058020477817,
      "fcf_margin": 0.021331058020477817,
      "incr_op_margin_yoy": -15.242105263157894,
      "rev_growth_yoy": -0.01595298068849706,
      "rev_growth_yoy_accel": -0.01828906541050298,
      "fcf_margin_change": -0.029476897231231317
    },
    {
      "date": "2024-12-31T00:00:00",
      "quarter_label": "2024-12 (Q4)",
      "revenue": 673900000,
      "gross_profit": 318400000,
      "operating_income": -45900000,
      "net_income": -92000000,
      "opex": 364300000,
      "cogs": 355600000,
      "rd": 60300000,
      "sga": null,
      "fcf": 106700000,
      "ocf": 106700000,
      "capex": null,
      "gross_margin": 0.4724736607805312,
      "op_margin": -0.0681109956966909,
      "fcf_margin": 0.1583320967502597,
      "incr_op_margin_yoy": -2.0258249641319943,
      "rev_growth_yoy": -0.09373318988703604,
      "rev_growth_yoy_accel": -0.07778020919853898,
      "op_leverage_ratio": 0.5975376196990424,
      "fcf_margin_change": 0.13700103872978187
    },
    {
      "date": "2025-03-31T00:00:00",
      "quarter_label": "2025-03 (Q1)",
      "revenue": 624000000,
      "gross_profit": 318100000,
      "operating_income": -32400000,
      "net_income": -47700000,
      "opex": 350500000,
      "cogs": 306000000,
      "rd": 59600000,
      "sga": null,
      "fcf": 96700000,
      "ocf": 96700000,
      "capex": null,
      "gross_margin": 0.509775641025641,
      "op_margin": -0.051923076923076926,
      "fcf_margin": 0.15496794871794872,
      "incr_op_margin_yoy": -1.2145144076840981,
      "rev_growth_yoy": -0.13055594259439876,
      "rev_growth_yoy_accel": -0.036822752707362724,
      "fcf_margin_change": -0.0033641480323109707
    },
    {
      "date": "2025-06-30T00:00:00",
      "quarter_label": "2025-06 (Q2)",
      "revenue": 606900000,
      "gross_profit": 328100000,
      "operating_income": 29600000,
      "net_income": 21600000,
      "opex": 298500000,
      "cogs": 278800000,
      "rd": 55800000,
      "sga": null,
      "fcf": 117100000,
      "ocf": 117100000,
      "capex": null,
      "gross_margin": 0.5406162464985994,
      "op_margin": 0.048772450156533205,
      "fcf_margin": 0.192947767342231,
      "incr_op_margin_yoy": -2.5313351498637604,
      "rev_growth_yoy": -0.05702299564947172,
      "rev_growth_yoy_accel": 0.07353294694492704,
      "fcf_margin_change": 0.03797981862428229
    },
    {
      "date": "2025-09-30T00:00:00",
      "quarter_label": "2025-09 (Q3)",
      "revenue": 550800000,
      "gross_profit": 283700000,
      "operating_income": 41300000,
      "net_income": 13900000,
      "opex": 242400000,
      "cogs": 267100000,
      "rd": 62100000,
      "sga": null,
      "fcf": 71900000,
      "ocf": 71900000,
      "capex": null,
      "gross_margin": 0.5150689905591866,
      "op_margin": 0.07498184458968772,
      "fcf_margin": 0.1305374001452433,
      "incr_op_margin_yoy": -0.8181818181818182,
      "rev_growth_yoy": -0.060068259385665526,
      "rev_growth_yoy_accel": -0.0030452637361938067,
      "fcf_margin_change": -0.062410367196987726
    }
  ],
  "signals": [
    {
      "quarter": "2025-06 (Q2)",
      "signal": "YoY REVENUE GROWTH ACCELERATION",
      "detail": "YoY growth: -5.7% vs prior quarter YoY: -13.1% (accel: +7.4%)",
      "severity": "MEDIUM"
    },
    {
      "quarter": "2025-06 (Q2)",
      "signal": "OP MARGIN TURNED POSITIVE (YoY)",
      "detail": "Op margin: -9.8% (year-ago) -> +4.9%",
      "severity": "HIGH"
    },
    {
      "quarter": "2025-06 (Q2)",
      "signal": "OP MARGIN TURNED POSITIVE (QoQ)",
      "detail": "Op margin: -5.2% -> +4.9%",
      "severity": "HIGH"
    },
    {
      "quarter": "2025-03 (Q1)",
      "signal": "GROSS MARGIN INFLECTION",
      "detail": "GM: +51.8% -> +47.2% -> +51.0% (reversal +3.7%)",
      "severity": "MEDIUM"
    },
    {
      "quarter": "2024-12 (Q4)",
      "signal": "FCF MARGIN EXPANSION",
      "detail": "FCF margin: +2.1% -> +15.8% (+13.7%)",
      "severity": "MEDIUM"
    },
    {
      "quarter": "2024-12 (Q4)",
      "signal": "YoY REVENUE GROWTH DECELERATION",
      "detail": "YoY growth: -9.4% vs prior quarter YoY: -1.6% (decel: -7.8%)",
      "severity": "WARNING"
    },
    {
      "quarter": "2024-09 (Q3)",
      "signal": "OP MARGIN TURNED POSITIVE (YoY)",
      "detail": "Op margin: -22.2% (year-ago) -> +2.1%",
      "severity": "HIGH"
    },
    {
      "quarter": "2024-09 (Q3)",
      "signal": "OP MARGIN TURNED POSITIVE (QoQ)",
      "detail": "Op margin: -9.8% -> +2.1%",
      "severity": "HIGH"
    },
    {
      "quarter": "2024-03 (Q1)",
      "signal": "FCF TURNED POSITIVE",
      "detail": "FCF margin: -4.2% -> +1.6%",
      "severity": "HIGH"
    },
    {
      "quarter": "2024-03 (Q1)",
      "signal": "GROSS MARGIN INFLECTION",
      "detail": "GM: +47.9% -> +40.3% -> +43.2% (reversal +2.9%)",
      "severity": "MEDIUM"
    },
    {
      "quarter": "2023-12 (Q4)",
      "signal": "FCF MARGIN EXPANSION",
      "detail": "FCF margin: -13.3% -> -4.2% (+9.1%)",
      "severity": "MEDIUM"
    },
    {
      "quarter": "2023-12 (Q4)",
      "signal": "OPERATING LEVERAGE",
      "detail": "Rev growth +24.9% vs OpEx growth +16.5% (leverage: 1.5x)",
      "severity": "MEDIUM"
    },
    {
      "quarter": "2023-09 (Q3)",
      "signal": "GROSS MARGIN INFLECTION",
      "detail": "GM: +36.1% -> +31.3% -> +47.9% (reversal +16.6%)",
      "severity": "HIGH"
    },
    {
      "quarter": "2023-06 (Q2)",
      "signal": "YoY REVENUE GROWTH ACCELERATION",
      "detail": "YoY growth: -5.4% vs prior quarter YoY: -22.3% (accel: +16.9%)",
      "severity": "HIGH"
    },
    {
      "quarter": "2023-03 (Q1)",
      "signal": "FCF MARGIN EXPANSION",
      "detail": "FCF margin: -11.2% -> -5.5% (+5.7%)",
      "severity": "MEDIUM"
    },
    {
      "quarter": "2023-03 (Q1)",
      "signal": "GROSS MARGIN INFLECTION",
      "detail": "GM: +35.2% -> +29.6% -> +36.1% (reversal +6.4%)",
      "severity": "HIGH"
    },
    {
      "quarter": "2023-03 (Q1)",
      "signal": "YoY REVENUE GROWTH ACCELERATION",
      "detail": "YoY growth: -22.3% vs prior quarter YoY: -30.1% (accel: +7.8%)",
      "severity": "MEDIUM"
    },
    {
      "quarter": "2022-12 (Q4)",
      "signal": "FCF MARGIN EXPANSION",
      "detail": "FCF margin: -32.9% -> -11.2% (+21.7%)",
      "severity": "MEDIUM"
    },
    {
      "quarter": "2022-12 (Q4)",
      "signal": "YoY REVENUE GROWTH DECELERATION",
      "detail": "YoY growth: -30.1% vs prior quarter YoY: -23.4% (decel: -6.7%)",
      "severity": "WARNING"
    },
    {
      "quarter": "2022-09 (Q3)",
      "signal": "FCF MARGIN EXPANSION",
      "detail": "FCF margin: -50.4% -> -32.9% (+17.5%)",
      "severity": "MEDIUM"
    },
    {
      "quarter": "2022-09 (Q3)",
      "signal": "GROSS MARGIN INFLECTION",
      "detail": "GM: +19.1% -> -4.4% -> +35.2% (reversal +39.6%)",
      "severity": "HIGH"
    },
    {
      "quarter": "2022-06 (Q2)",
      "signal": "FCF MARGIN EXPANSION",
      "detail": "FCF margin: -76.3% -> -50.4% (+25.8%)",
      "severity": "MEDIUM"
    },
    {
      "quarter": "2022-03 (Q1)",
      "signal": "YoY REVENUE GROWTH DECELERATION",
      "detail": "YoY growth: -23.6% vs prior quarter YoY: +6.5% (decel: -30.1%)",
      "severity": "WARNING"
    },
    {
      "quarter": "2021-12 (Q4)",
      "signal": "FCF MARGIN EXPANSION",
      "detail": "FCF margin: -80.5% -> -47.4% (+33.1%)",
      "severity": "MEDIUM"
    },
    {
      "quarter": "2021-12 (Q4)",
      "signal": "OPERATING LEVERAGE",
      "detail": "Rev growth +40.8% vs OpEx growth +13.4% (leverage: 3.0x)",
      "severity": "MEDIUM"
    },
    {
      "quarter": "2021-09 (Q3)",
      "signal": "GROSS MARGIN INFLECTION",
      "detail": "GM: +35.2% -> +27.1% -> +32.6% (reversal +5.6%)",
      "severity": "HIGH"
    }
  ],
  "data_quality": {
    "n_quarters": 20,
    "coverage": {
      "revenue": [
        20,
        20
      ],
      "gross_profit": [
        20,
        20
      ],
      "op_income": [
        20,
        20
      ],
      "fcf": [
        20,
        20
      ]
    },
    "gaps": [],
    "warnings": []
  },
  "market_cap": null,
  "source": "SEC EDGAR",
  "last_updated": "2026-02-02T21:29:35.623575"
}