{
  "ticker": "PUBM",
  "name": "PUBMATIC, INC.",
  "quarters": [
    {
      "date": "2020-12-31T00:00:00",
      "quarter_label": "2020-12 (Q4)",
      "revenue": 56242000,
      "gross_profit": 44792000,
      "operating_income": 22206000,
      "net_income": 18825000,
      "opex": 22586000,
      "cogs": 11450000,
      "rd": 2970000,
      "sga": null,
      "fcf": -2668000,
      "ocf": 8624000,
      "capex": -11292000,
      "gross_margin": 0.7964154902030511,
      "op_margin": 0.39482948686035346,
      "fcf_margin": -0.04743785782866897
    },
    {
      "date": "2021-03-31T00:00:00",
      "quarter_label": "2021-03 (Q1)",
      "revenue": 43608000,
      "gross_profit": 31308000,
      "operating_income": 6642000,
      "net_income": 4918000,
      "opex": 24666000,
      "cogs": 12300000,
      "rd": 3738000,
      "sga": null,
      "fcf": 12425000,
      "ocf": 12687000,
      "capex": -262000,
      "gross_margin": 0.7179416620803523,
      "op_margin": 0.1523115024766098,
      "fcf_margin": 0.28492478444322145,
      "fcf_margin_change": 0.3323626422718904
    },
    {
      "date": "2021-06-30T00:00:00",
      "quarter_label": "2021-06 (Q2)",
      "revenue": 49658000,
      "gross_profit": 36570000,
      "operating_income": 10133000,
      "net_income": 9921000,
      "opex": 26437000,
      "cogs": 13088000,
      "rd": 3860000,
      "sga": null,
      "fcf": 9530000,
      "ocf": 21076000,
      "capex": -11546000,
      "gross_margin": 0.7364372306576986,
      "op_margin": 0.20405574127028878,
      "fcf_margin": 0.19191268275001006,
      "op_leverage_ratio": 1.9322769427457036,
      "fcf_margin_change": -0.09301210169321139
    },
    {
      "date": "2021-09-30T00:00:00",
      "quarter_label": "2021-09 (Q3)",
      "revenue": 58086000,
      "gross_profit": 42066000,
      "operating_income": 14048000,
      "net_income": 13526000,
      "opex": 28018000,
      "cogs": 16020000,
      "rd": 4139000,
      "sga": null,
      "fcf": 15401000,
      "ocf": 26439000,
      "capex": -11038000,
      "gross_margin": 0.72420204524326,
      "op_margin": 0.24184829390903143,
      "fcf_margin": 0.26514134214784973,
      "op_leverage_ratio": 2.8380209946597663,
      "fcf_margin_change": 0.07322865939783968
    },
    {
      "date": "2021-12-31T00:00:00",
      "quarter_label": "2021-12 (Q4)",
      "revenue": 75556000,
      "gross_profit": 58651000,
      "operating_income": 27966000,
      "net_income": 28239000,
      "opex": 30685000,
      "cogs": 16905000,
      "rd": 4147000,
      "sga": null,
      "fcf": 20893000,
      "ocf": 28479000,
      "capex": -7586000,
      "gross_margin": 0.7762586690666525,
      "op_margin": 0.3701360580231881,
      "fcf_margin": 0.27652337339192123,
      "incr_op_margin_yoy": 0.2982292637465051,
      "rev_growth_yoy": 0.34340884036840796,
      "op_leverage_ratio": 3.1596250602958285,
      "fcf_margin_change": 0.0113820312440715
    },
    {
      "date": "2022-03-31T00:00:00",
      "quarter_label": "2022-03 (Q1)",
      "revenue": 54552000,
      "gross_profit": 36560000,
      "operating_income": 4581000,
      "net_income": 4779000,
      "opex": 31979000,
      "cogs": 17992000,
      "rd": 4773000,
      "sga": null,
      "fcf": 19166000,
      "ocf": 19314000,
      "capex": -148000,
      "gross_margin": 0.6701862443173486,
      "op_margin": 0.0839749230092389,
      "fcf_margin": 0.35133450652588355,
      "incr_op_margin_yoy": -0.18832236842105263,
      "rev_growth_yoy": 0.2509631260319207,
      "rev_growth_yoy_accel": -0.09244571433648724,
      "fcf_margin_change": 0.07481113313396232
    },
    {
      "date": "2022-06-30T00:00:00",
      "quarter_label": "2022-06 (Q2)",
      "revenue": 63032000,
      "gross_profit": 44058000,
      "operating_income": 9794000,
      "net_income": 7819000,
      "opex": 34264000,
      "cogs": 18974000,
      "rd": 5075000,
      "sga": null,
      "fcf": 8232000,
      "ocf": 20468000,
      "capex": -12236000,
      "gross_margin": 0.6989782967381647,
      "op_margin": 0.1553813935778652,
      "fcf_margin": 0.13060032999111562,
      "incr_op_margin_yoy": -0.02534768954688201,
      "rev_growth_yoy": 0.2693221635990173,
      "rev_growth_yoy_accel": 0.01835903756709656,
      "op_leverage_ratio": 2.1755238532572303,
      "fcf_margin_change": -0.22073417653476793
    },
    {
      "date": "2022-09-30T00:00:00",
      "quarter_label": "2022-09 (Q3)",
      "revenue": 64500000,
      "gross_profit": 42909000,
      "operating_income": 9622000,
      "net_income": 3326000,
      "opex": 33287000,
      "cogs": 21591000,
      "rd": 5080000,
      "sga": null,
      "fcf": 13495000,
      "ocf": 28072000,
      "capex": -14577000,
      "gross_margin": 0.6652558139534883,
      "op_margin": 0.1491782945736434,
      "fcf_margin": 0.2092248062015504,
      "incr_op_margin_yoy": -0.690053009042719,
      "rev_growth_yoy": 0.1104224770168371,
      "rev_growth_yoy_accel": -0.15889968658218018,
      "op_leverage_ratio": Infinity,
      "fcf_margin_change": 0.07862447621043478
    },
    {
      "date": "2022-12-31T00:00:00",
      "quarter_label": "2022-12 (Q4)",
      "revenue": 74296000,
      "gross_profit": 51341000,
      "operating_income": 16523000,
      "net_income": 12781000,
      "opex": 34818000,
      "cogs": 22955000,
      "rd": 5918000,
      "sga": null,
      "fcf": 10450000,
      "ocf": 19358000,
      "capex": -8908000,
      "gross_margin": 0.6910331646387423,
      "op_margin": 0.22239420695595993,
      "fcf_margin": 0.1406536018089803,
      "incr_op_margin_yoy": 9.081746031746032,
      "rev_growth_yoy": -0.01667637249192652,
      "rev_growth_yoy_accel": -0.12709884950876363,
      "op_leverage_ratio": 3.3020871194284527,
      "fcf_margin_change": -0.06857120439257011
    },
    {
      "date": "2023-03-31T00:00:00",
      "quarter_label": "2023-03 (Q1)",
      "revenue": 55407000,
      "gross_profit": 31544000,
      "operating_income": -10672000,
      "net_income": -5871000,
      "opex": 42216000,
      "cogs": 23863000,
      "rd": 6517000,
      "sga": null,
      "fcf": 11337000,
      "ocf": 12754000,
      "capex": -1417000,
      "gross_margin": 0.5693143465627086,
      "op_margin": -0.19261104192611042,
      "fcf_margin": 0.20461313552439223,
      "rev_growth_yoy": 0.01567311922569292,
      "rev_growth_yoy_accel": 0.03234949171761944,
      "fcf_margin_change": 0.06395953371541194
    },
    {
      "date": "2023-06-30T00:00:00",
      "quarter_label": "2023-06 (Q2)",
      "revenue": 63330000,
      "gross_profit": 38263000,
      "operating_income": -7134000,
      "net_income": -5724000,
      "opex": 45397000,
      "cogs": 25067000,
      "rd": 6730000,
      "sga": null,
      "fcf": 14713000,
      "ocf": 15848000,
      "capex": -1135000,
      "gross_margin": 0.6041844307595137,
      "op_margin": -0.11264803410705827,
      "fcf_margin": 0.2323227538291489,
      "rev_growth_yoy": 0.004727757329610356,
      "rev_growth_yoy_accel": -0.010945361896082563,
      "op_leverage_ratio": 1.8977475174463734,
      "fcf_margin_change": 0.027709618304756684
    },
    {
      "date": "2023-09-30T00:00:00",
      "quarter_label": "2023-09 (Q3)",
      "revenue": 63677000,
      "gross_profit": 37586000,
      "operating_income": -571000,
      "net_income": 1774000,
      "opex": 38157000,
      "cogs": 26091000,
      "rd": 6634000,
      "sga": null,
      "fcf": 20973000,
      "ocf": 23845000,
      "capex": -2872000,
      "gross_margin": 0.5902602195455188,
      "op_margin": -0.008967130989211175,
      "fcf_margin": 0.32936539095748857,
      "rev_growth_yoy": -0.01275968992248062,
      "rev_growth_yoy_accel": -0.017487447252090976,
      "fcf_margin_change": 0.09704263712833966
    },
    {
      "date": "2023-12-31T00:00:00",
      "quarter_label": "2023-12 (Q4)",
      "revenue": 84600000,
      "gross_profit": 60392000,
      "operating_income": 20413000,
      "net_income": 18702000,
      "opex": 39979000,
      "cogs": 24208000,
      "rd": 6846000,
      "sga": null,
      "fcf": 23497000,
      "ocf": 28674000,
      "capex": -5177000,
      "gross_margin": 0.713853427895981,
      "op_margin": 0.24128841607565013,
      "fcf_margin": 0.27774231678487,
      "incr_op_margin_yoy": 0.37752329192546585,
      "rev_growth_yoy": 0.13868848928609884,
      "rev_growth_yoy_accel": 0.15144817920857945,
      "op_leverage_ratio": 6.8812479995818645,
      "fcf_margin_change": -0.05162307417261858
    },
    {
      "date": "2024-03-31T00:00:00",
      "quarter_label": "2024-03 (Q1)",
      "revenue": 66701000,
      "gross_profit": 41277000,
      "operating_income": -5525000,
      "net_income": -2454000,
      "opex": 46802000,
      "cogs": 25424000,
      "rd": 7960000,
      "sga": null,
      "fcf": 23493000,
      "ocf": 24294000,
      "capex": -801000,
      "gross_margin": 0.6188362993058575,
      "op_margin": -0.08283234134420774,
      "fcf_margin": 0.3522136099908547,
      "incr_op_margin_yoy": 0.455728705507349,
      "rev_growth_yoy": 0.20383706029924017,
      "rev_growth_yoy_accel": 0.06514857101314134,
      "fcf_margin_change": 0.07447129320598472
    },
    {
      "date": "2024-06-30T00:00:00",
      "quarter_label": "2024-06 (Q2)",
      "revenue": 67267000,
      "gross_profit": 42107000,
      "operating_income": -3985000,
      "net_income": 1971000,
      "opex": 46092000,
      "cogs": 25160000,
      "rd": 8659000,
      "sga": null,
      "fcf": 11208000,
      "ocf": 11944000,
      "capex": -736000,
      "gross_margin": 0.6259681567484799,
      "op_margin": -0.05924153002215053,
      "fcf_margin": 0.16661959058676618,
      "incr_op_margin_yoy": 0.7998475996951994,
      "rev_growth_yoy": 0.06216642981209537,
      "rev_growth_yoy_accel": -0.1416706304871448,
      "fcf_margin_change": -0.18559401940408854
    },
    {
      "date": "2024-09-30T00:00:00",
      "quarter_label": "2024-09 (Q3)",
      "revenue": 71786000,
      "gross_profit": 46278000,
      "operating_income": -1365000,
      "net_income": -912000,
      "opex": 47643000,
      "cogs": 25508000,
      "rd": 8813000,
      "sga": null,
      "fcf": 7408000,
      "ocf": 19139000,
      "capex": -11731000,
      "gross_margin": 0.6446660908812303,
      "op_margin": -0.01901484969214053,
      "fcf_margin": 0.10319560917170478,
      "incr_op_margin_yoy": -0.09791589591811567,
      "rev_growth_yoy": 0.12734582345273804,
      "rev_growth_yoy_accel": 0.06517939364064267,
      "op_leverage_ratio": 1.9964297708036614,
      "fcf_margin_change": -0.06342398141506139
    },
    {
      "date": "2024-12-31T00:00:00",
      "quarter_label": "2024-12 (Q4)",
      "revenue": 85502000,
      "gross_profit": 60567000,
      "operating_income": 14802000,
      "net_income": 13899000,
      "opex": 45765000,
      "cogs": 24935000,
      "rd": 7831000,
      "sga": null,
      "fcf": 13724000,
      "ocf": 18048000,
      "capex": -4324000,
      "gross_margin": 0.7083693948679564,
      "op_margin": 0.17311875745596594,
      "fcf_margin": 0.1605108652429183,
      "rev_growth_yoy": 0.01066193853427896,
      "rev_growth_yoy_accel": -0.11668388491845907,
      "op_leverage_ratio": Infinity,
      "fcf_margin_change": 0.057315256071213516
    },
    {
      "date": "2025-03-31T00:00:00",
      "quarter_label": "2025-03 (Q1)",
      "revenue": 63825000,
      "gross_profit": 38237000,
      "operating_income": -11903000,
      "net_income": -9486000,
      "opex": 50140000,
      "cogs": 25588000,
      "rd": 8772000,
      "sga": null,
      "fcf": 14180000,
      "ocf": 15621000,
      "capex": -1441000,
      "gross_margin": 0.5990912651782218,
      "op_margin": -0.18649432040736388,
      "fcf_margin": 0.22216999608303956,
      "incr_op_margin_yoy": 2.217663421418637,
      "rev_growth_yoy": -0.043117794335917004,
      "rev_growth_yoy_accel": -0.05377973287019597,
      "fcf_margin_change": 0.06165913084012126
    },
    {
      "date": "2025-06-30T00:00:00",
      "quarter_label": "2025-06 (Q2)",
      "revenue": 71095000,
      "gross_profit": 44483000,
      "operating_income": -5461000,
      "net_income": -5208000,
      "opex": 49944000,
      "cogs": 26612000,
      "rd": 9116000,
      "sga": null,
      "fcf": 13565000,
      "ocf": 14905000,
      "capex": -1340000,
      "gross_margin": 0.6256839440185668,
      "op_margin": -0.07681271538082847,
      "fcf_margin": 0.19080104086082003,
      "incr_op_margin_yoy": -0.38557993730407525,
      "rev_growth_yoy": 0.056907547534452256,
      "rev_growth_yoy_accel": 0.10002534187036927,
      "op_leverage_ratio": Infinity,
      "fcf_margin_change": -0.031368955222219524
    },
    {
      "date": "2025-09-30T00:00:00",
      "quarter_label": "2025-09 (Q3)",
      "revenue": 67960000,
      "gross_profit": 42557000,
      "operating_income": -8419000,
      "net_income": -6452000,
      "opex": 50976000,
      "cogs": 25403000,
      "rd": 9616000,
      "sga": null,
      "fcf": 27700000,
      "ocf": 32374000,
      "capex": -4674000,
      "gross_margin": 0.6262065921130077,
      "op_margin": -0.1238816951147734,
      "fcf_margin": 0.4075927015891701,
      "incr_op_margin_yoy": 1.843700993204391,
      "rev_growth_yoy": -0.0532973003092525,
      "rev_growth_yoy_accel": -0.11020484784370475,
      "fcf_margin_change": 0.21679166072835007
    }
  ],
  "signals": [
    {
      "quarter": "2025-09 (Q3)",
      "signal": "FCF MARGIN EXPANSION",
      "detail": "FCF margin: +19.1% -> +40.8% (+21.7%)",
      "severity": "MEDIUM"
    },
    {
      "quarter": "2025-09 (Q3)",
      "signal": "YoY REVENUE GROWTH DECELERATION",
      "detail": "YoY growth: -5.3% vs prior quarter YoY: +5.7% (decel: -11.0%)",
      "severity": "WARNING"
    },
    {
      "quarter": "2025-06 (Q2)",
      "signal": "GROSS MARGIN INFLECTION",
      "detail": "GM: +70.8% -> +59.9% -> +62.6% (reversal +2.7%)",
      "severity": "MEDIUM"
    },
    {
      "quarter": "2025-06 (Q2)",
      "signal": "YoY REVENUE GROWTH ACCELERATION",
      "detail": "YoY growth: +5.7% vs prior quarter YoY: -4.3% (accel: +10.0%)",
      "severity": "MEDIUM"
    },
    {
      "quarter": "2025-03 (Q1)",
      "signal": "FCF MARGIN EXPANSION",
      "detail": "FCF margin: +16.1% -> +22.2% (+6.2%)",
      "severity": "MEDIUM"
    },
    {
      "quarter": "2025-03 (Q1)",
      "signal": "YoY REVENUE GROWTH DECELERATION",
      "detail": "YoY growth: -4.3% vs prior quarter YoY: +1.1% (decel: -5.4%)",
      "severity": "WARNING"
    },
    {
      "quarter": "2024-12 (Q4)",
      "signal": "FCF MARGIN EXPANSION",
      "detail": "FCF margin: +10.3% -> +16.1% (+5.7%)",
      "severity": "MEDIUM"
    },
    {
      "quarter": "2024-12 (Q4)",
      "signal": "YoY REVENUE GROWTH DECELERATION",
      "detail": "YoY growth: +1.1% vs prior quarter YoY: +12.7% (decel: -11.7%)",
      "severity": "WARNING"
    },
    {
      "quarter": "2024-12 (Q4)",
      "signal": "OP MARGIN TURNED POSITIVE (QoQ)",
      "detail": "Op margin: -1.9% -> +17.3%",
      "severity": "HIGH"
    },
    {
      "quarter": "2024-09 (Q3)",
      "signal": "OPERATING LEVERAGE",
      "detail": "Rev growth +6.7% vs OpEx growth +3.4% (leverage: 2.0x)",
      "severity": "MEDIUM"
    },
    {
      "quarter": "2024-09 (Q3)",
      "signal": "YoY REVENUE GROWTH ACCELERATION",
      "detail": "YoY growth: +12.7% vs prior quarter YoY: +6.2% (accel: +6.5%)",
      "severity": "MEDIUM"
    },
    {
      "quarter": "2024-06 (Q2)",
      "signal": "YoY REVENUE GROWTH DECELERATION",
      "detail": "YoY growth: +6.2% vs prior quarter YoY: +20.4% (decel: -14.2%)",
      "severity": "WARNING"
    },
    {
      "quarter": "2024-03 (Q1)",
      "signal": "FCF MARGIN EXPANSION",
      "detail": "FCF margin: +27.8% -> +35.2% (+7.4%)",
      "severity": "MEDIUM"
    },
    {
      "quarter": "2024-03 (Q1)",
      "signal": "YoY REVENUE GROWTH ACCELERATION",
      "detail": "YoY growth: +20.4% vs prior quarter YoY: +13.9% (accel: +6.5%)",
      "severity": "MEDIUM"
    },
    {
      "quarter": "2023-12 (Q4)",
      "signal": "OPERATING LEVERAGE",
      "detail": "Rev growth +32.9% vs OpEx growth +4.8% (leverage: 6.9x)",
      "severity": "MEDIUM"
    },
    {
      "quarter": "2023-12 (Q4)",
      "signal": "GROSS MARGIN INFLECTION",
      "detail": "GM: +60.4% -> +59.0% -> +71.4% (reversal +12.4%)",
      "severity": "HIGH"
    },
    {
      "quarter": "2023-12 (Q4)",
      "signal": "YoY REVENUE GROWTH ACCELERATION",
      "detail": "YoY growth: +13.9% vs prior quarter YoY: -1.3% (accel: +15.1%)",
      "severity": "HIGH"
    },
    {
      "quarter": "2023-12 (Q4)",
      "signal": "INCREMENTAL MARGIN (YoY)",
      "detail": "YoY Incr OPM: +37.8% vs year-ago OPM: +22.2%",
      "severity": "MEDIUM"
    },
    {
      "quarter": "2023-12 (Q4)",
      "signal": "OP MARGIN TURNED POSITIVE (QoQ)",
      "detail": "Op margin: -0.9% -> +24.1%",
      "severity": "HIGH"
    },
    {
      "quarter": "2023-09 (Q3)",
      "signal": "FCF MARGIN EXPANSION",
      "detail": "FCF margin: +23.2% -> +32.9% (+9.7%)",
      "severity": "MEDIUM"
    },
    {
      "quarter": "2023-06 (Q2)",
      "signal": "OPERATING LEVERAGE",
      "detail": "Rev growth +14.3% vs OpEx growth +7.5% (leverage: 1.9x)",
      "severity": "MEDIUM"
    },
    {
      "quarter": "2023-06 (Q2)",
      "signal": "GROSS MARGIN INFLECTION",
      "detail": "GM: +69.1% -> +56.9% -> +60.4% (reversal +3.5%)",
      "severity": "MEDIUM"
    },
    {
      "quarter": "2023-03 (Q1)",
      "signal": "FCF MARGIN EXPANSION",
      "detail": "FCF margin: +14.1% -> +20.5% (+6.4%)",
      "severity": "MEDIUM"
    },
    {
      "quarter": "2022-12 (Q4)",
      "signal": "OPERATING LEVERAGE",
      "detail": "Rev growth +15.2% vs OpEx growth +4.6% (leverage: 3.3x)",
      "severity": "MEDIUM"
    },
    {
      "quarter": "2022-12 (Q4)",
      "signal": "GROSS MARGIN INFLECTION",
      "detail": "GM: +69.9% -> +66.5% -> +69.1% (reversal +2.6%)",
      "severity": "MEDIUM"
    },
    {
      "quarter": "2022-12 (Q4)",
      "signal": "YoY REVENUE GROWTH DECELERATION",
      "detail": "YoY growth: -1.7% vs prior quarter YoY: +11.0% (decel: -12.7%)",
      "severity": "WARNING"
    },
    {
      "quarter": "2022-12 (Q4)",
      "signal": "INCREMENTAL MARGIN (YoY)",
      "detail": "YoY Incr OPM: +908.2% vs year-ago OPM: +37.0%",
      "severity": "HIGH"
    },
    {
      "quarter": "2022-09 (Q3)",
      "signal": "FCF MARGIN EXPANSION",
      "detail": "FCF margin: +13.1% -> +20.9% (+7.9%)",
      "severity": "MEDIUM"
    },
    {
      "quarter": "2022-09 (Q3)",
      "signal": "YoY REVENUE GROWTH DECELERATION",
      "detail": "YoY growth: +11.0% vs prior quarter YoY: +26.9% (decel: -15.9%)",
      "severity": "WARNING"
    },
    {
      "quarter": "2022-06 (Q2)",
      "signal": "OPERATING LEVERAGE",
      "detail": "Rev growth +15.5% vs OpEx growth +7.1% (leverage: 2.2x)",
      "severity": "MEDIUM"
    },
    {
      "quarter": "2022-06 (Q2)",
      "signal": "GROSS MARGIN INFLECTION",
      "detail": "GM: +77.6% -> +67.0% -> +69.9% (reversal +2.9%)",
      "severity": "MEDIUM"
    },
    {
      "quarter": "2022-03 (Q1)",
      "signal": "FCF MARGIN EXPANSION",
      "detail": "FCF margin: +27.7% -> +35.1% (+7.5%)",
      "severity": "MEDIUM"
    },
    {
      "quarter": "2022-03 (Q1)",
      "signal": "YoY REVENUE GROWTH DECELERATION",
      "detail": "YoY growth: +25.1% vs prior quarter YoY: +34.3% (decel: -9.2%)",
      "severity": "WARNING"
    },
    {
      "quarter": "2021-12 (Q4)",
      "signal": "OPERATING LEVERAGE",
      "detail": "Rev growth +30.1% vs OpEx growth +9.5% (leverage: 3.2x)",
      "severity": "MEDIUM"
    },
    {
      "quarter": "2021-12 (Q4)",
      "signal": "GROSS MARGIN INFLECTION",
      "detail": "GM: +73.6% -> +72.4% -> +77.6% (reversal +5.2%)",
      "severity": "HIGH"
    },
    {
      "quarter": "2021-09 (Q3)",
      "signal": "FCF MARGIN EXPANSION",
      "detail": "FCF margin: +19.2% -> +26.5% (+7.3%)",
      "severity": "MEDIUM"
    },
    {
      "quarter": "2021-09 (Q3)",
      "signal": "OPERATING LEVERAGE",
      "detail": "Rev growth +17.0% vs OpEx growth +6.0% (leverage: 2.8x)",
      "severity": "MEDIUM"
    },
    {
      "quarter": "2021-06 (Q2)",
      "signal": "OPERATING LEVERAGE",
      "detail": "Rev growth +13.9% vs OpEx growth +7.2% (leverage: 1.9x)",
      "severity": "MEDIUM"
    },
    {
      "quarter": "2021-03 (Q1)",
      "signal": "FCF TURNED POSITIVE",
      "detail": "FCF margin: -4.7% -> +28.5%",
      "severity": "HIGH"
    }
  ],
  "data_quality": {
    "n_quarters": 20,
    "coverage": {
      "revenue": [
        20,
        20
      ],
      "gross_profit": [
        20,
        20
      ],
      "op_income": [
        20,
        20
      ],
      "fcf": [
        20,
        20
      ]
    },
    "gaps": [],
    "warnings": []
  },
  "market_cap": null,
  "source": "SEC EDGAR",
  "last_updated": "2026-02-02T22:39:28.291327"
}