{
  "ticker": "PUMP",
  "name": "ProPetro Holding Corp.",
  "sector": "Energy",
  "industry": "Oil & Gas Equipment & Services",
  "quarters": [
    {
      "date": "2021-03-31T00:00:00",
      "quarter_label": "2021-03 (Q1)",
      "revenue": 161458000,
      "gross_profit": 38080000,
      "operating_income": -28651000,
      "net_income": -20375000,
      "opex": 190109000,
      "cogs": 123378000,
      "rd": null,
      "sga": null,
      "fcf": -5486000,
      "ocf": 17008000,
      "capex": -22494000,
      "gross_margin": 0.23585080949844542,
      "op_margin": -0.1774517211906502,
      "fcf_margin": -0.03397787659948717
    },
    {
      "date": "2021-06-30T00:00:00",
      "quarter_label": "2021-06 (Q2)",
      "revenue": 216887000,
      "gross_profit": 54050000,
      "operating_income": -11747000,
      "net_income": -8511000,
      "opex": 228634000,
      "cogs": null,
      "rd": null,
      "sga": null,
      "fcf": 14779000,
      "ocf": 44472000,
      "capex": -29693000,
      "gross_margin": 0.24920811298049214,
      "op_margin": -0.054161844647212604,
      "fcf_margin": 0.06814147459276028,
      "op_leverage_ratio": 1.6940940026963414,
      "fcf_margin_change": 0.10211935119224745
    },
    {
      "date": "2021-09-30T00:00:00",
      "quarter_label": "2021-09 (Q3)",
      "revenue": 250099000,
      "gross_profit": 61409000,
      "operating_income": -5894000,
      "net_income": -5067000,
      "opex": 255993000,
      "cogs": null,
      "rd": null,
      "sga": null,
      "fcf": 12266000,
      "ocf": 47779000,
      "capex": -35513000,
      "gross_margin": 0.24553876664840724,
      "op_margin": -0.023566667599630546,
      "fcf_margin": 0.0490445783469746,
      "op_leverage_ratio": 1.279682122315261,
      "fcf_margin_change": -0.01909689624578568
    },
    {
      "date": "2021-12-31T00:00:00",
      "quarter_label": "2021-12 (Q4)",
      "revenue": 246070000,
      "gross_profit": 58709000,
      "operating_income": -22403000,
      "net_income": -20232000,
      "opex": 268473000,
      "cogs": null,
      "rd": null,
      "sga": null,
      "fcf": -10368000,
      "ocf": 45455000,
      "capex": -55823000,
      "gross_margin": 0.23858658105417158,
      "op_margin": -0.09104319908968993,
      "fcf_margin": -0.042134352013654654,
      "fcf_margin_change": -0.09117893036062925
    },
    {
      "date": "2022-03-31T00:00:00",
      "quarter_label": "2022-03 (Q1)",
      "revenue": 282680000,
      "gross_profit": null,
      "operating_income": 5731000,
      "net_income": 11817000,
      "opex": 276949000,
      "cogs": null,
      "rd": null,
      "sga": null,
      "fcf": -39153000,
      "ocf": 25170000,
      "capex": -64323000,
      "gross_margin": null,
      "op_margin": 0.020273807839252866,
      "fcf_margin": -0.13850643837554832,
      "incr_op_margin_yoy": 0.28362838428668063,
      "rev_growth_yoy": 0.7507958726108338,
      "op_leverage_ratio": 4.712493100362617,
      "fcf_margin_change": -0.09637208636189368
    },
    {
      "date": "2022-06-30T00:00:00",
      "quarter_label": "2022-06 (Q2)",
      "revenue": 315083000,
      "gross_profit": null,
      "operating_income": -40266000,
      "net_income": -32860000,
      "opex": 355349000,
      "cogs": null,
      "rd": null,
      "sga": null,
      "fcf": -2058000,
      "ocf": 78138000,
      "capex": -80196000,
      "gross_margin": null,
      "op_margin": -0.12779489848706532,
      "fcf_margin": -0.006531612305329072,
      "incr_op_margin_yoy": -0.29042934539085097,
      "rev_growth_yoy": 0.45275189384333775,
      "rev_growth_yoy_accel": -0.29804397876749605,
      "op_leverage_ratio": 0.4049243342421517,
      "fcf_margin_change": 0.13197482607021926
    },
    {
      "date": "2022-09-30T00:00:00",
      "quarter_label": "2022-09 (Q3)",
      "revenue": 333014000,
      "gross_profit": null,
      "operating_income": 13653000,
      "net_income": 10032000,
      "opex": 319361000,
      "cogs": null,
      "rd": null,
      "sga": null,
      "fcf": -31002000,
      "ocf": 71643000,
      "capex": -102645000,
      "gross_margin": null,
      "op_margin": 0.0409982763487421,
      "fcf_margin": -0.09309518518740954,
      "incr_op_margin_yoy": 0.2357474522100947,
      "rev_growth_yoy": 0.3315287146290069,
      "rev_growth_yoy_accel": -0.12122317921433085,
      "op_leverage_ratio": null,
      "fcf_margin_change": -0.08656357288208047
    },
    {
      "date": "2022-12-31T00:00:00",
      "quarter_label": "2022-12 (Q4)",
      "revenue": 348925000,
      "gross_profit": null,
      "operating_income": 18294000,
      "net_income": 13042000,
      "opex": 330631000,
      "cogs": null,
      "rd": null,
      "sga": null,
      "fcf": 52959000,
      "ocf": 125478000,
      "capex": -72519000,
      "gross_margin": null,
      "op_margin": 0.052429605216020636,
      "fcf_margin": 0.15177760263666978,
      "incr_op_margin_yoy": 0.39567352097613145,
      "rev_growth_yoy": 0.4179908156215711,
      "rev_growth_yoy_accel": 0.08646210099256418,
      "op_leverage_ratio": 1.3539198247573347,
      "fcf_margin_change": 0.24487278782407934
    },
    {
      "date": "2023-03-31T00:00:00",
      "quarter_label": "2023-03 (Q1)",
      "revenue": 423570000,
      "gross_profit": 143084000,
      "operating_income": 41460000,
      "net_income": 28733000,
      "opex": 382110000,
      "cogs": 280486000,
      "rd": null,
      "sga": null,
      "fcf": -41779000,
      "ocf": 73060000,
      "capex": -114839000,
      "gross_margin": 0.3378048492575017,
      "op_margin": 0.09788228628089808,
      "fcf_margin": -0.09863540855112496,
      "incr_op_margin_yoy": 0.2535950031939811,
      "rev_growth_yoy": 0.4984080939578322,
      "rev_growth_yoy_accel": 0.08041727833626111,
      "op_leverage_ratio": 1.3739853555556663,
      "fcf_margin_change": -0.25041301118779474
    },
    {
      "date": "2023-06-30T00:00:00",
      "quarter_label": "2023-06 (Q2)",
      "revenue": 435249000,
      "gross_profit": 137458000,
      "operating_income": 52483000,
      "net_income": 39257000,
      "opex": 382766000,
      "cogs": 297791000,
      "rd": null,
      "sga": null,
      "fcf": 5018000,
      "ocf": 113954000,
      "capex": -108936000,
      "gross_margin": 0.3158146256510641,
      "op_margin": 0.12058155216898833,
      "fcf_margin": 0.011529032806508459,
      "incr_op_margin_yoy": 0.7718406204750096,
      "rev_growth_yoy": 0.38137887477267896,
      "rev_growth_yoy_accel": -0.11702921918515324,
      "op_leverage_ratio": 16.060720698971632,
      "fcf_margin_change": 0.11016444135763342
    },
    {
      "date": "2023-09-30T00:00:00",
      "quarter_label": "2023-09 (Q3)",
      "revenue": 423804000,
      "gross_profit": 131314000,
      "operating_income": 44683000,
      "net_income": 34753000,
      "opex": 379121000,
      "cogs": 292490000,
      "rd": null,
      "sga": null,
      "fcf": 21085000,
      "ocf": 118057000,
      "capex": -96972000,
      "gross_margin": 0.30984606091495126,
      "op_margin": 0.10543317193797133,
      "fcf_margin": 0.049751772045568236,
      "incr_op_margin_yoy": 0.34177772882476043,
      "rev_growth_yoy": 0.2726311806710829,
      "rev_growth_yoy_accel": -0.10874769410159607,
      "fcf_margin_change": 0.03822273923905978
    },
    {
      "date": "2023-12-31T00:00:00",
      "quarter_label": "2023-12 (Q4)",
      "revenue": 347776000,
      "gross_profit": 86742000,
      "operating_income": -8283000,
      "net_income": -17109000,
      "opex": 356059000,
      "cogs": 261034000,
      "rd": null,
      "sga": null,
      "fcf": 19549000,
      "ocf": 69671000,
      "capex": -50122000,
      "gross_margin": 0.24941916635995584,
      "op_margin": -0.023817054655870445,
      "fcf_margin": 0.05621146945160103,
      "incr_op_margin_yoy": 23.130548302872064,
      "rev_growth_yoy": -0.0032929712688973276,
      "rev_growth_yoy_accel": -0.2759241519399802,
      "fcf_margin_change": 0.006459697406032791
    },
    {
      "date": "2024-03-31T00:00:00",
      "quarter_label": "2024-03 (Q1)",
      "revenue": 405843000,
      "gross_profit": 117202000,
      "operating_income": 30312000,
      "net_income": 19930000,
      "opex": 375531000,
      "cogs": 288641000,
      "rd": null,
      "sga": null,
      "fcf": 40237000,
      "ocf": 74822000,
      "capex": -34585000,
      "gross_margin": 0.28878655046409574,
      "op_margin": 0.07468898071421708,
      "fcf_margin": 0.09914425036282504,
      "incr_op_margin_yoy": 0.6288712134032831,
      "rev_growth_yoy": -0.04185140590693392,
      "rev_growth_yoy_accel": -0.03855843463803659,
      "op_leverage_ratio": 3.0531011150730496,
      "fcf_margin_change": 0.04293278091122401
    },
    {
      "date": "2024-06-30T00:00:00",
      "quarter_label": "2024-06 (Q2)",
      "revenue": 357021000,
      "gross_profit": 91176000,
      "operating_income": -533000,
      "net_income": -3660000,
      "opex": 357554000,
      "cogs": 265845000,
      "rd": null,
      "sga": null,
      "fcf": 67721000,
      "ocf": 104941000,
      "capex": -37220000,
      "gross_margin": 0.2553799356340383,
      "op_margin": -0.0014929093806806883,
      "fcf_margin": 0.18968352001702982,
      "incr_op_margin_yoy": 0.677711305414941,
      "rev_growth_yoy": -0.17973160191063048,
      "rev_growth_yoy_accel": -0.13788019600369655,
      "fcf_margin_change": 0.09053926965420478
    },
    {
      "date": "2024-09-30T00:00:00",
      "quarter_label": "2024-09 (Q3)",
      "revenue": 360868000,
      "gross_profit": 93313000,
      "operating_income": -180092000,
      "net_income": -137067000,
      "opex": 540960000,
      "cogs": 267555000,
      "rd": null,
      "sga": null,
      "fcf": -5975000,
      "ocf": 34669000,
      "capex": -40644000,
      "gross_margin": 0.25857931431991754,
      "op_margin": -0.49905228504605564,
      "fcf_margin": -0.016557300730461,
      "incr_op_margin_yoy": 3.571485318418711,
      "rev_growth_yoy": -0.14850260969693538,
      "rev_growth_yoy_accel": 0.0312289922136951,
      "op_leverage_ratio": 0.021006636764268775,
      "fcf_margin_change": -0.2062408207474908
    },
    {
      "date": "2024-12-31T00:00:00",
      "quarter_label": "2024-12 (Q4)",
      "revenue": 320554000,
      "gross_profit": 77081000,
      "operating_income": -16647000,
      "net_income": -17062000,
      "opex": 337201000,
      "cogs": 243473000,
      "rd": null,
      "sga": null,
      "fcf": 10015000,
      "ocf": 37863000,
      "capex": -27848000,
      "gross_margin": 0.2404618254646643,
      "op_margin": -0.05193196778077953,
      "fcf_margin": 0.031242785926864115,
      "incr_op_margin_yoy": 0.3072514877672471,
      "rev_growth_yoy": -0.07827452153110048,
      "rev_growth_yoy_accel": 0.0702280881658349,
      "fcf_margin_change": 0.047800086657325117
    },
    {
      "date": "2025-03-31T00:00:00",
      "quarter_label": "2025-03 (Q1)",
      "revenue": 359416000,
      "gross_profit": 95560000,
      "operating_income": 9501000,
      "net_income": 9602000,
      "opex": 349915000,
      "cogs": 263856000,
      "rd": null,
      "sga": null,
      "fcf": 13776000,
      "ocf": 54689000,
      "capex": -40913000,
      "gross_margin": 0.2658757540009348,
      "op_margin": 0.026434549380105504,
      "fcf_margin": 0.03832884457008035,
      "incr_op_margin_yoy": 0.4482520946862817,
      "rev_growth_yoy": -0.11439645380110043,
      "rev_growth_yoy_accel": -0.03612193226999995,
      "op_leverage_ratio": 3.2153673219991075,
      "fcf_margin_change": 0.0070860586432162365
    },
    {
      "date": "2025-06-30T00:00:00",
      "quarter_label": "2025-06 (Q2)",
      "revenue": 326151000,
      "gross_profit": 72978000,
      "operating_income": -3167000,
      "net_income": -7155000,
      "opex": 329318000,
      "cogs": 253173000,
      "rd": null,
      "sga": null,
      "fcf": 17083000,
      "ocf": 54214000,
      "capex": -37131000,
      "gross_margin": 0.22375525446802247,
      "op_margin": -0.009710226244898834,
      "fcf_margin": 0.05237757971001162,
      "incr_op_margin_yoy": 0.08532555879494655,
      "rev_growth_yoy": -0.0864655020292924,
      "rev_growth_yoy_accel": 0.02793095177180803,
      "fcf_margin_change": 0.014048735139931268
    },
    {
      "date": "2025-09-30T00:00:00",
      "quarter_label": "2025-09 (Q3)",
      "revenue": 293916000,
      "gross_profit": 57416000,
      "operating_income": -6066000,
      "net_income": -2365000,
      "opex": 299982000,
      "cogs": 236500000,
      "rd": null,
      "sga": null,
      "fcf": -2380000,
      "ocf": 41660000,
      "capex": -44040000,
      "gross_margin": 0.19534833081560718,
      "op_margin": -0.020638549789735842,
      "fcf_margin": -0.00809755168143279,
      "incr_op_margin_yoy": -2.5992651451786353,
      "rev_growth_yoy": -0.18553044326457319,
      "rev_growth_yoy_accel": -0.09906494123528078,
      "fcf_margin_change": -0.060475131391444406
    },
    {
      "date": "2025-12-31T00:00:00",
      "quarter_label": "2025-12 (Q4)",
      "revenue": 289675000,
      "gross_profit": 75029000,
      "operating_income": 6082000,
      "net_income": 742000,
      "opex": 283593000,
      "cogs": 214646000,
      "rd": null,
      "sga": null,
      "fcf": 16812000,
      "ocf": 81044000,
      "capex": -64232000,
      "gross_margin": 0.25901096055924744,
      "op_margin": 0.02099594373004229,
      "fcf_margin": 0.058037455769396736,
      "incr_op_margin_yoy": -0.7360665824670488,
      "rev_growth_yoy": -0.09633010350830125,
      "rev_growth_yoy_accel": 0.08920033975627194,
      "fcf_margin_change": 0.06613500745082952
    }
  ],
  "signals": [
    {
      "quarter": "2025-12 (Q4)",
      "signal": "FCF TURNED POSITIVE",
      "detail": "FCF margin: -0.8% -> +5.8%",
      "severity": "HIGH"
    },
    {
      "quarter": "2025-12 (Q4)",
      "signal": "GROSS MARGIN INFLECTION",
      "detail": "GM: +22.4% -> +19.5% -> +25.9% (reversal +6.4%)",
      "severity": "HIGH"
    },
    {
      "quarter": "2025-12 (Q4)",
      "signal": "YoY REVENUE GROWTH ACCELERATION",
      "detail": "YoY growth: -9.6% vs prior quarter YoY: -18.6% (accel: +8.9%)",
      "severity": "MEDIUM"
    },
    {
      "quarter": "2025-12 (Q4)",
      "signal": "OP MARGIN TURNED POSITIVE (YoY)",
      "detail": "Op margin: -5.2% (year-ago) -> +2.1%",
      "severity": "HIGH"
    },
    {
      "quarter": "2025-12 (Q4)",
      "signal": "OP MARGIN TURNED POSITIVE (QoQ)",
      "detail": "Op margin: -2.1% -> +2.1%",
      "severity": "HIGH"
    },
    {
      "quarter": "2025-09 (Q3)",
      "signal": "YoY REVENUE GROWTH DECELERATION",
      "detail": "YoY growth: -18.6% vs prior quarter YoY: -8.6% (decel: -9.9%)",
      "severity": "WARNING"
    },
    {
      "quarter": "2025-03 (Q1)",
      "signal": "OPERATING LEVERAGE",
      "detail": "Rev growth +12.1% vs OpEx growth +3.8% (leverage: 3.2x)",
      "severity": "MEDIUM"
    },
    {
      "quarter": "2025-03 (Q1)",
      "signal": "GROSS MARGIN INFLECTION",
      "detail": "GM: +25.9% -> +24.0% -> +26.6% (reversal +2.5%)",
      "severity": "MEDIUM"
    },
    {
      "quarter": "2025-03 (Q1)",
      "signal": "INCREMENTAL MARGIN (YoY)",
      "detail": "YoY Incr OPM: +44.8% vs year-ago OPM: +7.5%",
      "severity": "HIGH"
    },
    {
      "quarter": "2025-03 (Q1)",
      "signal": "OP MARGIN TURNED POSITIVE (QoQ)",
      "detail": "Op margin: -5.2% -> +2.6%",
      "severity": "HIGH"
    },
    {
      "quarter": "2024-12 (Q4)",
      "signal": "FCF TURNED POSITIVE",
      "detail": "FCF margin: -1.7% -> +3.1%",
      "severity": "HIGH"
    },
    {
      "quarter": "2024-12 (Q4)",
      "signal": "YoY REVENUE GROWTH ACCELERATION",
      "detail": "YoY growth: -7.8% vs prior quarter YoY: -14.9% (accel: +7.0%)",
      "severity": "MEDIUM"
    },
    {
      "quarter": "2024-06 (Q2)",
      "signal": "FCF MARGIN EXPANSION",
      "detail": "FCF margin: +9.9% -> +19.0% (+9.1%)",
      "severity": "MEDIUM"
    },
    {
      "quarter": "2024-06 (Q2)",
      "signal": "YoY REVENUE GROWTH DECELERATION",
      "detail": "YoY growth: -18.0% vs prior quarter YoY: -4.2% (decel: -13.8%)",
      "severity": "WARNING"
    },
    {
      "quarter": "2024-03 (Q1)",
      "signal": "OPERATING LEVERAGE",
      "detail": "Rev growth +16.7% vs OpEx growth +5.5% (leverage: 3.1x)",
      "severity": "MEDIUM"
    },
    {
      "quarter": "2024-03 (Q1)",
      "signal": "GROSS MARGIN INFLECTION",
      "detail": "GM: +31.0% -> +24.9% -> +28.9% (reversal +3.9%)",
      "severity": "MEDIUM"
    },
    {
      "quarter": "2024-03 (Q1)",
      "signal": "INCREMENTAL MARGIN (YoY)",
      "detail": "YoY Incr OPM: +62.9% vs year-ago OPM: +9.8%",
      "severity": "HIGH"
    },
    {
      "quarter": "2024-03 (Q1)",
      "signal": "OP MARGIN TURNED POSITIVE (QoQ)",
      "detail": "Op margin: -2.4% -> +7.5%",
      "severity": "HIGH"
    },
    {
      "quarter": "2023-12 (Q4)",
      "signal": "YoY REVENUE GROWTH DECELERATION",
      "detail": "YoY growth: -0.3% vs prior quarter YoY: +27.3% (decel: -27.6%)",
      "severity": "WARNING"
    },
    {
      "quarter": "2023-09 (Q3)",
      "signal": "YoY REVENUE GROWTH DECELERATION",
      "detail": "YoY growth: +27.3% vs prior quarter YoY: +38.1% (decel: -10.9%)",
      "severity": "WARNING"
    },
    {
      "quarter": "2023-09 (Q3)",
      "signal": "INCREMENTAL MARGIN (YoY)",
      "detail": "YoY Incr OPM: +34.2% vs year-ago OPM: +4.1%",
      "severity": "HIGH"
    },
    {
      "quarter": "2023-06 (Q2)",
      "signal": "FCF TURNED POSITIVE",
      "detail": "FCF margin: -9.9% -> +1.2%",
      "severity": "HIGH"
    },
    {
      "quarter": "2023-06 (Q2)",
      "signal": "OPERATING LEVERAGE",
      "detail": "Rev growth +2.8% vs OpEx growth +0.2% (leverage: 16.1x)",
      "severity": "MEDIUM"
    },
    {
      "quarter": "2023-06 (Q2)",
      "signal": "YoY REVENUE GROWTH DECELERATION",
      "detail": "YoY growth: +38.1% vs prior quarter YoY: +49.8% (decel: -11.7%)",
      "severity": "WARNING"
    },
    {
      "quarter": "2023-06 (Q2)",
      "signal": "OP MARGIN TURNED POSITIVE (YoY)",
      "detail": "Op margin: -12.8% (year-ago) -> +12.1%",
      "severity": "HIGH"
    },
    {
      "quarter": "2023-03 (Q1)",
      "signal": "YoY REVENUE GROWTH ACCELERATION",
      "detail": "YoY growth: +49.8% vs prior quarter YoY: +41.8% (accel: +8.0%)",
      "severity": "MEDIUM"
    },
    {
      "quarter": "2023-03 (Q1)",
      "signal": "INCREMENTAL MARGIN (YoY)",
      "detail": "YoY Incr OPM: +25.4% vs year-ago OPM: +2.0%",
      "severity": "HIGH"
    },
    {
      "quarter": "2022-12 (Q4)",
      "signal": "FCF TURNED POSITIVE",
      "detail": "FCF margin: -9.3% -> +15.2%",
      "severity": "HIGH"
    },
    {
      "quarter": "2022-12 (Q4)",
      "signal": "YoY REVENUE GROWTH ACCELERATION",
      "detail": "YoY growth: +41.8% vs prior quarter YoY: +33.2% (accel: +8.6%)",
      "severity": "MEDIUM"
    },
    {
      "quarter": "2022-12 (Q4)",
      "signal": "OP MARGIN TURNED POSITIVE (YoY)",
      "detail": "Op margin: -9.1% (year-ago) -> +5.2%",
      "severity": "HIGH"
    },
    {
      "quarter": "2022-09 (Q3)",
      "signal": "YoY REVENUE GROWTH DECELERATION",
      "detail": "YoY growth: +33.2% vs prior quarter YoY: +45.3% (decel: -12.1%)",
      "severity": "WARNING"
    },
    {
      "quarter": "2022-09 (Q3)",
      "signal": "OP MARGIN TURNED POSITIVE (YoY)",
      "detail": "Op margin: -2.4% (year-ago) -> +4.1%",
      "severity": "HIGH"
    },
    {
      "quarter": "2022-09 (Q3)",
      "signal": "OP MARGIN TURNED POSITIVE (QoQ)",
      "detail": "Op margin: -12.8% -> +4.1%",
      "severity": "HIGH"
    },
    {
      "quarter": "2022-06 (Q2)",
      "signal": "FCF MARGIN EXPANSION",
      "detail": "FCF margin: -13.9% -> -0.7% (+13.2%)",
      "severity": "MEDIUM"
    },
    {
      "quarter": "2022-06 (Q2)",
      "signal": "YoY REVENUE GROWTH DECELERATION",
      "detail": "YoY growth: +45.3% vs prior quarter YoY: +75.1% (decel: -29.8%)",
      "severity": "WARNING"
    },
    {
      "quarter": "2022-03 (Q1)",
      "signal": "OPERATING LEVERAGE",
      "detail": "Rev growth +14.9% vs OpEx growth +3.2% (leverage: 4.7x)",
      "severity": "MEDIUM"
    },
    {
      "quarter": "2022-03 (Q1)",
      "signal": "OP MARGIN TURNED POSITIVE (YoY)",
      "detail": "Op margin: -17.7% (year-ago) -> +2.0%",
      "severity": "HIGH"
    },
    {
      "quarter": "2022-03 (Q1)",
      "signal": "OP MARGIN TURNED POSITIVE (QoQ)",
      "detail": "Op margin: -9.1% -> +2.0%",
      "severity": "HIGH"
    },
    {
      "quarter": "2021-06 (Q2)",
      "signal": "FCF TURNED POSITIVE",
      "detail": "FCF margin: -3.4% -> +6.8%",
      "severity": "HIGH"
    },
    {
      "quarter": "2021-06 (Q2)",
      "signal": "OPERATING LEVERAGE",
      "detail": "Rev growth +34.3% vs OpEx growth +20.3% (leverage: 1.7x)",
      "severity": "MEDIUM"
    }
  ],
  "data_quality": {
    "n_quarters": 20,
    "coverage": {
      "revenue": [
        20,
        20
      ],
      "gross_profit": [
        16,
        20
      ],
      "op_income": [
        20,
        20
      ],
      "fcf": [
        20,
        20
      ]
    },
    "gaps": [],
    "warnings": []
  },
  "market_cap": null,
  "source": "SEC EDGAR",
  "last_updated": "2026-02-24T10:22:26.156084"
}