{
  "ticker": "PVH",
  "name": "PVH CORP.",
  "quarters": [
    {
      "date": "2021-01-31T00:00:00",
      "quarter_label": "2021-01 (Q1)",
      "revenue": 2089800000,
      "gross_profit": 1126300000,
      "operating_income": 26300000,
      "net_income": -57700000,
      "opex": 1100000000,
      "cogs": 963500000,
      "rd": null,
      "sga": 1173700000,
      "fcf": 1056800000,
      "ocf": 1124700000,
      "capex": -67900000,
      "gross_margin": 0.538951095798641,
      "op_margin": 0.012584936357546176,
      "fcf_margin": 0.5056943248157718
    },
    {
      "date": "2021-05-02T00:00:00",
      "quarter_label": "2021-05 (Q2)",
      "revenue": 2079300000,
      "gross_profit": 1229100000,
      "operating_income": 197400000,
      "net_income": 99900000,
      "opex": 1031700000,
      "cogs": 850200000,
      "rd": null,
      "sga": 1039400000,
      "fcf": 140000000,
      "ocf": 189100000,
      "capex": -49100000,
      "gross_margin": 0.591112393593998,
      "op_margin": 0.09493579570047612,
      "fcf_margin": 0.06733035156062137,
      "fcf_margin_change": -0.4383639732551504
    },
    {
      "date": "2021-08-01T00:00:00",
      "quarter_label": "2021-08 (Q3)",
      "revenue": 2313200000,
      "gross_profit": 1333600000,
      "operating_income": 279000000,
      "net_income": 181900000,
      "opex": 1054600000,
      "cogs": 979600000,
      "rd": null,
      "sga": 1062000000,
      "fcf": -582400000,
      "ocf": -521300000,
      "capex": -61100000,
      "gross_margin": 0.5765173785232578,
      "op_margin": 0.12061213902818606,
      "fcf_margin": -0.2517724364516687,
      "op_leverage_ratio": 5.067934770624226,
      "fcf_margin_change": -0.3191027880122901
    },
    {
      "date": "2021-10-31T00:00:00",
      "quarter_label": "2021-10 (Q4)",
      "revenue": 2332500000,
      "gross_profit": 1345100000,
      "operating_income": 377200000,
      "net_income": 279700000,
      "opex": 967900000,
      "cogs": 987400000,
      "rd": null,
      "sga": 1097300000,
      "fcf": -311500000,
      "ocf": -251000000,
      "capex": -60500000,
      "gross_margin": 0.5766773847802786,
      "op_margin": 0.16171489817792067,
      "fcf_margin": -0.13354769560557342,
      "fcf_margin_change": 0.11822474084609527
    },
    {
      "date": "2022-01-30T00:00:00",
      "quarter_label": "2022-01 (Q1)",
      "revenue": 2429700000,
      "gross_profit": 1416300000,
      "operating_income": 223300000,
      "net_income": 390800000,
      "opex": 1193000000,
      "cogs": 1013400000,
      "rd": null,
      "sga": 1255200000,
      "fcf": 1557200000,
      "ocf": 1654400000,
      "capex": -97200000,
      "gross_margin": 0.5829114705519199,
      "op_margin": 0.09190435033131662,
      "fcf_margin": 0.6409021689920567,
      "incr_op_margin_yoy": 0.579582230067667,
      "rev_growth_yoy": 0.16264714326729832,
      "op_leverage_ratio": 0.17918415680919236,
      "fcf_margin_change": 0.7744498645976301
    },
    {
      "date": "2022-05-01T00:00:00",
      "quarter_label": "2022-05 (Q2)",
      "revenue": 2122700000,
      "gross_profit": 1238700000,
      "operating_income": 210300000,
      "net_income": 133100000,
      "opex": 1028400000,
      "cogs": 884000000,
      "rd": null,
      "sga": 1039400000,
      "fcf": 251000000,
      "ocf": 303400000,
      "capex": -52400000,
      "gross_margin": 0.5835492533094644,
      "op_margin": 0.09907193668441136,
      "fcf_margin": 0.11824563056484666,
      "incr_op_margin_yoy": 0.29723502304147464,
      "rev_growth_yoy": 0.020872408983792622,
      "rev_growth_yoy_accel": -0.1417747342835057,
      "fcf_margin_change": -0.5226565384272099
    },
    {
      "date": "2022-07-31T00:00:00",
      "quarter_label": "2022-07 (Q3)",
      "revenue": 2132000000,
      "gross_profit": 1219500000,
      "operating_income": 177000000,
      "net_income": 115300000,
      "opex": 1042500000,
      "cogs": 912500000,
      "rd": null,
      "sga": 1070400000,
      "fcf": -522800000,
      "ocf": -466500000,
      "capex": -56300000,
      "gross_margin": 0.5719981238273921,
      "op_margin": 0.08302063789868667,
      "fcf_margin": -0.24521575984990618,
      "incr_op_margin_yoy": 0.5629139072847682,
      "rev_growth_yoy": -0.07833304513228428,
      "rev_growth_yoy_accel": -0.09920545411607691,
      "fcf_margin_change": -0.36346139041475284
    },
    {
      "date": "2022-10-30T00:00:00",
      "quarter_label": "2022-10 (Q4)",
      "revenue": 2280800000,
      "gross_profit": 1274200000,
      "operating_income": -214000000,
      "net_income": -186700000,
      "opex": 1488200000,
      "cogs": 1006600000,
      "rd": null,
      "sga": 1085000000,
      "fcf": -198700000,
      "ocf": -112600000,
      "capex": -86100000,
      "gross_margin": 0.5586636267976148,
      "op_margin": -0.0938267274640477,
      "fcf_margin": -0.08711855489301999,
      "incr_op_margin_yoy": 11.435203094777563,
      "rev_growth_yoy": -0.022165058949624866,
      "rev_growth_yoy_accel": 0.05616798618265942,
      "op_leverage_ratio": 0.16324848531790748,
      "fcf_margin_change": 0.15809720495688617
    },
    {
      "date": "2023-01-29T00:00:00",
      "quarter_label": "2023-01 (Q1)",
      "revenue": 2488700000,
      "gross_profit": 1390500000,
      "operating_income": 297400000,
      "net_income": 138700000,
      "opex": 1093100000,
      "cogs": 1098200000,
      "rd": null,
      "sga": 1182600000,
      "fcf": 219600000,
      "ocf": 314900000,
      "capex": -95300000,
      "gross_margin": 0.5587254389842087,
      "op_margin": 0.11950014063567324,
      "fcf_margin": 0.08823883955478765,
      "incr_op_margin_yoy": 1.2559322033898306,
      "rev_growth_yoy": 0.024282833271597318,
      "rev_growth_yoy_accel": 0.046447892221222184,
      "op_leverage_ratio": Infinity,
      "fcf_margin_change": 0.17535739444780762
    },
    {
      "date": "2023-04-30T00:00:00",
      "quarter_label": "2023-04 (Q2)",
      "revenue": 2157900000,
      "gross_profit": 1250300000,
      "operating_income": 198800000,
      "net_income": 136000000,
      "opex": 1051500000,
      "cogs": 907600000,
      "rd": null,
      "sga": 1064000000,
      "fcf": -133300000,
      "ocf": -75400000,
      "capex": -57900000,
      "gross_margin": 0.5794059038880393,
      "op_margin": 0.09212660456925714,
      "fcf_margin": -0.06177302006580472,
      "incr_op_margin_yoy": -0.32670454545454547,
      "rev_growth_yoy": 0.016582654166862956,
      "rev_growth_yoy_accel": -0.0077001791047343615,
      "fcf_margin_change": -0.15001185962059238
    },
    {
      "date": "2023-07-30T00:00:00",
      "quarter_label": "2023-07 (Q3)",
      "revenue": 2207000000,
      "gross_profit": 1272300000,
      "operating_income": 143300000,
      "net_income": 94200000,
      "opex": 1129000000,
      "cogs": 934700000,
      "rd": null,
      "sga": 1138500000,
      "fcf": 213600000,
      "ocf": 271600000,
      "capex": -58000000,
      "gross_margin": 0.576483914816493,
      "op_margin": 0.064929768917082,
      "fcf_margin": 0.09678296329859538,
      "incr_op_margin_yoy": -0.4493333333333333,
      "rev_growth_yoy": 0.03517823639774859,
      "rev_growth_yoy_accel": 0.018595582230885636,
      "op_leverage_ratio": 0.3087150141490607,
      "fcf_margin_change": 0.1585559833644001
    },
    {
      "date": "2023-10-29T00:00:00",
      "quarter_label": "2023-10 (Q4)",
      "revenue": 2362900000,
      "gross_profit": 1339400000,
      "operating_income": 229800000,
      "net_income": 161600000,
      "opex": 1109600000,
      "cogs": 1023500000,
      "rd": null,
      "sga": 1123800000,
      "fcf": 68100000,
      "ocf": 115500000,
      "capex": -47400000,
      "gross_margin": 0.566845825045495,
      "op_margin": 0.09725337508993186,
      "fcf_margin": 0.02882051716111558,
      "incr_op_margin_yoy": 5.405602923264312,
      "rev_growth_yoy": 0.03599614170466503,
      "rev_growth_yoy_accel": 0.0008179053069164374,
      "op_leverage_ratio": Infinity,
      "fcf_margin_change": -0.0679624461374798
    },
    {
      "date": "2024-02-04T00:00:00",
      "quarter_label": "2024-02 (Q1)",
      "revenue": 2489900000,
      "gross_profit": 1501200000,
      "operating_income": 356900000,
      "net_income": 271800000,
      "opex": 1144300000,
      "cogs": 988700000,
      "rd": null,
      "sga": 1216300000,
      "fcf": 576300000,
      "ocf": 657700000,
      "capex": -81400000,
      "gross_margin": 0.6029157797501907,
      "op_margin": 0.1433390899232901,
      "fcf_margin": 0.23145507851720953,
      "incr_op_margin_yoy": 49.583333333333336,
      "rev_growth_yoy": 0.00048217945111905813,
      "rev_growth_yoy_accel": -0.03551396225354597,
      "op_leverage_ratio": 1.7186813009901014,
      "fcf_margin_change": 0.20263456135609395
    },
    {
      "date": "2024-05-05T00:00:00",
      "quarter_label": "2024-05 (Q2)",
      "revenue": 1951900000,
      "gross_profit": 1198700000,
      "operating_income": 205100000,
      "net_income": 151400000,
      "opex": 993600000,
      "cogs": 753200000,
      "rd": null,
      "sga": 1017300000,
      "fcf": -105500000,
      "ocf": -66700000,
      "capex": -38800000,
      "gross_margin": 0.6141195757979405,
      "op_margin": 0.1050771043598545,
      "fcf_margin": -0.05404990009734105,
      "incr_op_margin_yoy": -0.03058252427184466,
      "rev_growth_yoy": -0.09546318179711757,
      "rev_growth_yoy_accel": -0.09594536124823663,
      "fcf_margin_change": -0.2855049786145506
    },
    {
      "date": "2024-08-04T00:00:00",
      "quarter_label": "2024-08 (Q3)",
      "revenue": 2074300000,
      "gross_profit": 1245900000,
      "operating_income": 173900000,
      "net_income": 158000000,
      "opex": 1072000000,
      "cogs": 828400000,
      "rd": null,
      "sga": 1083300000,
      "fcf": 255800000,
      "ocf": 292400000,
      "capex": -36600000,
      "gross_margin": 0.6006363592537242,
      "op_margin": 0.08383551077471918,
      "fcf_margin": 0.12331870992624018,
      "incr_op_margin_yoy": -0.23059532780708364,
      "rev_growth_yoy": -0.06012686905301314,
      "rev_growth_yoy_accel": 0.03533631274410443,
      "op_leverage_ratio": 0.794729572755379,
      "fcf_margin_change": 0.17736861002358123
    },
    {
      "date": "2024-11-03T00:00:00",
      "quarter_label": "2024-11 (Q4)",
      "revenue": 2255100000,
      "gross_profit": 1316600000,
      "operating_income": 183100000,
      "net_income": 131900000,
      "opex": 1133500000,
      "cogs": 938500000,
      "rd": null,
      "sga": 1154000000,
      "fcf": -11300000,
      "ocf": 28700000,
      "capex": -40000000,
      "gross_margin": 0.5838322025630792,
      "op_margin": 0.08119373863686755,
      "fcf_margin": -0.005010864263225578,
      "incr_op_margin_yoy": 0.4332096474953618,
      "rev_growth_yoy": -0.04562190528587752,
      "rev_growth_yoy_accel": 0.014504963767135622,
      "op_leverage_ratio": 1.5193104618699853,
      "fcf_margin_change": -0.12832957418946575
    },
    {
      "date": "2025-02-02T00:00:00",
      "quarter_label": "2025-02 (Q1)",
      "revenue": 2371600000,
      "gross_profit": 1381300000,
      "operating_income": 210200000,
      "net_income": 157200000,
      "opex": 1171100000,
      "cogs": 990300000,
      "rd": null,
      "sga": 1156700000,
      "fcf": 443200000,
      "ocf": 486500000,
      "capex": -43300000,
      "gross_margin": 0.5824337999662675,
      "op_margin": 0.08863214707370551,
      "fcf_margin": 0.18687805700792715,
      "incr_op_margin_yoy": 1.2400676246830094,
      "rev_growth_yoy": -0.0475119482710149,
      "rev_growth_yoy_accel": -0.0018900429851373829,
      "op_leverage_ratio": 1.557377155516055,
      "fcf_margin_change": 0.19188892127115273
    },
    {
      "date": "2025-05-04T00:00:00",
      "quarter_label": "2025-05 (Q2)",
      "revenue": 1983600000,
      "gross_profit": 1161700000,
      "operating_income": -332200000,
      "net_income": -44800000,
      "opex": 1493900000,
      "cogs": 821900000,
      "rd": null,
      "sga": 1023900000,
      "fcf": -98100000,
      "ocf": -71400000,
      "capex": -26700000,
      "gross_margin": 0.5856523492639645,
      "op_margin": -0.16747328090340793,
      "fcf_margin": -0.04945553539019964,
      "incr_op_margin_yoy": -16.949526813880126,
      "rev_growth_yoy": 0.01624058609559916,
      "rev_growth_yoy_accel": 0.06375253436661406,
      "fcf_margin_change": -0.2363335923981268
    },
    {
      "date": "2025-08-03T00:00:00",
      "quarter_label": "2025-08 (Q3)",
      "revenue": 2167200000,
      "gross_profit": 1250800000,
      "operating_income": 133200000,
      "net_income": 224200000,
      "opex": 1117600000,
      "cogs": 916400000,
      "rd": null,
      "sga": 1128900000,
      "fcf": 181900000,
      "ocf": 213100000,
      "capex": -31200000,
      "gross_margin": 0.5771502399409376,
      "op_margin": 0.061461794019933555,
      "fcf_margin": 0.08393318567737172,
      "incr_op_margin_yoy": -0.4381054897739505,
      "rev_growth_yoy": 0.04478619293255556,
      "rev_growth_yoy_accel": 0.028545606836956405,
      "op_leverage_ratio": Infinity,
      "fcf_margin_change": 0.13338872106757135
    },
    {
      "date": "2025-11-02T00:00:00",
      "quarter_label": "2025-11 (Q4)",
      "revenue": 2294300000,
      "gross_profit": 1292800000,
      "operating_income": 180800000,
      "net_income": 4200000,
      "opex": 1112000000,
      "cogs": 1001500000,
      "rd": null,
      "sga": 1121000000,
      "fcf": -85100000,
      "ocf": -44500000,
      "capex": -40600000,
      "gross_margin": 0.5634834154208255,
      "op_margin": 0.07880399250316,
      "fcf_margin": -0.03709192346249401,
      "incr_op_margin_yoy": -0.058673469387755105,
      "rev_growth_yoy": 0.017382821160924128,
      "rev_growth_yoy_accel": -0.027403371771631435,
      "op_leverage_ratio": Infinity,
      "fcf_margin_change": -0.12102510913986572
    }
  ],
  "signals": [
    {
      "quarter": "2025-08 (Q3)",
      "signal": "FCF TURNED POSITIVE",
      "detail": "FCF margin: -4.9% -> +8.4%",
      "severity": "HIGH"
    },
    {
      "quarter": "2025-08 (Q3)",
      "signal": "OP MARGIN TURNED POSITIVE (QoQ)",
      "detail": "Op margin: -16.7% -> +6.1%",
      "severity": "HIGH"
    },
    {
      "quarter": "2025-05 (Q2)",
      "signal": "YoY REVENUE GROWTH ACCELERATION",
      "detail": "YoY growth: +1.6% vs prior quarter YoY: -4.8% (accel: +6.4%)",
      "severity": "MEDIUM"
    },
    {
      "quarter": "2025-02 (Q1)",
      "signal": "FCF TURNED POSITIVE",
      "detail": "FCF margin: -0.5% -> +18.7%",
      "severity": "HIGH"
    },
    {
      "quarter": "2025-02 (Q1)",
      "signal": "OPERATING LEVERAGE",
      "detail": "Rev growth +5.2% vs OpEx growth +3.3% (leverage: 1.6x)",
      "severity": "MEDIUM"
    },
    {
      "quarter": "2025-02 (Q1)",
      "signal": "INCREMENTAL MARGIN (YoY)",
      "detail": "YoY Incr OPM: +124.0% vs year-ago OPM: +14.3%",
      "severity": "HIGH"
    },
    {
      "quarter": "2024-11 (Q4)",
      "signal": "OPERATING LEVERAGE",
      "detail": "Rev growth +8.7% vs OpEx growth +5.7% (leverage: 1.5x)",
      "severity": "MEDIUM"
    },
    {
      "quarter": "2024-11 (Q4)",
      "signal": "INCREMENTAL MARGIN (YoY)",
      "detail": "YoY Incr OPM: +43.3% vs year-ago OPM: +9.7%",
      "severity": "HIGH"
    },
    {
      "quarter": "2024-08 (Q3)",
      "signal": "FCF TURNED POSITIVE",
      "detail": "FCF margin: -5.4% -> +12.3%",
      "severity": "HIGH"
    },
    {
      "quarter": "2024-05 (Q2)",
      "signal": "YoY REVENUE GROWTH DECELERATION",
      "detail": "YoY growth: -9.5% vs prior quarter YoY: +0.0% (decel: -9.6%)",
      "severity": "WARNING"
    },
    {
      "quarter": "2024-02 (Q1)",
      "signal": "FCF MARGIN EXPANSION",
      "detail": "FCF margin: +2.9% -> +23.1% (+20.3%)",
      "severity": "MEDIUM"
    },
    {
      "quarter": "2024-02 (Q1)",
      "signal": "OPERATING LEVERAGE",
      "detail": "Rev growth +5.4% vs OpEx growth +3.1% (leverage: 1.7x)",
      "severity": "MEDIUM"
    },
    {
      "quarter": "2024-02 (Q1)",
      "signal": "GROSS MARGIN INFLECTION",
      "detail": "GM: +57.6% -> +56.7% -> +60.3% (reversal +3.6%)",
      "severity": "MEDIUM"
    },
    {
      "quarter": "2024-02 (Q1)",
      "signal": "INCREMENTAL MARGIN (YoY)",
      "detail": "YoY Incr OPM: +4958.3% vs year-ago OPM: +12.0%",
      "severity": "HIGH"
    },
    {
      "quarter": "2023-10 (Q4)",
      "signal": "OP MARGIN TURNED POSITIVE (YoY)",
      "detail": "Op margin: -9.4% (year-ago) -> +9.7%",
      "severity": "HIGH"
    },
    {
      "quarter": "2023-07 (Q3)",
      "signal": "FCF TURNED POSITIVE",
      "detail": "FCF margin: -6.2% -> +9.7%",
      "severity": "HIGH"
    },
    {
      "quarter": "2023-01 (Q1)",
      "signal": "FCF TURNED POSITIVE",
      "detail": "FCF margin: -8.7% -> +8.8%",
      "severity": "HIGH"
    },
    {
      "quarter": "2023-01 (Q1)",
      "signal": "INCREMENTAL MARGIN (YoY)",
      "detail": "YoY Incr OPM: +125.6% vs year-ago OPM: +9.2%",
      "severity": "HIGH"
    },
    {
      "quarter": "2023-01 (Q1)",
      "signal": "OP MARGIN TURNED POSITIVE (QoQ)",
      "detail": "Op margin: -9.4% -> +12.0%",
      "severity": "HIGH"
    },
    {
      "quarter": "2022-10 (Q4)",
      "signal": "FCF MARGIN EXPANSION",
      "detail": "FCF margin: -24.5% -> -8.7% (+15.8%)",
      "severity": "MEDIUM"
    },
    {
      "quarter": "2022-10 (Q4)",
      "signal": "YoY REVENUE GROWTH ACCELERATION",
      "detail": "YoY growth: -2.2% vs prior quarter YoY: -7.8% (accel: +5.6%)",
      "severity": "MEDIUM"
    },
    {
      "quarter": "2022-07 (Q3)",
      "signal": "YoY REVENUE GROWTH DECELERATION",
      "detail": "YoY growth: -7.8% vs prior quarter YoY: +2.1% (decel: -9.9%)",
      "severity": "WARNING"
    },
    {
      "quarter": "2022-07 (Q3)",
      "signal": "INCREMENTAL MARGIN (YoY)",
      "detail": "YoY Incr OPM: +56.3% vs year-ago OPM: +12.1%",
      "severity": "HIGH"
    },
    {
      "quarter": "2022-05 (Q2)",
      "signal": "YoY REVENUE GROWTH DECELERATION",
      "detail": "YoY growth: +2.1% vs prior quarter YoY: +16.3% (decel: -14.2%)",
      "severity": "WARNING"
    },
    {
      "quarter": "2022-05 (Q2)",
      "signal": "INCREMENTAL MARGIN (YoY)",
      "detail": "YoY Incr OPM: +29.7% vs year-ago OPM: +9.5%",
      "severity": "HIGH"
    },
    {
      "quarter": "2022-01 (Q1)",
      "signal": "FCF TURNED POSITIVE",
      "detail": "FCF margin: -13.4% -> +64.1%",
      "severity": "HIGH"
    },
    {
      "quarter": "2022-01 (Q1)",
      "signal": "INCREMENTAL MARGIN (YoY)",
      "detail": "YoY Incr OPM: +58.0% vs year-ago OPM: +1.3%",
      "severity": "HIGH"
    },
    {
      "quarter": "2021-10 (Q4)",
      "signal": "FCF MARGIN EXPANSION",
      "detail": "FCF margin: -25.2% -> -13.4% (+11.8%)",
      "severity": "MEDIUM"
    },
    {
      "quarter": "2021-08 (Q3)",
      "signal": "OPERATING LEVERAGE",
      "detail": "Rev growth +11.2% vs OpEx growth +2.2% (leverage: 5.1x)",
      "severity": "MEDIUM"
    }
  ],
  "data_quality": {
    "n_quarters": 20,
    "coverage": {
      "revenue": [
        20,
        20
      ],
      "gross_profit": [
        20,
        20
      ],
      "op_income": [
        20,
        20
      ],
      "fcf": [
        20,
        20
      ]
    },
    "gaps": [],
    "warnings": []
  },
  "market_cap": null,
  "source": "SEC EDGAR",
  "last_updated": "2026-02-02T21:22:31.510799"
}