{
  "ticker": "PWR",
  "name": "Quanta Services, Inc.",
  "sector": "Industrials",
  "industry": "Engineering & Construction",
  "quarters": [
    {
      "date": "2021-03-31T00:00:00",
      "quarter_label": "2021-03 (Q1)",
      "revenue": 2703581000,
      "gross_profit": 372890000,
      "operating_income": 113729000,
      "net_income": 89761000,
      "opex": 259161000,
      "cogs": 2330691000,
      "rd": null,
      "sga": 243352000,
      "fcf": 42127000,
      "ocf": 125613000,
      "capex": -83486000,
      "gross_margin": 0.13792447868216265,
      "op_margin": 0.04206605979254922,
      "fcf_margin": 0.015581926341396836
    },
    {
      "date": "2021-06-30T00:00:00",
      "quarter_label": "2021-06 (Q2)",
      "revenue": 2999816000,
      "gross_profit": 447711000,
      "operating_income": 161651000,
      "net_income": 117033000,
      "opex": 286060000,
      "cogs": 2552105000,
      "rd": null,
      "sga": 270110000,
      "fcf": 114050000,
      "ocf": 188948000,
      "capex": -74898000,
      "gross_margin": 0.14924615376409753,
      "op_margin": 0.05388697173426637,
      "fcf_margin": 0.03801899849857458,
      "op_leverage_ratio": 1.0556756280815138,
      "fcf_margin_change": 0.022437072157177745
    },
    {
      "date": "2021-09-30T00:00:00",
      "quarter_label": "2021-09 (Q3)",
      "revenue": 3353278000,
      "gross_profit": 534676000,
      "operating_income": 248077000,
      "net_income": 174365000,
      "opex": 286599000,
      "cogs": 2818602000,
      "rd": null,
      "sga": 274846000,
      "fcf": -56736000,
      "ocf": 17876000,
      "capex": -74612000,
      "gross_margin": 0.1594487543233815,
      "op_margin": 0.07398044540297584,
      "fcf_margin": -0.01691956348385073,
      "op_leverage_ratio": 62.534039329551355,
      "fcf_margin_change": -0.05493856198242531
    },
    {
      "date": "2021-12-31T00:00:00",
      "quarter_label": "2021-12 (Q4)",
      "revenue": 3923538000,
      "gross_profit": 597982000,
      "operating_income": 140064000,
      "net_income": 104797000,
      "opex": 457918000,
      "cogs": 3325556000,
      "rd": null,
      "sga": 367648000,
      "fcf": 97097000,
      "ocf": 249953000,
      "capex": -152856000,
      "gross_margin": 0.15240887178867643,
      "op_margin": 0.03569839262420805,
      "fcf_margin": 0.024747307149822432,
      "op_leverage_ratio": 0.28449359291701753,
      "fcf_margin_change": 0.041666870633673164
    },
    {
      "date": "2022-03-31T00:00:00",
      "quarter_label": "2022-03 (Q1)",
      "revenue": 3965525000,
      "gross_profit": 548171000,
      "operating_income": 117516000,
      "net_income": 84641000,
      "opex": 430655000,
      "cogs": 3417354000,
      "rd": null,
      "sga": 324887000,
      "fcf": -24847000,
      "ocf": 85090000,
      "capex": -109937000,
      "gross_margin": 0.13823415562882593,
      "op_margin": 0.0296344115848469,
      "fcf_margin": -0.0062657529583094295,
      "incr_op_margin_yoy": 0.0030009255561261037,
      "rev_growth_yoy": 0.46676759453480404,
      "op_leverage_ratio": null,
      "fcf_margin_change": -0.03101306010813186
    },
    {
      "date": "2022-06-30T00:00:00",
      "quarter_label": "2022-06 (Q2)",
      "revenue": 4232003000,
      "gross_profit": 624590000,
      "operating_income": 208356000,
      "net_income": 88020000,
      "opex": 416234000,
      "cogs": 3607413000,
      "rd": null,
      "sga": 323245000,
      "fcf": -2843000,
      "ocf": 118731000,
      "capex": -121574000,
      "gross_margin": 0.1475873244891367,
      "op_margin": 0.04923342445645714,
      "fcf_margin": -0.0006717859131952412,
      "incr_op_margin_yoy": 0.03790414928902837,
      "rev_growth_yoy": 0.41075419292383264,
      "rev_growth_yoy_accel": -0.0560134016109714,
      "op_leverage_ratio": null,
      "fcf_margin_change": 0.0055939670451141885
    },
    {
      "date": "2022-09-30T00:00:00",
      "quarter_label": "2022-09 (Q3)",
      "revenue": 4459757000,
      "gross_profit": 688830000,
      "operating_income": 286791000,
      "net_income": 155956000,
      "opex": 402039000,
      "cogs": 3770927000,
      "rd": null,
      "sga": 347449000,
      "fcf": 237404000,
      "ocf": 343362000,
      "capex": -105958000,
      "gross_margin": 0.15445460369253303,
      "op_margin": 0.06430641848872035,
      "fcf_margin": 0.05323249674814121,
      "incr_op_margin_yoy": 0.03498846340508948,
      "rev_growth_yoy": 0.3299693613234572,
      "rev_growth_yoy_accel": -0.08078483160037542,
      "op_leverage_ratio": null,
      "fcf_margin_change": 0.053904282661336456
    },
    {
      "date": "2022-12-31T00:00:00",
      "quarter_label": "2022-12 (Q4)",
      "revenue": 4416618000,
      "gross_profit": 667564000,
      "operating_income": 259395000,
      "net_income": 162572000,
      "opex": 408169000,
      "cogs": 3749054000,
      "rd": null,
      "sga": 341130000,
      "fcf": 492968000,
      "ocf": 583129000,
      "capex": -90161000,
      "gross_margin": 0.15114823152013598,
      "op_margin": 0.058731590551865706,
      "fcf_margin": 0.11161662611527644,
      "incr_op_margin_yoy": 0.2420114383061572,
      "rev_growth_yoy": 0.1256722886333712,
      "rev_growth_yoy_accel": -0.204297072690086,
      "fcf_margin_change": 0.058384129367135225
    },
    {
      "date": "2023-03-31T00:00:00",
      "quarter_label": "2023-03 (Q1)",
      "revenue": 4428826000,
      "gross_profit": 573195000,
      "operating_income": 125860000,
      "net_income": 95046000,
      "opex": 447335000,
      "cogs": 3855631000,
      "rd": null,
      "sga": 384552000,
      "fcf": -41910000,
      "ocf": 38409000,
      "capex": -80319000,
      "gross_margin": 0.1294236892576046,
      "op_margin": 0.028418366402292616,
      "fcf_margin": -0.009463004416971902,
      "incr_op_margin_yoy": 0.018009889898791497,
      "rev_growth_yoy": 0.11683219750222228,
      "rev_growth_yoy_accel": -0.008840091131148933,
      "fcf_margin_change": -0.12107963053224834
    },
    {
      "date": "2023-06-30T00:00:00",
      "quarter_label": "2023-06 (Q2)",
      "revenue": 5048610000,
      "gross_profit": 724099000,
      "operating_income": 279273000,
      "net_income": 165899000,
      "opex": 444826000,
      "cogs": 4324511000,
      "rd": null,
      "sga": 384171000,
      "fcf": 22135000,
      "ocf": 127413000,
      "capex": -105278000,
      "gross_margin": 0.14342541808537398,
      "op_margin": 0.055316809973438234,
      "fcf_margin": 0.004384375105226984,
      "incr_op_margin_yoy": 0.08684348774869674,
      "rev_growth_yoy": 0.19295992937623155,
      "rev_growth_yoy_accel": 0.07612773187400927,
      "op_leverage_ratio": null,
      "fcf_margin_change": 0.013847379522198885
    },
    {
      "date": "2023-09-30T00:00:00",
      "quarter_label": "2023-09 (Q3)",
      "revenue": 5620822000,
      "gross_profit": 847324000,
      "operating_income": 400329000,
      "net_income": 272836000,
      "opex": 446995000,
      "cogs": 4773498000,
      "rd": null,
      "sga": 386538000,
      "fcf": 266792000,
      "ocf": 406592000,
      "capex": -139800000,
      "gross_margin": 0.15074734620665803,
      "op_margin": 0.07122250090823015,
      "fcf_margin": 0.047464943739545566,
      "incr_op_margin_yoy": 0.09778780688419683,
      "rev_growth_yoy": 0.26034265992519323,
      "rev_growth_yoy_accel": 0.06738273054896168,
      "op_leverage_ratio": 23.244261348523278,
      "fcf_margin_change": 0.04308056863431858
    },
    {
      "date": "2023-12-31T00:00:00",
      "quarter_label": "2023-12 (Q4)",
      "revenue": 5783948000,
      "gross_profit": 792468000,
      "operating_income": 322514000,
      "net_income": 210908000,
      "opex": 469954000,
      "cogs": 4991480000,
      "rd": null,
      "sga": 399876000,
      "fcf": 894132000,
      "ocf": 1003538000,
      "capex": -109406000,
      "gross_margin": 0.13701160522190034,
      "op_margin": 0.05576018318283636,
      "fcf_margin": 0.15458852672949341,
      "incr_op_margin_yoy": 0.046162228576861475,
      "rev_growth_yoy": 0.3095875622478557,
      "rev_growth_yoy_accel": 0.04924490232266249,
      "op_leverage_ratio": 0.5650320098502264,
      "fcf_margin_change": 0.10712358298994784
    },
    {
      "date": "2024-03-31T00:00:00",
      "quarter_label": "2024-03 (Q1)",
      "revenue": 5031819000,
      "gross_profit": 623494000,
      "operating_income": 155354000,
      "net_income": 118360000,
      "opex": 468140000,
      "cogs": 4408325000,
      "rd": null,
      "sga": 402340000,
      "fcf": 154816000,
      "ocf": 237955000,
      "capex": -83139000,
      "gross_margin": 0.12391025988812396,
      "op_margin": 0.030874321989721808,
      "fcf_margin": 0.03076740240457775,
      "incr_op_margin_yoy": 0.04891267394480533,
      "rev_growth_yoy": 0.1361518831401369,
      "rev_growth_yoy_accel": -0.17343567910771882,
      "fcf_margin_change": -0.12382112432491567
    },
    {
      "date": "2024-06-30T00:00:00",
      "quarter_label": "2024-06 (Q2)",
      "revenue": 5594387000,
      "gross_profit": 811331000,
      "operating_income": 307230000,
      "net_income": 188159000,
      "opex": 504101000,
      "cogs": 4783056000,
      "rd": null,
      "sga": 432356000,
      "fcf": 229856000,
      "ocf": 391312000,
      "capex": -161456000,
      "gross_margin": 0.1450258982798294,
      "op_margin": 0.054917545032190304,
      "fcf_margin": 0.04108689656257245,
      "incr_op_margin_yoy": 0.051224217949821994,
      "rev_growth_yoy": 0.10810440893632109,
      "rev_growth_yoy_accel": -0.028047474203815814,
      "op_leverage_ratio": 1.4554389897841633,
      "fcf_margin_change": 0.010319494157994703
    },
    {
      "date": "2024-09-30T00:00:00",
      "quarter_label": "2024-09 (Q3)",
      "revenue": 6493167000,
      "gross_profit": 1012570000,
      "operating_income": 431161000,
      "net_income": 293185000,
      "opex": 581409000,
      "cogs": 5480597000,
      "rd": null,
      "sga": 483878000,
      "fcf": 527416000,
      "ocf": 739914000,
      "capex": -212498000,
      "gross_margin": 0.15594393306070828,
      "op_margin": 0.06640226564325236,
      "fcf_margin": 0.08122631067397465,
      "incr_op_margin_yoy": 0.0353438146604841,
      "rev_growth_yoy": 0.15519883034901302,
      "rev_growth_yoy_accel": 0.047094421412691934,
      "op_leverage_ratio": 1.0475964419195047,
      "fcf_margin_change": 0.0401394141114022
    },
    {
      "date": "2024-12-31T00:00:00",
      "quarter_label": "2024-12 (Q4)",
      "revenue": 6553422000,
      "gross_profit": 1063366000,
      "operating_income": 452723000,
      "net_income": 305120000,
      "opex": 610643000,
      "cogs": 5490056000,
      "rd": null,
      "sga": 506180000,
      "fcf": 565030000,
      "ocf": 712015000,
      "capex": -146985000,
      "gross_margin": 0.16226118202062983,
      "op_margin": 0.06908192391700092,
      "fcf_margin": 0.08621907760556241,
      "incr_op_margin_yoy": 0.16921819320730785,
      "rev_growth_yoy": 0.13303611996511724,
      "rev_growth_yoy_accel": -0.02216271038389578,
      "fcf_margin_change": 0.004992766931587761
    },
    {
      "date": "2025-03-31T00:00:00",
      "quarter_label": "2025-03 (Q1)",
      "revenue": 6233334000,
      "gross_profit": 834037000,
      "operating_income": 239081000,
      "net_income": 144258000,
      "opex": 594956000,
      "cogs": 5399297000,
      "rd": null,
      "sga": 493966000,
      "fcf": 110436000,
      "ocf": 243198000,
      "capex": -132762000,
      "gross_margin": 0.1338027129622767,
      "op_margin": 0.038355236539546894,
      "fcf_margin": 0.017717003452726903,
      "incr_op_margin_yoy": 0.0696845232893472,
      "rev_growth_yoy": 0.23878343000811436,
      "rev_growth_yoy_accel": 0.10574731004299712,
      "fcf_margin_change": -0.0685020741528355
    },
    {
      "date": "2025-06-30T00:00:00",
      "quarter_label": "2025-06 (Q2)",
      "revenue": 6773007000,
      "gross_profit": 1007574000,
      "operating_income": 370282000,
      "net_income": 229250000,
      "opex": 637292000,
      "cogs": 5765433000,
      "rd": null,
      "sga": 528355000,
      "fcf": 155362000,
      "ocf": 295711000,
      "capex": -140349000,
      "gross_margin": 0.14876317121774715,
      "op_margin": 0.05467025207562904,
      "fcf_margin": 0.02293840830225039,
      "incr_op_margin_yoy": 0.053496461963991784,
      "rev_growth_yoy": 0.21067902524441015,
      "rev_growth_yoy_accel": -0.02810440476370421,
      "op_leverage_ratio": 1.216705072361202,
      "fcf_margin_change": 0.005221404849523485
    },
    {
      "date": "2025-09-30T00:00:00",
      "quarter_label": "2025-09 (Q3)",
      "revenue": 7631408000,
      "gross_profit": 1216434000,
      "operating_income": 517217000,
      "net_income": 339420000,
      "opex": 699217000,
      "cogs": 6414974000,
      "rd": null,
      "sga": 572950000,
      "fcf": 421047000,
      "ocf": 563496000,
      "capex": -142449000,
      "gross_margin": 0.15939837052349973,
      "op_margin": 0.06777478022404254,
      "fcf_margin": 0.05517291173529184,
      "incr_op_margin_yoy": 0.07560437552328549,
      "rev_growth_yoy": 0.17529827894461977,
      "rev_growth_yoy_accel": -0.03538074629979038,
      "op_leverage_ratio": 1.3043109549376395,
      "fcf_margin_change": 0.03223450343304145
    },
    {
      "date": "2025-12-31T00:00:00",
      "quarter_label": "2025-12 (Q4)",
      "revenue": 7841948000,
      "gross_profit": 1217036000,
      "operating_income": 484929000,
      "net_income": 315450000,
      "opex": 732107000,
      "cogs": 6624912000,
      "rd": null,
      "sga": 593938000,
      "fcf": 933971000,
      "ocf": 1127565000,
      "capex": -193594000,
      "gross_margin": 0.1551956223122112,
      "op_margin": 0.06183782396924846,
      "fcf_margin": 0.11909936153618973,
      "incr_op_margin_yoy": 0.024994451023883105,
      "rev_growth_yoy": 0.19661880464892997,
      "rev_growth_yoy_accel": 0.0213205257043102,
      "op_leverage_ratio": 0.5865135512814751,
      "fcf_margin_change": 0.0639264498008979
    }
  ],
  "signals": [
    {
      "quarter": "2025-12 (Q4)",
      "signal": "FCF MARGIN EXPANSION",
      "detail": "FCF margin: +5.5% -> +11.9% (+6.4%)",
      "severity": "MEDIUM"
    },
    {
      "quarter": "2025-03 (Q1)",
      "signal": "YoY REVENUE GROWTH ACCELERATION",
      "detail": "YoY growth: +23.9% vs prior quarter YoY: +13.3% (accel: +10.6%)",
      "severity": "MEDIUM"
    },
    {
      "quarter": "2024-12 (Q4)",
      "signal": "INCREMENTAL MARGIN (YoY)",
      "detail": "YoY Incr OPM: +16.9% vs year-ago OPM: +5.6%",
      "severity": "MEDIUM"
    },
    {
      "quarter": "2024-06 (Q2)",
      "signal": "GROSS MARGIN INFLECTION",
      "detail": "GM: +13.7% -> +12.4% -> +14.5% (reversal +2.1%)",
      "severity": "MEDIUM"
    },
    {
      "quarter": "2024-03 (Q1)",
      "signal": "YoY REVENUE GROWTH DECELERATION",
      "detail": "YoY growth: +13.6% vs prior quarter YoY: +31.0% (decel: -17.3%)",
      "severity": "WARNING"
    },
    {
      "quarter": "2023-12 (Q4)",
      "signal": "FCF MARGIN EXPANSION",
      "detail": "FCF margin: +4.7% -> +15.5% (+10.7%)",
      "severity": "MEDIUM"
    },
    {
      "quarter": "2023-09 (Q3)",
      "signal": "OPERATING LEVERAGE",
      "detail": "Rev growth +11.3% vs OpEx growth +0.5% (leverage: 23.2x)",
      "severity": "MEDIUM"
    },
    {
      "quarter": "2023-09 (Q3)",
      "signal": "YoY REVENUE GROWTH ACCELERATION",
      "detail": "YoY growth: +26.0% vs prior quarter YoY: +19.3% (accel: +6.7%)",
      "severity": "MEDIUM"
    },
    {
      "quarter": "2023-06 (Q2)",
      "signal": "FCF TURNED POSITIVE",
      "detail": "FCF margin: -0.9% -> +0.4%",
      "severity": "HIGH"
    },
    {
      "quarter": "2023-06 (Q2)",
      "signal": "YoY REVENUE GROWTH ACCELERATION",
      "detail": "YoY growth: +19.3% vs prior quarter YoY: +11.7% (accel: +7.6%)",
      "severity": "MEDIUM"
    },
    {
      "quarter": "2022-12 (Q4)",
      "signal": "FCF MARGIN EXPANSION",
      "detail": "FCF margin: +5.3% -> +11.2% (+5.8%)",
      "severity": "MEDIUM"
    },
    {
      "quarter": "2022-12 (Q4)",
      "signal": "YoY REVENUE GROWTH DECELERATION",
      "detail": "YoY growth: +12.6% vs prior quarter YoY: +33.0% (decel: -20.4%)",
      "severity": "WARNING"
    },
    {
      "quarter": "2022-12 (Q4)",
      "signal": "INCREMENTAL MARGIN (YoY)",
      "detail": "YoY Incr OPM: +24.2% vs year-ago OPM: +3.6%",
      "severity": "HIGH"
    },
    {
      "quarter": "2022-09 (Q3)",
      "signal": "FCF TURNED POSITIVE",
      "detail": "FCF margin: -0.1% -> +5.3%",
      "severity": "HIGH"
    },
    {
      "quarter": "2022-09 (Q3)",
      "signal": "YoY REVENUE GROWTH DECELERATION",
      "detail": "YoY growth: +33.0% vs prior quarter YoY: +41.1% (decel: -8.1%)",
      "severity": "WARNING"
    },
    {
      "quarter": "2022-06 (Q2)",
      "signal": "YoY REVENUE GROWTH DECELERATION",
      "detail": "YoY growth: +41.1% vs prior quarter YoY: +46.7% (decel: -5.6%)",
      "severity": "WARNING"
    },
    {
      "quarter": "2021-12 (Q4)",
      "signal": "FCF TURNED POSITIVE",
      "detail": "FCF margin: -1.7% -> +2.5%",
      "severity": "HIGH"
    },
    {
      "quarter": "2021-09 (Q3)",
      "signal": "OPERATING LEVERAGE",
      "detail": "Rev growth +11.8% vs OpEx growth +0.2% (leverage: 62.5x)",
      "severity": "MEDIUM"
    }
  ],
  "data_quality": {
    "n_quarters": 20,
    "coverage": {
      "revenue": [
        20,
        20
      ],
      "gross_profit": [
        20,
        20
      ],
      "op_income": [
        20,
        20
      ],
      "fcf": [
        20,
        20
      ]
    },
    "gaps": [],
    "warnings": []
  },
  "market_cap": null,
  "source": "SEC EDGAR",
  "last_updated": "2026-02-24T10:21:27.132560"
}