{
  "ticker": "PXLW",
  "name": "PIXELWORKS, INC",
  "quarters": [
    {
      "date": "2020-12-31T00:00:00",
      "quarter_label": "2020-12 (Q4)",
      "revenue": 9638000,
      "gross_profit": 4385000,
      "operating_income": -6901000,
      "net_income": -6439000,
      "opex": 11286000,
      "cogs": 5253000,
      "rd": 6397000,
      "sga": 4870000,
      "fcf": -741000,
      "ocf": -480000,
      "capex": -261000,
      "gross_margin": 0.45496991076986926,
      "op_margin": -0.7160199211454659,
      "fcf_margin": -0.07688317078231999
    },
    {
      "date": "2021-03-31T00:00:00",
      "quarter_label": "2021-03 (Q1)",
      "revenue": 9270000,
      "gross_profit": 3725000,
      "operating_income": -7914000,
      "net_income": -8075000,
      "opex": 11639000,
      "cogs": 5545000,
      "rd": 6785000,
      "sga": 4854000,
      "fcf": -6894000,
      "ocf": -6651000,
      "capex": -243000,
      "gross_margin": 0.40183387270765913,
      "op_margin": -0.8537216828478964,
      "fcf_margin": -0.7436893203883496,
      "fcf_margin_change": -0.6668061496060296
    },
    {
      "date": "2021-06-30T00:00:00",
      "quarter_label": "2021-06 (Q2)",
      "revenue": 14051000,
      "gross_profit": 7111000,
      "operating_income": -4456000,
      "net_income": -4382000,
      "opex": 11567000,
      "cogs": 6940000,
      "rd": 6671000,
      "sga": 4896000,
      "fcf": -1546000,
      "ocf": -1396000,
      "capex": -150000,
      "gross_margin": 0.5060849761582805,
      "op_margin": -0.31713045334851614,
      "fcf_margin": -0.11002775603159917,
      "op_leverage_ratio": Infinity,
      "fcf_margin_change": 0.6336615643567504
    },
    {
      "date": "2021-09-30T00:00:00",
      "quarter_label": "2021-09 (Q3)",
      "revenue": 15196000,
      "gross_profit": 7985000,
      "operating_income": -3904000,
      "net_income": -4073000,
      "opex": 11889000,
      "cogs": 7211000,
      "rd": 6792000,
      "sga": 5097000,
      "fcf": 3157000,
      "ocf": 5057000,
      "capex": -1900000,
      "gross_margin": 0.5254672282179521,
      "op_margin": -0.2569097130823901,
      "fcf_margin": 0.20775204001052908,
      "op_leverage_ratio": 2.927272257097149,
      "fcf_margin_change": 0.31777979604212825
    },
    {
      "date": "2021-12-31T00:00:00",
      "quarter_label": "2021-12 (Q4)",
      "revenue": 16586000,
      "gross_profit": 8873000,
      "operating_income": -3727000,
      "net_income": -3291000,
      "opex": 12600000,
      "cogs": 7713000,
      "rd": 7002000,
      "sga": 5598000,
      "fcf": -7349000,
      "ocf": -6167000,
      "capex": -1182000,
      "gross_margin": 0.5349692511756904,
      "op_margin": -0.22470758470999638,
      "fcf_margin": -0.44308452912094537,
      "incr_op_margin_yoy": 0.45682210708117443,
      "rev_growth_yoy": 0.7208964515459639,
      "op_leverage_ratio": 1.5295414182946212,
      "fcf_margin_change": -0.6508365691314745
    },
    {
      "date": "2022-03-31T00:00:00",
      "quarter_label": "2022-03 (Q1)",
      "revenue": 16628000,
      "gross_profit": 8763000,
      "operating_income": -3881000,
      "net_income": -4592000,
      "opex": 12644000,
      "cogs": 7865000,
      "rd": 7160000,
      "sga": 5484000,
      "fcf": -5758000,
      "ocf": -5218000,
      "capex": -540000,
      "gross_margin": 0.5270026461390426,
      "op_margin": -0.23340149146018763,
      "fcf_margin": -0.3462833774356507,
      "incr_op_margin_yoy": 0.5481108997010057,
      "rev_growth_yoy": 0.7937432578209277,
      "rev_growth_yoy_accel": 0.07284680627496376,
      "fcf_margin_change": 0.09680115168529468
    },
    {
      "date": "2022-06-30T00:00:00",
      "quarter_label": "2022-06 (Q2)",
      "revenue": 19078000,
      "gross_profit": 9348000,
      "operating_income": -5197000,
      "net_income": -5008000,
      "opex": 14545000,
      "cogs": 9730000,
      "rd": 8521000,
      "sga": 6024000,
      "fcf": -4896000,
      "ocf": -4597000,
      "capex": -299000,
      "gross_margin": 0.4899884683929133,
      "op_margin": -0.2724080092252857,
      "fcf_margin": -0.25663067407485063,
      "incr_op_margin_yoy": -0.14740401830117367,
      "rev_growth_yoy": 0.3577681303821792,
      "rev_growth_yoy_accel": -0.4359751274387485,
      "op_leverage_ratio": 0.9800053325187343,
      "fcf_margin_change": 0.08965270336080006
    },
    {
      "date": "2022-09-30T00:00:00",
      "quarter_label": "2022-09 (Q3)",
      "revenue": 17552000,
      "gross_profit": 8796000,
      "operating_income": -4731000,
      "net_income": -4496000,
      "opex": 13527000,
      "cogs": 8756000,
      "rd": 8445000,
      "sga": 5082000,
      "fcf": -2136000,
      "ocf": -1688000,
      "capex": -448000,
      "gross_margin": 0.5011394712853237,
      "op_margin": -0.2695419325432999,
      "fcf_margin": -0.12169553327256154,
      "incr_op_margin_yoy": -0.351018675721562,
      "rev_growth_yoy": 0.15504080021058173,
      "rev_growth_yoy_accel": -0.20272733017159747,
      "fcf_margin_change": 0.13493514080228908
    },
    {
      "date": "2022-12-31T00:00:00",
      "quarter_label": "2022-12 (Q4)",
      "revenue": 16888000,
      "gross_profit": 8974000,
      "operating_income": -3008000,
      "net_income": -1934000,
      "opex": 11982000,
      "cogs": 7914000,
      "rd": 6395000,
      "sga": 5587000,
      "fcf": -1636000,
      "ocf": -1331000,
      "capex": -305000,
      "gross_margin": 0.5313832306963524,
      "op_margin": -0.17811463761250593,
      "fcf_margin": -0.09687351965892942,
      "rev_growth_yoy": 0.01820812733630773,
      "rev_growth_yoy_accel": -0.136832672874274,
      "fcf_margin_change": 0.02482201361363212
    },
    {
      "date": "2023-03-31T00:00:00",
      "quarter_label": "2023-03 (Q1)",
      "revenue": 9966000,
      "gross_profit": 4367000,
      "operating_income": -10371000,
      "net_income": -9396000,
      "opex": 14738000,
      "cogs": 5599000,
      "rd": 8666000,
      "sga": 6072000,
      "fcf": -8510000,
      "ocf": -6505000,
      "capex": -2005000,
      "gross_margin": 0.4381898454746137,
      "op_margin": -1.0406381697772427,
      "fcf_margin": -0.8539032711218142,
      "incr_op_margin_yoy": 0.9741819273491444,
      "rev_growth_yoy": -0.4006495068559057,
      "rev_growth_yoy_accel": -0.41885763419221345,
      "fcf_margin_change": -0.7570297514628848
    },
    {
      "date": "2023-06-30T00:00:00",
      "quarter_label": "2023-06 (Q2)",
      "revenue": 13605000,
      "gross_profit": 5484000,
      "operating_income": -6491000,
      "net_income": -6037000,
      "opex": 11975000,
      "cogs": 8121000,
      "rd": 6507000,
      "sga": 5468000,
      "fcf": -8040000,
      "ocf": -7341000,
      "capex": -699000,
      "gross_margin": 0.40308710033076073,
      "op_margin": -0.4771040058801911,
      "fcf_margin": -0.5909592061742006,
      "incr_op_margin_yoy": 0.23643340032888727,
      "rev_growth_yoy": -0.2868749344795052,
      "rev_growth_yoy_accel": 0.11377457237640054,
      "op_leverage_ratio": Infinity,
      "fcf_margin_change": 0.2629440649476136
    },
    {
      "date": "2023-09-30T00:00:00",
      "quarter_label": "2023-09 (Q3)",
      "revenue": 16032000,
      "gross_profit": 6882000,
      "operating_income": -7646000,
      "net_income": -6999000,
      "opex": 14528000,
      "cogs": 9150000,
      "rd": 8752000,
      "sga": 5776000,
      "fcf": -3916000,
      "ocf": -3180000,
      "capex": -736000,
      "gross_margin": 0.42926646706586824,
      "op_margin": -0.4769211576846307,
      "fcf_margin": -0.24426147704590817,
      "incr_op_margin_yoy": 1.917763157894737,
      "rev_growth_yoy": -0.08659981768459435,
      "rev_growth_yoy_accel": 0.20027511679491083,
      "op_leverage_ratio": 0.8367504170677557,
      "fcf_margin_change": 0.34669772912829244
    },
    {
      "date": "2023-12-31T00:00:00",
      "quarter_label": "2023-12 (Q4)",
      "revenue": 20074000,
      "gross_profit": 8976000,
      "operating_income": -4128000,
      "net_income": -3744000,
      "opex": 13104000,
      "cogs": 11098000,
      "rd": 6953000,
      "sga": 6151000,
      "fcf": -2180000,
      "ocf": -1788000,
      "capex": -392000,
      "gross_margin": 0.44714556142273587,
      "op_margin": -0.20563913519976088,
      "fcf_margin": -0.10859818670917605,
      "incr_op_margin_yoy": -0.35153797865662273,
      "rev_growth_yoy": 0.18865466603505449,
      "rev_growth_yoy_accel": 0.27525448371964883,
      "op_leverage_ratio": Infinity,
      "fcf_margin_change": 0.13566329033673213
    },
    {
      "date": "2024-03-31T00:00:00",
      "quarter_label": "2024-03 (Q1)",
      "revenue": 16054000,
      "gross_profit": 8114000,
      "operating_income": -5493000,
      "net_income": -5066000,
      "opex": 13607000,
      "cogs": 7940000,
      "rd": 8073000,
      "sga": 5534000,
      "fcf": -1201000,
      "ocf": -815000,
      "capex": -386000,
      "gross_margin": 0.5054192101656908,
      "op_margin": -0.3421577177027532,
      "fcf_margin": -0.07481001619534072,
      "incr_op_margin_yoy": 0.8012483574244416,
      "rev_growth_yoy": 0.6108769817379089,
      "rev_growth_yoy_accel": 0.42222231570285446,
      "fcf_margin_change": 0.03378817051383533
    },
    {
      "date": "2024-06-30T00:00:00",
      "quarter_label": "2024-06 (Q2)",
      "revenue": 8535000,
      "gross_profit": 4326000,
      "operating_income": -10742000,
      "net_income": -10149000,
      "opex": 15068000,
      "cogs": 4209000,
      "rd": 7943000,
      "sga": 5722000,
      "fcf": -8057000,
      "ocf": -5577000,
      "capex": -2480000,
      "gross_margin": 0.5068541300527241,
      "op_margin": -1.2585823081429408,
      "fcf_margin": -0.9439953134153486,
      "incr_op_margin_yoy": 0.8384615384615385,
      "rev_growth_yoy": -0.37265711135611906,
      "rev_growth_yoy_accel": -0.983534093094028,
      "fcf_margin_change": -0.8691852972200078
    },
    {
      "date": "2024-09-30T00:00:00",
      "quarter_label": "2024-09 (Q3)",
      "revenue": 9527000,
      "gross_profit": 4879000,
      "operating_income": -8632000,
      "net_income": -8141000,
      "opex": 13511000,
      "cogs": 4648000,
      "rd": 8405000,
      "sga": 5016000,
      "fcf": -8595000,
      "ocf": -7814000,
      "capex": -781000,
      "gross_margin": 0.5121234386480529,
      "op_margin": -0.9060564710821875,
      "fcf_margin": -0.9021727721213394,
      "incr_op_margin_yoy": 0.15157571099154496,
      "rev_growth_yoy": -0.405750998003992,
      "rev_growth_yoy_accel": -0.03309388664787294,
      "op_leverage_ratio": Infinity,
      "fcf_margin_change": 0.0418225412940092
    },
    {
      "date": "2024-12-31T00:00:00",
      "quarter_label": "2024-12 (Q4)",
      "revenue": 9090000,
      "gross_profit": 4966000,
      "operating_income": -6490000,
      "net_income": -5363000,
      "opex": 11456000,
      "cogs": 4124000,
      "rd": 6916000,
      "sga": 4425000,
      "fcf": -5714000,
      "ocf": -5601000,
      "capex": -113000,
      "gross_margin": 0.5463146314631463,
      "op_margin": -0.713971397139714,
      "fcf_margin": -0.6286028602860286,
      "incr_op_margin_yoy": 0.21504005826656955,
      "rev_growth_yoy": -0.5471754508319219,
      "rev_growth_yoy_accel": -0.14142445282792987,
      "fcf_margin_change": 0.27356991183531076
    },
    {
      "date": "2025-03-31T00:00:00",
      "quarter_label": "2025-03 (Q1)",
      "revenue": 7094000,
      "gross_profit": 3452000,
      "operating_income": -8096000,
      "net_income": -7761000,
      "opex": 11548000,
      "cogs": 3642000,
      "rd": 6523000,
      "sga": 4632000,
      "fcf": -6733000,
      "ocf": -6716000,
      "capex": -17000,
      "gross_margin": 0.48660840146602763,
      "op_margin": -1.141246123484635,
      "fcf_margin": -0.949111925570905,
      "incr_op_margin_yoy": 0.29051339285714284,
      "rev_growth_yoy": -0.5581163572941323,
      "rev_growth_yoy_accel": -0.010940906462210465,
      "fcf_margin_change": -0.3205090652848763
    },
    {
      "date": "2025-06-30T00:00:00",
      "quarter_label": "2025-06 (Q2)",
      "revenue": 8250000,
      "gross_profit": 3779000,
      "operating_income": -7301000,
      "net_income": -6707000,
      "opex": 11080000,
      "cogs": 4471000,
      "rd": 5998000,
      "sga": 4442000,
      "fcf": -4775000,
      "ocf": -4552000,
      "capex": -223000,
      "gross_margin": 0.45806060606060606,
      "op_margin": -0.884969696969697,
      "fcf_margin": -0.5787878787878787,
      "rev_growth_yoy": -0.033391915641476276,
      "rev_growth_yoy_accel": 0.5247244416526561,
      "op_leverage_ratio": Infinity,
      "fcf_margin_change": 0.3703240467830262
    },
    {
      "date": "2025-09-30T00:00:00",
      "quarter_label": "2025-09 (Q3)",
      "revenue": 8771000,
      "gross_profit": 4371000,
      "operating_income": -5622000,
      "net_income": -4432000,
      "opex": 9993000,
      "cogs": 4400000,
      "rd": 5720000,
      "sga": 4273000,
      "fcf": -3023000,
      "ocf": -2860000,
      "capex": -163000,
      "gross_margin": 0.4983468247634249,
      "op_margin": -0.6409759434500057,
      "fcf_margin": -0.3446585338045833,
      "rev_growth_yoy": -0.07935341660543718,
      "rev_growth_yoy_accel": -0.045961500963960907,
      "op_leverage_ratio": Infinity,
      "fcf_margin_change": 0.23412934498329546
    }
  ],
  "signals": [
    {
      "quarter": "2025-09 (Q3)",
      "signal": "FCF MARGIN EXPANSION",
      "detail": "FCF margin: -57.9% -> -34.5% (+23.4%)",
      "severity": "MEDIUM"
    },
    {
      "quarter": "2025-09 (Q3)",
      "signal": "GROSS MARGIN INFLECTION",
      "detail": "GM: +48.7% -> +45.8% -> +49.8% (reversal +4.0%)",
      "severity": "MEDIUM"
    },
    {
      "quarter": "2025-06 (Q2)",
      "signal": "FCF MARGIN EXPANSION",
      "detail": "FCF margin: -94.9% -> -57.9% (+37.0%)",
      "severity": "MEDIUM"
    },
    {
      "quarter": "2025-06 (Q2)",
      "signal": "YoY REVENUE GROWTH ACCELERATION",
      "detail": "YoY growth: -3.3% vs prior quarter YoY: -55.8% (accel: +52.5%)",
      "severity": "HIGH"
    },
    {
      "quarter": "2024-12 (Q4)",
      "signal": "FCF MARGIN EXPANSION",
      "detail": "FCF margin: -90.2% -> -62.9% (+27.4%)",
      "severity": "MEDIUM"
    },
    {
      "quarter": "2024-12 (Q4)",
      "signal": "YoY REVENUE GROWTH DECELERATION",
      "detail": "YoY growth: -54.7% vs prior quarter YoY: -40.6% (decel: -14.1%)",
      "severity": "WARNING"
    },
    {
      "quarter": "2024-06 (Q2)",
      "signal": "YoY REVENUE GROWTH DECELERATION",
      "detail": "YoY growth: -37.3% vs prior quarter YoY: +61.1% (decel: -98.4%)",
      "severity": "WARNING"
    },
    {
      "quarter": "2024-03 (Q1)",
      "signal": "YoY REVENUE GROWTH ACCELERATION",
      "detail": "YoY growth: +61.1% vs prior quarter YoY: +18.9% (accel: +42.2%)",
      "severity": "HIGH"
    },
    {
      "quarter": "2023-12 (Q4)",
      "signal": "FCF MARGIN EXPANSION",
      "detail": "FCF margin: -24.4% -> -10.9% (+13.6%)",
      "severity": "MEDIUM"
    },
    {
      "quarter": "2023-12 (Q4)",
      "signal": "YoY REVENUE GROWTH ACCELERATION",
      "detail": "YoY growth: +18.9% vs prior quarter YoY: -8.7% (accel: +27.5%)",
      "severity": "HIGH"
    },
    {
      "quarter": "2023-09 (Q3)",
      "signal": "FCF MARGIN EXPANSION",
      "detail": "FCF margin: -59.1% -> -24.4% (+34.7%)",
      "severity": "MEDIUM"
    },
    {
      "quarter": "2023-09 (Q3)",
      "signal": "GROSS MARGIN INFLECTION",
      "detail": "GM: +43.8% -> +40.3% -> +42.9% (reversal +2.6%)",
      "severity": "MEDIUM"
    },
    {
      "quarter": "2023-09 (Q3)",
      "signal": "YoY REVENUE GROWTH ACCELERATION",
      "detail": "YoY growth: -8.7% vs prior quarter YoY: -28.7% (accel: +20.0%)",
      "severity": "HIGH"
    },
    {
      "quarter": "2023-06 (Q2)",
      "signal": "FCF MARGIN EXPANSION",
      "detail": "FCF margin: -85.4% -> -59.1% (+26.3%)",
      "severity": "MEDIUM"
    },
    {
      "quarter": "2023-06 (Q2)",
      "signal": "YoY REVENUE GROWTH ACCELERATION",
      "detail": "YoY growth: -28.7% vs prior quarter YoY: -40.1% (accel: +11.4%)",
      "severity": "MEDIUM"
    },
    {
      "quarter": "2023-03 (Q1)",
      "signal": "YoY REVENUE GROWTH DECELERATION",
      "detail": "YoY growth: -40.1% vs prior quarter YoY: +1.8% (decel: -41.9%)",
      "severity": "WARNING"
    },
    {
      "quarter": "2022-12 (Q4)",
      "signal": "YoY REVENUE GROWTH DECELERATION",
      "detail": "YoY growth: +1.8% vs prior quarter YoY: +15.5% (decel: -13.7%)",
      "severity": "WARNING"
    },
    {
      "quarter": "2022-09 (Q3)",
      "signal": "FCF MARGIN EXPANSION",
      "detail": "FCF margin: -25.7% -> -12.2% (+13.5%)",
      "severity": "MEDIUM"
    },
    {
      "quarter": "2022-09 (Q3)",
      "signal": "YoY REVENUE GROWTH DECELERATION",
      "detail": "YoY growth: +15.5% vs prior quarter YoY: +35.8% (decel: -20.3%)",
      "severity": "WARNING"
    },
    {
      "quarter": "2022-06 (Q2)",
      "signal": "FCF MARGIN EXPANSION",
      "detail": "FCF margin: -34.6% -> -25.7% (+9.0%)",
      "severity": "MEDIUM"
    },
    {
      "quarter": "2022-06 (Q2)",
      "signal": "YoY REVENUE GROWTH DECELERATION",
      "detail": "YoY growth: +35.8% vs prior quarter YoY: +79.4% (decel: -43.6%)",
      "severity": "WARNING"
    },
    {
      "quarter": "2022-03 (Q1)",
      "signal": "FCF MARGIN EXPANSION",
      "detail": "FCF margin: -44.3% -> -34.6% (+9.7%)",
      "severity": "MEDIUM"
    },
    {
      "quarter": "2022-03 (Q1)",
      "signal": "YoY REVENUE GROWTH ACCELERATION",
      "detail": "YoY growth: +79.4% vs prior quarter YoY: +72.1% (accel: +7.3%)",
      "severity": "MEDIUM"
    },
    {
      "quarter": "2021-12 (Q4)",
      "signal": "OPERATING LEVERAGE",
      "detail": "Rev growth +9.1% vs OpEx growth +6.0% (leverage: 1.5x)",
      "severity": "MEDIUM"
    },
    {
      "quarter": "2021-09 (Q3)",
      "signal": "FCF TURNED POSITIVE",
      "detail": "FCF margin: -11.0% -> +20.8%",
      "severity": "HIGH"
    },
    {
      "quarter": "2021-09 (Q3)",
      "signal": "OPERATING LEVERAGE",
      "detail": "Rev growth +8.1% vs OpEx growth +2.8% (leverage: 2.9x)",
      "severity": "MEDIUM"
    },
    {
      "quarter": "2021-06 (Q2)",
      "signal": "FCF MARGIN EXPANSION",
      "detail": "FCF margin: -74.4% -> -11.0% (+63.4%)",
      "severity": "MEDIUM"
    },
    {
      "quarter": "2021-06 (Q2)",
      "signal": "GROSS MARGIN INFLECTION",
      "detail": "GM: +45.5% -> +40.2% -> +50.6% (reversal +10.4%)",
      "severity": "HIGH"
    }
  ],
  "data_quality": {
    "n_quarters": 20,
    "coverage": {
      "revenue": [
        20,
        20
      ],
      "gross_profit": [
        20,
        20
      ],
      "op_income": [
        20,
        20
      ],
      "fcf": [
        20,
        20
      ]
    },
    "gaps": [],
    "warnings": []
  },
  "market_cap": null,
  "source": "SEC EDGAR",
  "last_updated": "2026-02-02T23:43:59.126164"
}