{
  "ticker": "QBTS",
  "name": "D-Wave Quantum Inc.",
  "quarters": [
    {
      "date": "2021-06-30T00:00:00",
      "quarter_label": "2021-06 (Q2)",
      "revenue": 1137000,
      "gross_profit": 689000,
      "operating_income": -9336000,
      "net_income": -4668000,
      "opex": 10025000,
      "cogs": 448000,
      "rd": 6291000,
      "sga": null,
      "fcf": null,
      "ocf": null,
      "capex": null,
      "gross_margin": 0.6059806508355321,
      "op_margin": -8.21108179419525,
      "fcf_margin": null
    },
    {
      "date": "2021-09-30T00:00:00",
      "quarter_label": "2021-09 (Q3)",
      "revenue": 1307000,
      "gross_profit": 1000000,
      "operating_income": -9793000,
      "net_income": -4209000,
      "opex": 10793000,
      "cogs": 307000,
      "rd": 6313000,
      "sga": null,
      "fcf": -7771000,
      "ocf": -7347000,
      "capex": -424000,
      "gross_margin": 0.7651109410864575,
      "op_margin": -7.492731446059679,
      "fcf_margin": -5.945677123182861,
      "op_leverage_ratio": 1.9516935099677515
    },
    {
      "date": "2021-12-31T00:00:00",
      "quarter_label": "2021-12 (Q4)",
      "revenue": 2426000,
      "gross_profit": 1549000,
      "operating_income": -10854000,
      "net_income": -13840000,
      "opex": 12403000,
      "cogs": 877000,
      "rd": 6133000,
      "sga": null,
      "fcf": -7466000,
      "ocf": -7185000,
      "capex": -281000,
      "gross_margin": 0.6384995877988459,
      "op_margin": -4.474031327287716,
      "fcf_margin": -3.0774938169826878,
      "op_leverage_ratio": 5.739456913799085,
      "fcf_margin_change": 2.8681833062001734
    },
    {
      "date": "2022-03-31T00:00:00",
      "quarter_label": "2022-03 (Q1)",
      "revenue": 1713000,
      "gross_profit": 1097000,
      "operating_income": -10951000,
      "net_income": -11657000,
      "opex": 12048000,
      "cogs": 616000,
      "rd": 6802000,
      "sga": null,
      "fcf": -9632000,
      "ocf": -9509000,
      "capex": -123000,
      "gross_margin": 0.6403969643899592,
      "op_margin": -6.392877991827204,
      "fcf_margin": -5.622883829538821,
      "fcf_margin_change": -2.545390012556133
    },
    {
      "date": "2022-06-30T00:00:00",
      "quarter_label": "2022-06 (Q2)",
      "revenue": 1371000,
      "gross_profit": 785000,
      "operating_income": -11985000,
      "net_income": -13198000,
      "opex": 12770000,
      "cogs": 586000,
      "rd": 7072000,
      "sga": null,
      "fcf": -12042000,
      "ocf": -11990000,
      "capex": -52000,
      "gross_margin": 0.5725747629467542,
      "op_margin": -8.741794310722101,
      "fcf_margin": -8.783369803063458,
      "rev_growth_yoy": 0.20580474934036938,
      "fcf_margin_change": -3.1604859735246373
    },
    {
      "date": "2022-09-30T00:00:00",
      "quarter_label": "2022-09 (Q3)",
      "revenue": 1695000,
      "gross_profit": 1086000,
      "operating_income": -15268000,
      "net_income": -13053000,
      "opex": 16354000,
      "cogs": 609000,
      "rd": 7334000,
      "sga": null,
      "fcf": -12914000,
      "ocf": -12840000,
      "capex": -74000,
      "gross_margin": 0.6407079646017699,
      "op_margin": -9.007669616519173,
      "fcf_margin": -7.618879056047198,
      "rev_growth_yoy": 0.29686304514154555,
      "rev_growth_yoy_accel": 0.09105829580117616,
      "op_leverage_ratio": 0.8420355970615818,
      "fcf_margin_change": 1.1644907470162602
    },
    {
      "date": "2022-12-31T00:00:00",
      "quarter_label": "2022-12 (Q4)",
      "revenue": 2395000,
      "gross_profit": 1250000,
      "operating_income": -21560000,
      "net_income": -13661000,
      "opex": 22810000,
      "cogs": 1145000,
      "rd": 11168000,
      "sga": null,
      "fcf": -11061000,
      "ocf": -10887000,
      "capex": -174000,
      "gross_margin": 0.5219206680584552,
      "op_margin": -9.002087682672235,
      "fcf_margin": -4.618371607515658,
      "rev_growth_yoy": -0.012778235779060182,
      "rev_growth_yoy_accel": -0.3096412809206057,
      "op_leverage_ratio": 1.0461375939877107,
      "fcf_margin_change": 3.0005074485315397
    },
    {
      "date": "2023-03-31T00:00:00",
      "quarter_label": "2023-03 (Q1)",
      "revenue": 1583000,
      "gross_profit": 421000,
      "operating_income": -24690000,
      "net_income": -24608000,
      "opex": 25111000,
      "cogs": 1162000,
      "rd": 10915000,
      "sga": null,
      "fcf": -13638000,
      "ocf": -13574000,
      "capex": -64000,
      "gross_margin": 0.26595072646873025,
      "op_margin": -15.596967782691094,
      "fcf_margin": -8.615287428932406,
      "rev_growth_yoy": -0.07589025102159953,
      "rev_growth_yoy_accel": -0.06311201524253936,
      "fcf_margin_change": -3.9969158214167484
    },
    {
      "date": "2023-06-30T00:00:00",
      "quarter_label": "2023-06 (Q2)",
      "revenue": 1707000,
      "gross_profit": 705000,
      "operating_income": -20907000,
      "net_income": -25898000,
      "opex": 21612000,
      "cogs": 1002000,
      "rd": 9548000,
      "sga": null,
      "fcf": -15485000,
      "ocf": -15470000,
      "capex": -15000,
      "gross_margin": 0.4130052724077329,
      "op_margin": -12.24780316344464,
      "fcf_margin": -9.071470415934387,
      "rev_growth_yoy": 0.24507658643326038,
      "rev_growth_yoy_accel": 0.32096683745485993,
      "op_leverage_ratio": Infinity,
      "fcf_margin_change": -0.4561829870019807
    },
    {
      "date": "2023-09-30T00:00:00",
      "quarter_label": "2023-09 (Q3)",
      "revenue": 2562000,
      "gross_profit": 1529000,
      "operating_income": -18407000,
      "net_income": -15829000,
      "opex": 19936000,
      "cogs": 1033000,
      "rd": 9459000,
      "sga": null,
      "fcf": -16928000,
      "ocf": -16866000,
      "capex": -62000,
      "gross_margin": 0.5967993754879001,
      "op_margin": -7.184621389539422,
      "fcf_margin": -6.607338017174083,
      "rev_growth_yoy": 0.511504424778761,
      "rev_growth_yoy_accel": 0.26642783834550066,
      "op_leverage_ratio": Infinity,
      "fcf_margin_change": 2.464132398760304
    },
    {
      "date": "2023-12-31T00:00:00",
      "quarter_label": "2023-12 (Q4)",
      "revenue": 2906000,
      "gross_profit": 1967000,
      "operating_income": -16542000,
      "net_income": -16380000,
      "opex": 18509000,
      "cogs": 939000,
      "rd": 7956000,
      "sga": null,
      "fcf": -15181000,
      "ocf": -14739000,
      "capex": -442000,
      "gross_margin": 0.6768754301445286,
      "op_margin": -5.692360633172746,
      "fcf_margin": -5.224019270474879,
      "rev_growth_yoy": 0.21336116910229644,
      "rev_growth_yoy_accel": -0.2981432556764646,
      "op_leverage_ratio": Infinity,
      "fcf_margin_change": 1.3833187466992038
    },
    {
      "date": "2024-03-31T00:00:00",
      "quarter_label": "2024-03 (Q1)",
      "revenue": 2465000,
      "gross_profit": 1659000,
      "operating_income": -17516000,
      "net_income": -17312000,
      "opex": 19175000,
      "cogs": 806000,
      "rd": 8525000,
      "sga": null,
      "fcf": -12424000,
      "ocf": -12119000,
      "capex": -305000,
      "gross_margin": 0.6730223123732252,
      "op_margin": -7.105882352941176,
      "fcf_margin": -5.040162271805274,
      "rev_growth_yoy": 0.5571699305116866,
      "rev_growth_yoy_accel": 0.3438087614093902,
      "fcf_margin_change": 0.18385699866960525
    },
    {
      "date": "2024-06-30T00:00:00",
      "quarter_label": "2024-06 (Q2)",
      "revenue": 2183000,
      "gross_profit": 1388000,
      "operating_income": -18839000,
      "net_income": -17778000,
      "opex": 20227000,
      "cogs": 795000,
      "rd": 8355000,
      "sga": null,
      "fcf": -15013000,
      "ocf": -14468000,
      "capex": -545000,
      "gross_margin": 0.635822262940907,
      "op_margin": -8.629867155290883,
      "fcf_margin": -6.877233165368758,
      "rev_growth_yoy": 0.27885178676039835,
      "rev_growth_yoy_accel": -0.27831814375128827,
      "fcf_margin_change": -1.8370708935634843
    },
    {
      "date": "2024-09-30T00:00:00",
      "quarter_label": "2024-09 (Q3)",
      "revenue": 1870000,
      "gross_profit": 1043000,
      "operating_income": -20636000,
      "net_income": -22712000,
      "opex": 21679000,
      "cogs": 827000,
      "rd": 8668000,
      "sga": null,
      "fcf": -18379000,
      "ocf": -18073000,
      "capex": -306000,
      "gross_margin": 0.5577540106951872,
      "op_margin": -11.035294117647059,
      "fcf_margin": -9.828342245989305,
      "rev_growth_yoy": -0.27010148321623734,
      "rev_growth_yoy_accel": -0.5489532699766357,
      "fcf_margin_change": -2.9511090806205464
    },
    {
      "date": "2024-12-31T00:00:00",
      "quarter_label": "2024-12 (Q4)",
      "revenue": 2309000,
      "gross_profit": 1473000,
      "operating_income": -20232000,
      "net_income": -86077000,
      "opex": 21705000,
      "cogs": 836000,
      "rd": 9752000,
      "sga": null,
      "fcf": 1067000,
      "ocf": 2017000,
      "capex": -950000,
      "gross_margin": 0.6379385015158077,
      "op_margin": -8.762234733650931,
      "fcf_margin": 0.462104807275877,
      "rev_growth_yoy": -0.20543702684101858,
      "rev_growth_yoy_accel": 0.06466445637521875,
      "op_leverage_ratio": 195.7441587823941,
      "fcf_margin_change": 10.290447053265181
    },
    {
      "date": "2025-03-31T00:00:00",
      "quarter_label": "2025-03 (Q1)",
      "revenue": 15001000,
      "gross_profit": 13877000,
      "operating_income": -11291000,
      "net_income": -5421000,
      "opex": 25168000,
      "cogs": 1124000,
      "rd": 10288000,
      "sga": null,
      "fcf": -19717000,
      "ocf": -19279000,
      "capex": -438000,
      "gross_margin": 0.9250716618892074,
      "op_margin": -0.7526831544563696,
      "fcf_margin": -1.3143790413972403,
      "incr_op_margin_yoy": 0.4965698787492023,
      "rev_growth_yoy": 5.085598377281947,
      "rev_growth_yoy_accel": 5.291035404122965,
      "op_leverage_ratio": 34.4519199251332,
      "fcf_margin_change": -1.7764838486731174
    },
    {
      "date": "2025-06-30T00:00:00",
      "quarter_label": "2025-06 (Q2)",
      "revenue": 3095000,
      "gross_profit": 1976000,
      "operating_income": -26502000,
      "net_income": -167329000,
      "opex": 28478000,
      "cogs": 1119000,
      "rd": 12694000,
      "sga": null,
      "fcf": -16035000,
      "ocf": -15286000,
      "capex": -749000,
      "gross_margin": 0.6384491114701131,
      "op_margin": -8.562843295638126,
      "fcf_margin": -5.180936995153473,
      "rev_growth_yoy": 0.41777370590929913,
      "rev_growth_yoy_accel": -4.667824671372648,
      "fcf_margin_change": -3.8665579537562333
    },
    {
      "date": "2025-09-30T00:00:00",
      "quarter_label": "2025-09 (Q3)",
      "revenue": 3739000,
      "gross_profit": 2669000,
      "operating_income": -27736000,
      "net_income": -139986000,
      "opex": 30405000,
      "cogs": 1070000,
      "rd": 14075000,
      "sga": null,
      "fcf": -20061000,
      "ocf": -19045000,
      "capex": -1016000,
      "gross_margin": 0.713827226531158,
      "op_margin": -7.418026210216635,
      "fcf_margin": -5.36533832575555,
      "incr_op_margin_yoy": -3.7988228999464955,
      "rev_growth_yoy": 0.9994652406417113,
      "rev_growth_yoy_accel": 0.5816915347324121,
      "op_leverage_ratio": 3.0750556876895203,
      "fcf_margin_change": -0.18440133060207664
    }
  ],
  "signals": [
    {
      "quarter": "2025-09 (Q3)",
      "signal": "OPERATING LEVERAGE",
      "detail": "Rev growth +20.8% vs OpEx growth +6.8% (leverage: 3.1x)",
      "severity": "MEDIUM"
    },
    {
      "quarter": "2025-09 (Q3)",
      "signal": "GROSS MARGIN INFLECTION",
      "detail": "GM: +92.5% -> +63.8% -> +71.4% (reversal +7.5%)",
      "severity": "HIGH"
    },
    {
      "quarter": "2025-09 (Q3)",
      "signal": "YoY REVENUE GROWTH ACCELERATION",
      "detail": "YoY growth: +99.9% vs prior quarter YoY: +41.8% (accel: +58.2%)",
      "severity": "HIGH"
    },
    {
      "quarter": "2025-06 (Q2)",
      "signal": "YoY REVENUE GROWTH DECELERATION",
      "detail": "YoY growth: +41.8% vs prior quarter YoY: +508.6% (decel: -466.8%)",
      "severity": "WARNING"
    },
    {
      "quarter": "2025-03 (Q1)",
      "signal": "OPERATING LEVERAGE",
      "detail": "Rev growth +549.7% vs OpEx growth +16.0% (leverage: 34.5x)",
      "severity": "MEDIUM"
    },
    {
      "quarter": "2025-03 (Q1)",
      "signal": "YoY REVENUE GROWTH ACCELERATION",
      "detail": "YoY growth: +508.6% vs prior quarter YoY: -20.5% (accel: +529.1%)",
      "severity": "HIGH"
    },
    {
      "quarter": "2024-12 (Q4)",
      "signal": "FCF TURNED POSITIVE",
      "detail": "FCF margin: -982.8% -> +46.2%",
      "severity": "HIGH"
    },
    {
      "quarter": "2024-12 (Q4)",
      "signal": "OPERATING LEVERAGE",
      "detail": "Rev growth +23.5% vs OpEx growth +0.1% (leverage: 195.7x)",
      "severity": "MEDIUM"
    },
    {
      "quarter": "2024-12 (Q4)",
      "signal": "GROSS MARGIN INFLECTION",
      "detail": "GM: +63.6% -> +55.8% -> +63.8% (reversal +8.0%)",
      "severity": "HIGH"
    },
    {
      "quarter": "2024-12 (Q4)",
      "signal": "YoY REVENUE GROWTH ACCELERATION",
      "detail": "YoY growth: -20.5% vs prior quarter YoY: -27.0% (accel: +6.5%)",
      "severity": "MEDIUM"
    },
    {
      "quarter": "2024-09 (Q3)",
      "signal": "YoY REVENUE GROWTH DECELERATION",
      "detail": "YoY growth: -27.0% vs prior quarter YoY: +27.9% (decel: -54.9%)",
      "severity": "WARNING"
    },
    {
      "quarter": "2024-06 (Q2)",
      "signal": "YoY REVENUE GROWTH DECELERATION",
      "detail": "YoY growth: +27.9% vs prior quarter YoY: +55.7% (decel: -27.8%)",
      "severity": "WARNING"
    },
    {
      "quarter": "2024-03 (Q1)",
      "signal": "FCF MARGIN EXPANSION",
      "detail": "FCF margin: -522.4% -> -504.0% (+18.4%)",
      "severity": "MEDIUM"
    },
    {
      "quarter": "2024-03 (Q1)",
      "signal": "YoY REVENUE GROWTH ACCELERATION",
      "detail": "YoY growth: +55.7% vs prior quarter YoY: +21.3% (accel: +34.4%)",
      "severity": "HIGH"
    },
    {
      "quarter": "2023-12 (Q4)",
      "signal": "FCF MARGIN EXPANSION",
      "detail": "FCF margin: -660.7% -> -522.4% (+138.3%)",
      "severity": "MEDIUM"
    },
    {
      "quarter": "2023-12 (Q4)",
      "signal": "YoY REVENUE GROWTH DECELERATION",
      "detail": "YoY growth: +21.3% vs prior quarter YoY: +51.2% (decel: -29.8%)",
      "severity": "WARNING"
    },
    {
      "quarter": "2023-09 (Q3)",
      "signal": "FCF MARGIN EXPANSION",
      "detail": "FCF margin: -907.1% -> -660.7% (+246.4%)",
      "severity": "MEDIUM"
    },
    {
      "quarter": "2023-09 (Q3)",
      "signal": "YoY REVENUE GROWTH ACCELERATION",
      "detail": "YoY growth: +51.2% vs prior quarter YoY: +24.5% (accel: +26.6%)",
      "severity": "HIGH"
    },
    {
      "quarter": "2023-06 (Q2)",
      "signal": "GROSS MARGIN INFLECTION",
      "detail": "GM: +52.2% -> +26.6% -> +41.3% (reversal +14.7%)",
      "severity": "HIGH"
    },
    {
      "quarter": "2023-06 (Q2)",
      "signal": "YoY REVENUE GROWTH ACCELERATION",
      "detail": "YoY growth: +24.5% vs prior quarter YoY: -7.6% (accel: +32.1%)",
      "severity": "HIGH"
    },
    {
      "quarter": "2023-03 (Q1)",
      "signal": "YoY REVENUE GROWTH DECELERATION",
      "detail": "YoY growth: -7.6% vs prior quarter YoY: -1.3% (decel: -6.3%)",
      "severity": "WARNING"
    },
    {
      "quarter": "2022-12 (Q4)",
      "signal": "FCF MARGIN EXPANSION",
      "detail": "FCF margin: -761.9% -> -461.8% (+300.1%)",
      "severity": "MEDIUM"
    },
    {
      "quarter": "2022-12 (Q4)",
      "signal": "YoY REVENUE GROWTH DECELERATION",
      "detail": "YoY growth: -1.3% vs prior quarter YoY: +29.7% (decel: -31.0%)",
      "severity": "WARNING"
    },
    {
      "quarter": "2022-09 (Q3)",
      "signal": "FCF MARGIN EXPANSION",
      "detail": "FCF margin: -878.3% -> -761.9% (+116.4%)",
      "severity": "MEDIUM"
    },
    {
      "quarter": "2022-09 (Q3)",
      "signal": "GROSS MARGIN INFLECTION",
      "detail": "GM: +64.0% -> +57.3% -> +64.1% (reversal +6.8%)",
      "severity": "HIGH"
    },
    {
      "quarter": "2022-09 (Q3)",
      "signal": "YoY REVENUE GROWTH ACCELERATION",
      "detail": "YoY growth: +29.7% vs prior quarter YoY: +20.6% (accel: +9.1%)",
      "severity": "MEDIUM"
    },
    {
      "quarter": "2021-12 (Q4)",
      "signal": "FCF MARGIN EXPANSION",
      "detail": "FCF margin: -594.6% -> -307.7% (+286.8%)",
      "severity": "MEDIUM"
    },
    {
      "quarter": "2021-12 (Q4)",
      "signal": "OPERATING LEVERAGE",
      "detail": "Rev growth +85.6% vs OpEx growth +14.9% (leverage: 5.7x)",
      "severity": "MEDIUM"
    },
    {
      "quarter": "2021-09 (Q3)",
      "signal": "OPERATING LEVERAGE",
      "detail": "Rev growth +15.0% vs OpEx growth +7.7% (leverage: 2.0x)",
      "severity": "MEDIUM"
    }
  ],
  "data_quality": {
    "n_quarters": 18,
    "coverage": {
      "revenue": [
        18,
        18
      ],
      "gross_profit": [
        18,
        18
      ],
      "op_income": [
        18,
        18
      ],
      "fcf": [
        17,
        18
      ]
    },
    "gaps": [],
    "warnings": []
  },
  "market_cap": null,
  "source": "SEC EDGAR",
  "last_updated": "2026-02-02T20:41:29.001083"
}