{
  "ticker": "QCOM",
  "name": "QUALCOMM INC/DE",
  "quarters": [
    {
      "date": "2020-12-27T00:00:00",
      "quarter_label": "2020-12 (Q4)",
      "revenue": 8235000000,
      "gross_profit": 4746000000,
      "operating_income": 2526000000,
      "net_income": 2455000000,
      "opex": 5709000000,
      "cogs": 3489000000,
      "rd": 1653000000,
      "sga": 567000000,
      "fcf": 3175000000,
      "ocf": 3175000000,
      "capex": null,
      "gross_margin": 0.57632058287796,
      "op_margin": 0.3067395264116576,
      "fcf_margin": 0.38554948391013966
    },
    {
      "date": "2021-03-28T00:00:00",
      "quarter_label": "2021-03 (Q1)",
      "revenue": 7935000000,
      "gross_profit": 4503000000,
      "operating_income": 2166000000,
      "net_income": 1762000000,
      "opex": 5769000000,
      "cogs": 3432000000,
      "rd": 1780000000,
      "sga": 557000000,
      "fcf": 2911000000,
      "ocf": 2911000000,
      "capex": null,
      "gross_margin": 0.5674858223062382,
      "op_margin": 0.2729678638941399,
      "fcf_margin": 0.3668557025834909,
      "fcf_margin_change": -0.018693781326648784
    },
    {
      "date": "2021-06-27T00:00:00",
      "quarter_label": "2021-06 (Q2)",
      "revenue": 8060000000,
      "gross_profit": 4656000000,
      "operating_income": 2195000000,
      "net_income": 2027000000,
      "opex": 5865000000,
      "cogs": 3404000000,
      "rd": 1864000000,
      "sga": 597000000,
      "fcf": 3373000000,
      "ocf": 3373000000,
      "capex": null,
      "gross_margin": 0.577667493796526,
      "op_margin": 0.27233250620347393,
      "fcf_margin": 0.4184863523573201,
      "op_leverage_ratio": 0.9466564272211718,
      "fcf_margin_change": 0.05163064977382925
    },
    {
      "date": "2021-09-26T00:00:00",
      "quarter_label": "2021-09 (Q3)",
      "revenue": 9336000000,
      "gross_profit": 5399000000,
      "operating_income": 2902000000,
      "net_income": 2798000000,
      "opex": 6434000000,
      "cogs": 3937000000,
      "rd": 1879000000,
      "sga": 618000000,
      "fcf": 1077000000,
      "ocf": 1077000000,
      "capex": null,
      "gross_margin": 0.5782990574121679,
      "op_margin": 0.31083976006855185,
      "fcf_margin": 0.1153598971722365,
      "op_leverage_ratio": 1.6318167347704169,
      "fcf_margin_change": -0.30312645518508363
    },
    {
      "date": "2021-12-26T00:00:00",
      "quarter_label": "2021-12 (Q4)",
      "revenue": 10705000000,
      "gross_profit": 6402000000,
      "operating_income": 3864000000,
      "net_income": 3399000000,
      "opex": 6841000000,
      "cogs": 4303000000,
      "rd": 1930000000,
      "sga": 608000000,
      "fcf": 2057000000,
      "ocf": 2057000000,
      "capex": null,
      "gross_margin": 0.5980382998598786,
      "op_margin": 0.3609528257823447,
      "fcf_margin": 0.19215319943951426,
      "incr_op_margin_yoy": 0.5417004048582996,
      "rev_growth_yoy": 0.29993928354584093,
      "op_leverage_ratio": 2.3180844434057803,
      "fcf_margin_change": 0.07679330226727775
    },
    {
      "date": "2022-03-27T00:00:00",
      "quarter_label": "2022-03 (Q1)",
      "revenue": 11164000000,
      "gross_profit": 6516000000,
      "operating_income": 3858000000,
      "net_income": 2934000000,
      "opex": 7306000000,
      "cogs": 4648000000,
      "rd": 2034000000,
      "sga": 624000000,
      "fcf": 2698000000,
      "ocf": 2698000000,
      "capex": null,
      "gross_margin": 0.5836617699749194,
      "op_margin": 0.34557506270154065,
      "fcf_margin": 0.24166965245431746,
      "incr_op_margin_yoy": 0.5240012387736142,
      "rev_growth_yoy": 0.40693131695022056,
      "rev_growth_yoy_accel": 0.10699203340437963,
      "op_leverage_ratio": 0.6308014042277501,
      "fcf_margin_change": 0.0495164530148032
    },
    {
      "date": "2022-06-26T00:00:00",
      "quarter_label": "2022-06 (Q2)",
      "revenue": 10936000000,
      "gross_profit": 6120000000,
      "operating_income": 4472000000,
      "net_income": 3730000000,
      "opex": 6464000000,
      "cogs": 4816000000,
      "rd": 2052000000,
      "sga": 655000000,
      "fcf": 2895000000,
      "ocf": 2895000000,
      "capex": null,
      "gross_margin": 0.5596196049743964,
      "op_margin": 0.4089246525237747,
      "fcf_margin": 0.2647220190197513,
      "incr_op_margin_yoy": 0.7917246175243393,
      "rev_growth_yoy": 0.3568238213399504,
      "rev_growth_yoy_accel": -0.05010749561027017,
      "fcf_margin_change": 0.02305236656543383
    },
    {
      "date": "2022-09-25T00:00:00",
      "quarter_label": "2022-09 (Q3)",
      "revenue": 11395000000,
      "gross_profit": 6527000000,
      "operating_income": 3666000000,
      "net_income": 2873000000,
      "opex": 7729000000,
      "cogs": 4868000000,
      "rd": 2178000000,
      "sga": 683000000,
      "fcf": 1446000000,
      "ocf": 1446000000,
      "capex": null,
      "gross_margin": 0.5727950855638438,
      "op_margin": 0.3217200526546731,
      "fcf_margin": 0.12689776217639315,
      "incr_op_margin_yoy": 0.3710539096648859,
      "rev_growth_yoy": 0.22054413024850042,
      "rev_growth_yoy_accel": -0.13627969109144997,
      "op_leverage_ratio": 0.21446923675224303,
      "fcf_margin_change": -0.13782425684335814
    },
    {
      "date": "2022-12-25T00:00:00",
      "quarter_label": "2022-12 (Q4)",
      "revenue": 9463000000,
      "gross_profit": 5419000000,
      "operating_income": 2465000000,
      "net_income": 2235000000,
      "opex": 6998000000,
      "cogs": 4044000000,
      "rd": 2251000000,
      "sga": 623000000,
      "fcf": 3095000000,
      "ocf": 3095000000,
      "capex": null,
      "gross_margin": 0.5726513790552679,
      "op_margin": 0.2604882172672514,
      "fcf_margin": 0.32706329916516963,
      "incr_op_margin_yoy": 1.1264090177133654,
      "rev_growth_yoy": -0.11602055114432508,
      "rev_growth_yoy_accel": -0.33656468139282547,
      "fcf_margin_change": 0.20016553698877648
    },
    {
      "date": "2023-03-26T00:00:00",
      "quarter_label": "2023-03 (Q1)",
      "revenue": 9275000000,
      "gross_profit": 5122000000,
      "operating_income": 2090000000,
      "net_income": 1704000000,
      "opex": 7185000000,
      "cogs": 4153000000,
      "rd": 2210000000,
      "sga": 614000000,
      "fcf": 1457000000,
      "ocf": 1457000000,
      "capex": null,
      "gross_margin": 0.5522371967654987,
      "op_margin": 0.22533692722371967,
      "fcf_margin": 0.157088948787062,
      "incr_op_margin_yoy": 0.9359449444150344,
      "rev_growth_yoy": -0.1692045861698316,
      "rev_growth_yoy_accel": -0.05318403502550653,
      "fcf_margin_change": -0.16997435037810762
    },
    {
      "date": "2023-06-25T00:00:00",
      "quarter_label": "2023-06 (Q2)",
      "revenue": 8451000000,
      "gross_profit": 4659000000,
      "operating_income": 1823000000,
      "net_income": 1803000000,
      "opex": 6628000000,
      "cogs": 3792000000,
      "rd": 2222000000,
      "sga": 618000000,
      "fcf": 2657000000,
      "ocf": 2657000000,
      "capex": null,
      "gross_margin": 0.5512957046503373,
      "op_margin": 0.21571411667258314,
      "fcf_margin": 0.31440066264347416,
      "incr_op_margin_yoy": 1.0659959758551307,
      "rev_growth_yoy": -0.22723116313094366,
      "rev_growth_yoy_accel": -0.05802657696111205,
      "fcf_margin_change": 0.15731171385641216
    },
    {
      "date": "2023-09-24T00:00:00",
      "quarter_label": "2023-09 (Q3)",
      "revenue": 8631000000,
      "gross_profit": 4751000000,
      "operating_income": 1410000000,
      "net_income": 1490000000,
      "opex": 7221000000,
      "cogs": 3880000000,
      "rd": 2135000000,
      "sga": 629000000,
      "fcf": 4090000000,
      "ocf": 4090000000,
      "capex": null,
      "gross_margin": 0.5504576526474336,
      "op_margin": 0.16336461591936044,
      "fcf_margin": 0.47387324759587535,
      "incr_op_margin_yoy": 0.8162083936324168,
      "rev_growth_yoy": -0.2425625274243089,
      "rev_growth_yoy_accel": -0.015331364293365235,
      "op_leverage_ratio": 0.2380631686322682,
      "fcf_margin_change": 0.1594725849524012
    },
    {
      "date": "2023-12-24T00:00:00",
      "quarter_label": "2023-12 (Q4)",
      "revenue": 9935000000,
      "gross_profit": 5623000000,
      "operating_income": 2928000000,
      "net_income": 2767000000,
      "opex": 7007000000,
      "cogs": 4312000000,
      "rd": 2096000000,
      "sga": 627000000,
      "fcf": 2949000000,
      "ocf": 2949000000,
      "capex": null,
      "gross_margin": 0.5659788626069452,
      "op_margin": 0.29471565173628583,
      "fcf_margin": 0.29682939104177153,
      "incr_op_margin_yoy": 0.9809322033898306,
      "rev_growth_yoy": 0.04987847405685301,
      "rev_growth_yoy_accel": 0.2924410014811619,
      "op_leverage_ratio": Infinity,
      "fcf_margin_change": -0.17704385655410382
    },
    {
      "date": "2024-03-24T00:00:00",
      "quarter_label": "2024-03 (Q1)",
      "revenue": 9389000000,
      "gross_profit": 5283000000,
      "operating_income": 2340000000,
      "net_income": 2326000000,
      "opex": 7049000000,
      "cogs": 4106000000,
      "rd": 2236000000,
      "sga": 707000000,
      "fcf": 3554000000,
      "ocf": 3554000000,
      "capex": null,
      "gross_margin": 0.5626797316008094,
      "op_margin": 0.24922781978911493,
      "fcf_margin": 0.3785280647566301,
      "incr_op_margin_yoy": 2.192982456140351,
      "rev_growth_yoy": 0.0122911051212938,
      "rev_growth_yoy_accel": -0.03758736893555921,
      "fcf_margin_change": 0.08169867371485856
    },
    {
      "date": "2024-06-23T00:00:00",
      "quarter_label": "2024-06 (Q2)",
      "revenue": 9393000000,
      "gross_profit": 5219000000,
      "operating_income": 2221000000,
      "net_income": 2129000000,
      "opex": 7172000000,
      "cogs": 4174000000,
      "rd": 2259000000,
      "sga": 664000000,
      "fcf": 3052000000,
      "ocf": 3052000000,
      "capex": null,
      "gross_margin": 0.555626530394975,
      "op_margin": 0.23645267752581708,
      "fcf_margin": 0.32492281486213137,
      "incr_op_margin_yoy": 0.42250530785562634,
      "rev_growth_yoy": 0.11146609868654597,
      "rev_growth_yoy_accel": 0.09917499356525217,
      "fcf_margin_change": -0.05360524989449872
    },
    {
      "date": "2024-09-29T00:00:00",
      "quarter_label": "2024-09 (Q3)",
      "revenue": 10244000000,
      "gross_profit": 5777000000,
      "operating_income": 2582000000,
      "net_income": 2920000000,
      "opex": 7662000000,
      "cogs": 4467000000,
      "rd": 2302000000,
      "sga": 761000000,
      "fcf": 2647000000,
      "ocf": 2647000000,
      "capex": null,
      "gross_margin": 0.5639398672393596,
      "op_margin": 0.2520499804763764,
      "fcf_margin": 0.25839515814135106,
      "incr_op_margin_yoy": 0.726596404215747,
      "rev_growth_yoy": 0.18688448615455916,
      "rev_growth_yoy_accel": 0.07541838746801319,
      "op_leverage_ratio": 1.326079125358224,
      "fcf_margin_change": -0.06652765672078031
    },
    {
      "date": "2024-12-29T00:00:00",
      "quarter_label": "2024-12 (Q4)",
      "revenue": 11669000000,
      "gross_profit": 6508000000,
      "operating_income": 3555000000,
      "net_income": 3180000000,
      "opex": 8114000000,
      "cogs": 5161000000,
      "rd": 2230000000,
      "sga": 723000000,
      "fcf": 4587000000,
      "ocf": 4587000000,
      "capex": null,
      "gross_margin": 0.5577170280229669,
      "op_margin": 0.30465335504327706,
      "fcf_margin": 0.3930928100094267,
      "incr_op_margin_yoy": 0.3615916955017301,
      "rev_growth_yoy": 0.17453447408152994,
      "rev_growth_yoy_accel": -0.012350012073029215,
      "op_leverage_ratio": 2.3580282695158488,
      "fcf_margin_change": 0.13469765186807564
    },
    {
      "date": "2025-03-30T00:00:00",
      "quarter_label": "2025-03 (Q1)",
      "revenue": 10979000000,
      "gross_profit": 6042000000,
      "operating_income": 3120000000,
      "net_income": 2812000000,
      "opex": 7859000000,
      "cogs": 4937000000,
      "rd": 2216000000,
      "sga": 706000000,
      "fcf": 2554000000,
      "ocf": 2554000000,
      "capex": null,
      "gross_margin": 0.5503233445669005,
      "op_margin": 0.28417888696602606,
      "fcf_margin": 0.232625922215138,
      "incr_op_margin_yoy": 0.49056603773584906,
      "rev_growth_yoy": 0.16934710831824476,
      "rev_growth_yoy_accel": -0.005187365763285184,
      "fcf_margin_change": -0.1604668877942887
    },
    {
      "date": "2025-06-29T00:00:00",
      "quarter_label": "2025-06 (Q2)",
      "revenue": 10365000000,
      "gross_profit": 5759000000,
      "operating_income": 2762000000,
      "net_income": 2666000000,
      "opex": 7603000000,
      "cogs": 4606000000,
      "rd": 2226000000,
      "sga": 771000000,
      "fcf": 2875000000,
      "ocf": 2875000000,
      "capex": null,
      "gross_margin": 0.5556198745779064,
      "op_margin": 0.2664737095996141,
      "fcf_margin": 0.2773757838880849,
      "incr_op_margin_yoy": 0.5565843621399177,
      "rev_growth_yoy": 0.10348131587352284,
      "rev_growth_yoy_accel": -0.06586579244472192,
      "fcf_margin_change": 0.04474986167294692
    },
    {
      "date": "2025-09-28T00:00:00",
      "quarter_label": "2025-09 (Q3)",
      "revenue": 11271000000,
      "gross_profit": 6237000000,
      "operating_income": 2918000000,
      "net_income": -3117000000,
      "opex": 8353000000,
      "cogs": 5034000000,
      "rd": 2370000000,
      "sga": 910000000,
      "fcf": 3996000000,
      "ocf": 3996000000,
      "capex": null,
      "gross_margin": 0.5533670481767368,
      "op_margin": 0.2588945080294561,
      "fcf_margin": 0.35453819536864517,
      "incr_op_margin_yoy": 0.32716650438169426,
      "rev_growth_yoy": 0.10025380710659898,
      "rev_growth_yoy_accel": -0.0032275087669238617,
      "op_leverage_ratio": 0.8860997588036663,
      "fcf_margin_change": 0.07716241148056024
    }
  ],
  "signals": [
    {
      "quarter": "2025-09 (Q3)",
      "signal": "FCF MARGIN EXPANSION",
      "detail": "FCF margin: +27.7% -> +35.5% (+7.7%)",
      "severity": "MEDIUM"
    },
    {
      "quarter": "2025-06 (Q2)",
      "signal": "YoY REVENUE GROWTH DECELERATION",
      "detail": "YoY growth: +10.3% vs prior quarter YoY: +16.9% (decel: -6.6%)",
      "severity": "WARNING"
    },
    {
      "quarter": "2025-06 (Q2)",
      "signal": "INCREMENTAL MARGIN (YoY)",
      "detail": "YoY Incr OPM: +55.7% vs year-ago OPM: +23.6%",
      "severity": "HIGH"
    },
    {
      "quarter": "2025-03 (Q1)",
      "signal": "INCREMENTAL MARGIN (YoY)",
      "detail": "YoY Incr OPM: +49.1% vs year-ago OPM: +24.9%",
      "severity": "HIGH"
    },
    {
      "quarter": "2024-12 (Q4)",
      "signal": "FCF MARGIN EXPANSION",
      "detail": "FCF margin: +25.8% -> +39.3% (+13.5%)",
      "severity": "MEDIUM"
    },
    {
      "quarter": "2024-12 (Q4)",
      "signal": "OPERATING LEVERAGE",
      "detail": "Rev growth +13.9% vs OpEx growth +5.9% (leverage: 2.4x)",
      "severity": "MEDIUM"
    },
    {
      "quarter": "2024-09 (Q3)",
      "signal": "YoY REVENUE GROWTH ACCELERATION",
      "detail": "YoY growth: +18.7% vs prior quarter YoY: +11.1% (accel: +7.5%)",
      "severity": "MEDIUM"
    },
    {
      "quarter": "2024-09 (Q3)",
      "signal": "INCREMENTAL MARGIN (YoY)",
      "detail": "YoY Incr OPM: +72.7% vs year-ago OPM: +16.3%",
      "severity": "HIGH"
    },
    {
      "quarter": "2024-06 (Q2)",
      "signal": "YoY REVENUE GROWTH ACCELERATION",
      "detail": "YoY growth: +11.1% vs prior quarter YoY: +1.2% (accel: +9.9%)",
      "severity": "MEDIUM"
    },
    {
      "quarter": "2024-06 (Q2)",
      "signal": "INCREMENTAL MARGIN (YoY)",
      "detail": "YoY Incr OPM: +42.3% vs year-ago OPM: +21.6%",
      "severity": "HIGH"
    },
    {
      "quarter": "2024-03 (Q1)",
      "signal": "FCF MARGIN EXPANSION",
      "detail": "FCF margin: +29.7% -> +37.9% (+8.2%)",
      "severity": "MEDIUM"
    },
    {
      "quarter": "2024-03 (Q1)",
      "signal": "INCREMENTAL MARGIN (YoY)",
      "detail": "YoY Incr OPM: +219.3% vs year-ago OPM: +22.5%",
      "severity": "HIGH"
    },
    {
      "quarter": "2023-12 (Q4)",
      "signal": "YoY REVENUE GROWTH ACCELERATION",
      "detail": "YoY growth: +5.0% vs prior quarter YoY: -24.3% (accel: +29.2%)",
      "severity": "HIGH"
    },
    {
      "quarter": "2023-12 (Q4)",
      "signal": "INCREMENTAL MARGIN (YoY)",
      "detail": "YoY Incr OPM: +98.1% vs year-ago OPM: +26.0%",
      "severity": "HIGH"
    },
    {
      "quarter": "2023-09 (Q3)",
      "signal": "FCF MARGIN EXPANSION",
      "detail": "FCF margin: +31.4% -> +47.4% (+15.9%)",
      "severity": "MEDIUM"
    },
    {
      "quarter": "2023-09 (Q3)",
      "signal": "INCREMENTAL MARGIN (YoY)",
      "detail": "YoY Incr OPM: +81.6% vs year-ago OPM: +32.2%",
      "severity": "HIGH"
    },
    {
      "quarter": "2023-06 (Q2)",
      "signal": "FCF MARGIN EXPANSION",
      "detail": "FCF margin: +15.7% -> +31.4% (+15.7%)",
      "severity": "MEDIUM"
    },
    {
      "quarter": "2023-06 (Q2)",
      "signal": "YoY REVENUE GROWTH DECELERATION",
      "detail": "YoY growth: -22.7% vs prior quarter YoY: -16.9% (decel: -5.8%)",
      "severity": "WARNING"
    },
    {
      "quarter": "2023-06 (Q2)",
      "signal": "INCREMENTAL MARGIN (YoY)",
      "detail": "YoY Incr OPM: +106.6% vs year-ago OPM: +40.9%",
      "severity": "HIGH"
    },
    {
      "quarter": "2023-03 (Q1)",
      "signal": "YoY REVENUE GROWTH DECELERATION",
      "detail": "YoY growth: -16.9% vs prior quarter YoY: -11.6% (decel: -5.3%)",
      "severity": "WARNING"
    },
    {
      "quarter": "2023-03 (Q1)",
      "signal": "INCREMENTAL MARGIN (YoY)",
      "detail": "YoY Incr OPM: +93.6% vs year-ago OPM: +34.6%",
      "severity": "HIGH"
    },
    {
      "quarter": "2022-12 (Q4)",
      "signal": "FCF MARGIN EXPANSION",
      "detail": "FCF margin: +12.7% -> +32.7% (+20.0%)",
      "severity": "MEDIUM"
    },
    {
      "quarter": "2022-12 (Q4)",
      "signal": "YoY REVENUE GROWTH DECELERATION",
      "detail": "YoY growth: -11.6% vs prior quarter YoY: +22.1% (decel: -33.7%)",
      "severity": "WARNING"
    },
    {
      "quarter": "2022-12 (Q4)",
      "signal": "INCREMENTAL MARGIN (YoY)",
      "detail": "YoY Incr OPM: +112.6% vs year-ago OPM: +36.1%",
      "severity": "HIGH"
    },
    {
      "quarter": "2022-09 (Q3)",
      "signal": "YoY REVENUE GROWTH DECELERATION",
      "detail": "YoY growth: +22.1% vs prior quarter YoY: +35.7% (decel: -13.6%)",
      "severity": "WARNING"
    },
    {
      "quarter": "2022-06 (Q2)",
      "signal": "YoY REVENUE GROWTH DECELERATION",
      "detail": "YoY growth: +35.7% vs prior quarter YoY: +40.7% (decel: -5.0%)",
      "severity": "WARNING"
    },
    {
      "quarter": "2022-06 (Q2)",
      "signal": "INCREMENTAL MARGIN (YoY)",
      "detail": "YoY Incr OPM: +79.2% vs year-ago OPM: +27.2%",
      "severity": "HIGH"
    },
    {
      "quarter": "2022-03 (Q1)",
      "signal": "YoY REVENUE GROWTH ACCELERATION",
      "detail": "YoY growth: +40.7% vs prior quarter YoY: +30.0% (accel: +10.7%)",
      "severity": "MEDIUM"
    },
    {
      "quarter": "2022-03 (Q1)",
      "signal": "INCREMENTAL MARGIN (YoY)",
      "detail": "YoY Incr OPM: +52.4% vs year-ago OPM: +27.3%",
      "severity": "HIGH"
    },
    {
      "quarter": "2021-12 (Q4)",
      "signal": "FCF MARGIN EXPANSION",
      "detail": "FCF margin: +11.5% -> +19.2% (+7.7%)",
      "severity": "MEDIUM"
    },
    {
      "quarter": "2021-12 (Q4)",
      "signal": "OPERATING LEVERAGE",
      "detail": "Rev growth +14.7% vs OpEx growth +6.3% (leverage: 2.3x)",
      "severity": "MEDIUM"
    },
    {
      "quarter": "2021-12 (Q4)",
      "signal": "INCREMENTAL MARGIN (YoY)",
      "detail": "YoY Incr OPM: +54.2% vs year-ago OPM: +30.7%",
      "severity": "HIGH"
    },
    {
      "quarter": "2021-09 (Q3)",
      "signal": "OPERATING LEVERAGE",
      "detail": "Rev growth +15.8% vs OpEx growth +9.7% (leverage: 1.6x)",
      "severity": "MEDIUM"
    },
    {
      "quarter": "2021-06 (Q2)",
      "signal": "FCF MARGIN EXPANSION",
      "detail": "FCF margin: +36.7% -> +41.8% (+5.2%)",
      "severity": "MEDIUM"
    }
  ],
  "data_quality": {
    "n_quarters": 20,
    "coverage": {
      "revenue": [
        20,
        20
      ],
      "gross_profit": [
        20,
        20
      ],
      "op_income": [
        20,
        20
      ],
      "fcf": [
        20,
        20
      ]
    },
    "gaps": [],
    "warnings": []
  },
  "market_cap": null,
  "source": "SEC EDGAR",
  "last_updated": "2026-02-02T19:46:22.087309"
}