{
  "ticker": "QDEL",
  "name": "QUIDELORTHO CORP",
  "sector": "Healthcare",
  "industry": "Medical Devices",
  "quarters": [
    {
      "date": "2021-07-04T00:00:00",
      "quarter_label": "2021-07 (Q3)",
      "revenue": 176600000,
      "gross_profit": 108000000,
      "operating_income": 23300000,
      "net_income": 19100000,
      "opex": 84700000,
      "cogs": 68600000,
      "rd": 22600000,
      "sga": 54200000,
      "fcf": null,
      "ocf": null,
      "capex": null,
      "gross_margin": 0.6115515288788222,
      "op_margin": 0.1319365798414496,
      "fcf_margin": null
    },
    {
      "date": "2021-10-03T00:00:00",
      "quarter_label": "2021-10 (Q4)",
      "revenue": 509800000,
      "gross_profit": 375400000,
      "operating_income": 281800000,
      "net_income": 215700000,
      "opex": 93600000,
      "cogs": 134400000,
      "rd": 23700000,
      "sga": 63000000,
      "fcf": -29900000,
      "ocf": 77000000,
      "capex": -106900000,
      "gross_margin": 0.7363672028246371,
      "op_margin": 0.5527657905060808,
      "fcf_margin": -0.058650451157316597,
      "op_leverage_ratio": 17.955921462837363
    },
    {
      "date": "2022-01-02T00:00:00",
      "quarter_label": "2022-01 (Q1)",
      "revenue": 636900000,
      "gross_profit": 491200000,
      "operating_income": 376700000,
      "net_income": 291300000,
      "opex": 114500000,
      "cogs": 145700000,
      "rd": 26100000,
      "sga": 73700000,
      "fcf": 289000000,
      "ocf": 321400000,
      "capex": -32400000,
      "gross_margin": 0.771235672790077,
      "op_margin": 0.5914586277280578,
      "fcf_margin": 0.45376040194693046,
      "op_leverage_ratio": 1.1165425600807897,
      "fcf_margin_change": 0.512410853104247
    },
    {
      "date": "2022-04-03T00:00:00",
      "quarter_label": "2022-04 (Q2)",
      "revenue": 1002300000,
      "gross_profit": 742000000,
      "operating_income": 620700000,
      "net_income": 479900000,
      "opex": 121300000,
      "cogs": 260300000,
      "rd": 26400000,
      "sga": 84800000,
      "fcf": 478400000,
      "ocf": 500900000,
      "capex": -22500000,
      "gross_margin": 0.7402973161728026,
      "op_margin": 0.619275665968273,
      "fcf_margin": 0.4773022049286641,
      "op_leverage_ratio": 9.660372392009089,
      "fcf_margin_change": 0.02354180298173364
    },
    {
      "date": "2022-07-03T00:00:00",
      "quarter_label": "2022-07 (Q3)",
      "revenue": 613400000,
      "gross_profit": 337500000,
      "operating_income": 79700000,
      "net_income": 19300000,
      "opex": 257800000,
      "cogs": 275900000,
      "rd": 34200000,
      "sga": 118400000,
      "fcf": 198500000,
      "ocf": 224700000,
      "capex": -26200000,
      "gross_margin": 0.5502119334854907,
      "op_margin": 0.1299315291816107,
      "fcf_margin": 0.32360612976850345,
      "incr_op_margin_yoy": 0.12912087912087913,
      "rev_growth_yoy": 2.4733861834654585,
      "fcf_margin_change": -0.15369607516016065
    },
    {
      "date": "2022-10-02T00:00:00",
      "quarter_label": "2022-10 (Q4)",
      "revenue": 783800000,
      "gross_profit": 407500000,
      "operating_income": 56800000,
      "net_income": 19200000,
      "opex": 350700000,
      "cogs": 376300000,
      "rd": 65600000,
      "sga": 204200000,
      "fcf": -40200000,
      "ocf": -9700000,
      "capex": -30500000,
      "gross_margin": 0.5199030364889002,
      "op_margin": 0.07246746619035468,
      "fcf_margin": -0.05128859402908905,
      "incr_op_margin_yoy": -0.8211678832116789,
      "rev_growth_yoy": 0.5374656728128678,
      "rev_growth_yoy_accel": -1.9359205106525907,
      "op_leverage_ratio": 0.7708910752785916,
      "fcf_margin_change": -0.3748947237975925
    },
    {
      "date": "2023-01-01T00:00:00",
      "quarter_label": "2023-01 (Q1)",
      "revenue": 866500000,
      "gross_profit": 449000000,
      "operating_income": 86500000,
      "net_income": 30300000,
      "opex": 362500000,
      "cogs": 417500000,
      "rd": 64300000,
      "sga": 213600000,
      "fcf": 107700000,
      "ocf": 169400000,
      "capex": -61700000,
      "gross_margin": 0.5181765724177726,
      "op_margin": 0.0998268897864974,
      "fcf_margin": 0.1242931332948644,
      "incr_op_margin_yoy": -1.2639372822299653,
      "rev_growth_yoy": 0.36049615324226725,
      "rev_growth_yoy_accel": -0.1769695195706006,
      "op_leverage_ratio": 3.1358408189567553,
      "fcf_margin_change": 0.17558172732395344
    },
    {
      "date": "2023-04-02T00:00:00",
      "quarter_label": "2023-04 (Q2)",
      "revenue": 846100000,
      "gross_profit": 448600000,
      "operating_income": 99600000,
      "net_income": 48800000,
      "opex": 349000000,
      "cogs": 397500000,
      "rd": 62300000,
      "sga": 202400000,
      "fcf": 122900000,
      "ocf": 188900000,
      "capex": -66000000,
      "gross_margin": 0.5301973761966671,
      "op_margin": 0.11771658196430682,
      "fcf_margin": 0.14525469802623803,
      "incr_op_margin_yoy": 3.3361075544174135,
      "rev_growth_yoy": -0.1558415644018757,
      "rev_growth_yoy_accel": -0.5163377176441429,
      "fcf_margin_change": 0.02096156473137363
    },
    {
      "date": "2023-07-02T00:00:00",
      "quarter_label": "2023-07 (Q3)",
      "revenue": 665100000,
      "gross_profit": 296400000,
      "operating_income": -26900000,
      "net_income": -53200000,
      "opex": 323300000,
      "cogs": 368700000,
      "rd": 62800000,
      "sga": 179100000,
      "fcf": -81900000,
      "ocf": -30600000,
      "capex": -51300000,
      "gross_margin": 0.4456472710870546,
      "op_margin": -0.040445045857765746,
      "fcf_margin": -0.12313937753721245,
      "incr_op_margin_yoy": -2.0618955512572534,
      "rev_growth_yoy": 0.0842843169220737,
      "rev_growth_yoy_accel": 0.24012588132394938,
      "fcf_margin_change": -0.26839407556345046
    },
    {
      "date": "2023-10-01T00:00:00",
      "quarter_label": "2023-10 (Q4)",
      "revenue": 744000000,
      "gross_profit": 368100000,
      "operating_income": 26300000,
      "net_income": -12700000,
      "opex": 341800000,
      "cogs": 375900000,
      "rd": 62400000,
      "sga": 194100000,
      "fcf": -1900000,
      "ocf": 41500000,
      "capex": -43400000,
      "gross_margin": 0.494758064516129,
      "op_margin": 0.035349462365591396,
      "fcf_margin": -0.002553763440860215,
      "incr_op_margin_yoy": 0.7663316582914573,
      "rev_growth_yoy": -0.05077825976014289,
      "rev_growth_yoy_accel": -0.13506257668221658,
      "op_leverage_ratio": 2.07311804361872,
      "fcf_margin_change": 0.12058561409635224
    },
    {
      "date": "2023-12-31T00:00:00",
      "quarter_label": "2023-12 (Q4)",
      "revenue": 742600000,
      "gross_profit": 381300000,
      "operating_income": 40100000,
      "net_income": 7000000,
      "opex": 341200000,
      "cogs": 361300000,
      "rd": 59300000,
      "sga": 187600000,
      "fcf": 31800000,
      "ocf": 80400000,
      "capex": -48600000,
      "gross_margin": 0.5134661998384056,
      "op_margin": 0.053999461352006464,
      "fcf_margin": 0.042822515486129815,
      "incr_op_margin_yoy": 0.3744955609362389,
      "rev_growth_yoy": -0.14298903635314483,
      "rev_growth_yoy_accel": -0.09221077659300195,
      "fcf_margin_change": 0.04537627892699003
    },
    {
      "date": "2024-03-31T00:00:00",
      "quarter_label": "2024-03 (Q1)",
      "revenue": 711000000,
      "gross_profit": 332100000,
      "operating_income": -1758000000,
      "net_income": -1706000000,
      "opex": 2090100000,
      "cogs": 378900000,
      "rd": 59200000,
      "sga": 204700000,
      "fcf": -66800000,
      "ocf": -700000,
      "capex": -66100000,
      "gross_margin": 0.4670886075949367,
      "op_margin": -2.4725738396624473,
      "fcf_margin": -0.0939521800281294,
      "incr_op_margin_yoy": 13.74981495188749,
      "rev_growth_yoy": -0.1596737974234724,
      "rev_growth_yoy_accel": -0.01668476107032757,
      "fcf_margin_change": -0.13677469551425922
    },
    {
      "date": "2024-06-30T00:00:00",
      "quarter_label": "2024-06 (Q2)",
      "revenue": 637000000,
      "gross_profit": 276000000,
      "operating_income": -117500000,
      "net_income": -147700000,
      "opex": 393500000,
      "cogs": 361000000,
      "rd": 56300000,
      "sga": 188200000,
      "fcf": -133200000,
      "ocf": -97900000,
      "capex": -35300000,
      "gross_margin": 0.43328100470957615,
      "op_margin": -0.18445839874411302,
      "fcf_margin": -0.20910518053375196,
      "incr_op_margin_yoy": 3.224199288256228,
      "rev_growth_yoy": -0.04224928582168095,
      "rev_growth_yoy_accel": 0.11742451160179146,
      "fcf_margin_change": -0.11515300050562256
    },
    {
      "date": "2024-09-29T00:00:00",
      "quarter_label": "2024-09 (Q3)",
      "revenue": 727100000,
      "gross_profit": 352300000,
      "operating_income": 15000000,
      "net_income": -19900000,
      "opex": 337300000,
      "cogs": 374800000,
      "rd": 55900000,
      "sga": 186400000,
      "fcf": 71400000,
      "ocf": 117900000,
      "capex": -46500000,
      "gross_margin": 0.48452757529913354,
      "op_margin": 0.020629899601155275,
      "fcf_margin": 0.0981983221014991,
      "incr_op_margin_yoy": 0.6686390532544378,
      "rev_growth_yoy": -0.02271505376344086,
      "rev_growth_yoy_accel": 0.01953423205824009,
      "op_leverage_ratio": null,
      "fcf_margin_change": 0.3073035026352511
    },
    {
      "date": "2024-12-29T00:00:00",
      "quarter_label": "2024-12 (Q4)",
      "revenue": 707800000,
      "gross_profit": 326100000,
      "operating_income": -100400000,
      "net_income": -178400000,
      "opex": 426500000,
      "cogs": 381700000,
      "rd": 47300000,
      "sga": 187500000,
      "fcf": 16500000,
      "ocf": 63700000,
      "capex": -47200000,
      "gross_margin": 0.46072336818310256,
      "op_margin": -0.14184797965526985,
      "fcf_margin": 0.02331166996326646,
      "incr_op_margin_yoy": 4.037356321839081,
      "rev_growth_yoy": -0.046862375437651496,
      "rev_growth_yoy_accel": -0.024147321674210635,
      "fcf_margin_change": -0.07488665213823265
    },
    {
      "date": "2025-03-30T00:00:00",
      "quarter_label": "2025-03 (Q1)",
      "revenue": 692800000,
      "gross_profit": 343300000,
      "operating_income": 32600000,
      "net_income": -12700000,
      "opex": 310700000,
      "cogs": 349500000,
      "rd": 53200000,
      "sga": 187000000,
      "fcf": 9400000,
      "ocf": 65600000,
      "capex": -56200000,
      "gross_margin": 0.4955254041570439,
      "op_margin": 0.047055427251732104,
      "fcf_margin": 0.013568129330254041,
      "incr_op_margin_yoy": -98.38461538461539,
      "rev_growth_yoy": -0.02559774964838256,
      "rev_growth_yoy_accel": 0.021264625789268937,
      "fcf_margin_change": -0.009743540633012419
    },
    {
      "date": "2025-06-29T00:00:00",
      "quarter_label": "2025-06 (Q2)",
      "revenue": 613900000,
      "gross_profit": 274900000,
      "operating_income": -180700000,
      "net_income": -255400000,
      "opex": 455600000,
      "cogs": 339000000,
      "rd": 45700000,
      "sga": 178000000,
      "fcf": -84300000,
      "ocf": -46800000,
      "capex": -37500000,
      "gross_margin": 0.44779280013031436,
      "op_margin": -0.29434761361785305,
      "fcf_margin": -0.13731878156051475,
      "incr_op_margin_yoy": 2.735930735930736,
      "rev_growth_yoy": -0.03626373626373627,
      "rev_growth_yoy_accel": -0.010665986615353708,
      "fcf_margin_change": -0.15088691089076878
    },
    {
      "date": "2025-09-28T00:00:00",
      "quarter_label": "2025-09 (Q3)",
      "revenue": 699900000,
      "gross_profit": 335600000,
      "operating_income": -704800000,
      "net_income": -733000000,
      "opex": 1040400000,
      "cogs": 364300000,
      "rd": 41500000,
      "sga": 186900000,
      "fcf": -94700000,
      "ocf": -45500000,
      "capex": -49200000,
      "gross_margin": 0.4794970710101443,
      "op_margin": -1.0070010001428775,
      "fcf_margin": -0.13530504357765394,
      "incr_op_margin_yoy": 26.46323529411765,
      "rev_growth_yoy": -0.037408884610094895,
      "rev_growth_yoy_accel": -0.0011451483463586279,
      "op_leverage_ratio": 0.10913829613943639,
      "fcf_margin_change": 0.002013737982860808
    },
    {
      "date": "2025-12-28T00:00:00",
      "quarter_label": "2025-12 (Q4)",
      "revenue": 723600000,
      "gross_profit": 320400000,
      "operating_income": -66300000,
      "net_income": -130700000,
      "opex": 386700000,
      "cogs": 403200000,
      "rd": 45800000,
      "sga": 194400000,
      "fcf": 86600000,
      "ocf": 131900000,
      "capex": -45300000,
      "gross_margin": 0.4427860696517413,
      "op_margin": -0.09162520729684909,
      "fcf_margin": 0.11967938087341072,
      "incr_op_margin_yoy": 2.1582278481012658,
      "rev_growth_yoy": 0.022322690025430914,
      "rev_growth_yoy_accel": 0.05973157463552581,
      "op_leverage_ratio": null,
      "fcf_margin_change": 0.2549844244510647
    }
  ],
  "signals": [
    {
      "quarter": "2025-12 (Q4)",
      "signal": "FCF TURNED POSITIVE",
      "detail": "FCF margin: -13.5% -> +12.0%",
      "severity": "HIGH"
    },
    {
      "quarter": "2025-12 (Q4)",
      "signal": "YoY REVENUE GROWTH ACCELERATION",
      "detail": "YoY growth: +2.2% vs prior quarter YoY: -3.7% (accel: +6.0%)",
      "severity": "MEDIUM"
    },
    {
      "quarter": "2025-09 (Q3)",
      "signal": "GROSS MARGIN INFLECTION",
      "detail": "GM: +49.6% -> +44.8% -> +47.9% (reversal +3.2%)",
      "severity": "MEDIUM"
    },
    {
      "quarter": "2025-03 (Q1)",
      "signal": "GROSS MARGIN INFLECTION",
      "detail": "GM: +48.5% -> +46.1% -> +49.6% (reversal +3.5%)",
      "severity": "MEDIUM"
    },
    {
      "quarter": "2025-03 (Q1)",
      "signal": "OP MARGIN TURNED POSITIVE (YoY)",
      "detail": "Op margin: -247.3% (year-ago) -> +4.7%",
      "severity": "HIGH"
    },
    {
      "quarter": "2025-03 (Q1)",
      "signal": "OP MARGIN TURNED POSITIVE (QoQ)",
      "detail": "Op margin: -14.2% -> +4.7%",
      "severity": "HIGH"
    },
    {
      "quarter": "2024-09 (Q3)",
      "signal": "FCF TURNED POSITIVE",
      "detail": "FCF margin: -20.9% -> +9.8%",
      "severity": "HIGH"
    },
    {
      "quarter": "2024-09 (Q3)",
      "signal": "GROSS MARGIN INFLECTION",
      "detail": "GM: +46.7% -> +43.3% -> +48.5% (reversal +5.1%)",
      "severity": "HIGH"
    },
    {
      "quarter": "2024-09 (Q3)",
      "signal": "INCREMENTAL MARGIN (YoY)",
      "detail": "YoY Incr OPM: +66.9% vs year-ago OPM: +3.5%",
      "severity": "HIGH"
    },
    {
      "quarter": "2024-09 (Q3)",
      "signal": "OP MARGIN TURNED POSITIVE (QoQ)",
      "detail": "Op margin: -18.4% -> +2.1%",
      "severity": "HIGH"
    },
    {
      "quarter": "2024-06 (Q2)",
      "signal": "YoY REVENUE GROWTH ACCELERATION",
      "detail": "YoY growth: -4.2% vs prior quarter YoY: -16.0% (accel: +11.7%)",
      "severity": "MEDIUM"
    },
    {
      "quarter": "2023-12 (Q4)",
      "signal": "FCF TURNED POSITIVE",
      "detail": "FCF margin: -0.3% -> +4.3%",
      "severity": "HIGH"
    },
    {
      "quarter": "2023-12 (Q4)",
      "signal": "YoY REVENUE GROWTH DECELERATION",
      "detail": "YoY growth: -14.3% vs prior quarter YoY: -5.1% (decel: -9.2%)",
      "severity": "WARNING"
    },
    {
      "quarter": "2023-12 (Q4)",
      "signal": "INCREMENTAL MARGIN (YoY)",
      "detail": "YoY Incr OPM: +37.4% vs year-ago OPM: +10.0%",
      "severity": "HIGH"
    },
    {
      "quarter": "2023-10 (Q4)",
      "signal": "FCF MARGIN EXPANSION",
      "detail": "FCF margin: -12.3% -> -0.3% (+12.1%)",
      "severity": "MEDIUM"
    },
    {
      "quarter": "2023-10 (Q4)",
      "signal": "OPERATING LEVERAGE",
      "detail": "Rev growth +11.9% vs OpEx growth +5.7% (leverage: 2.1x)",
      "severity": "MEDIUM"
    },
    {
      "quarter": "2023-10 (Q4)",
      "signal": "GROSS MARGIN INFLECTION",
      "detail": "GM: +53.0% -> +44.6% -> +49.5% (reversal +4.9%)",
      "severity": "MEDIUM"
    },
    {
      "quarter": "2023-10 (Q4)",
      "signal": "YoY REVENUE GROWTH DECELERATION",
      "detail": "YoY growth: -5.1% vs prior quarter YoY: +8.4% (decel: -13.5%)",
      "severity": "WARNING"
    },
    {
      "quarter": "2023-10 (Q4)",
      "signal": "INCREMENTAL MARGIN (YoY)",
      "detail": "YoY Incr OPM: +76.6% vs year-ago OPM: +7.2%",
      "severity": "HIGH"
    },
    {
      "quarter": "2023-10 (Q4)",
      "signal": "OP MARGIN TURNED POSITIVE (QoQ)",
      "detail": "Op margin: -4.0% -> +3.5%",
      "severity": "HIGH"
    },
    {
      "quarter": "2023-07 (Q3)",
      "signal": "YoY REVENUE GROWTH ACCELERATION",
      "detail": "YoY growth: +8.4% vs prior quarter YoY: -15.6% (accel: +24.0%)",
      "severity": "HIGH"
    },
    {
      "quarter": "2023-04 (Q2)",
      "signal": "YoY REVENUE GROWTH DECELERATION",
      "detail": "YoY growth: -15.6% vs prior quarter YoY: +36.0% (decel: -51.6%)",
      "severity": "WARNING"
    },
    {
      "quarter": "2023-04 (Q2)",
      "signal": "INCREMENTAL MARGIN (YoY)",
      "detail": "YoY Incr OPM: +333.6% vs year-ago OPM: +61.9%",
      "severity": "HIGH"
    },
    {
      "quarter": "2023-01 (Q1)",
      "signal": "FCF TURNED POSITIVE",
      "detail": "FCF margin: -5.1% -> +12.4%",
      "severity": "HIGH"
    },
    {
      "quarter": "2023-01 (Q1)",
      "signal": "OPERATING LEVERAGE",
      "detail": "Rev growth +10.6% vs OpEx growth +3.4% (leverage: 3.1x)",
      "severity": "MEDIUM"
    },
    {
      "quarter": "2023-01 (Q1)",
      "signal": "YoY REVENUE GROWTH DECELERATION",
      "detail": "YoY growth: +36.0% vs prior quarter YoY: +53.7% (decel: -17.7%)",
      "severity": "WARNING"
    },
    {
      "quarter": "2022-10 (Q4)",
      "signal": "YoY REVENUE GROWTH DECELERATION",
      "detail": "YoY growth: +53.7% vs prior quarter YoY: +247.3% (decel: -193.6%)",
      "severity": "WARNING"
    },
    {
      "quarter": "2022-04 (Q2)",
      "signal": "OPERATING LEVERAGE",
      "detail": "Rev growth +57.4% vs OpEx growth +5.9% (leverage: 9.7x)",
      "severity": "MEDIUM"
    },
    {
      "quarter": "2022-01 (Q1)",
      "signal": "FCF TURNED POSITIVE",
      "detail": "FCF margin: -5.9% -> +45.4%",
      "severity": "HIGH"
    },
    {
      "quarter": "2021-10 (Q4)",
      "signal": "OPERATING LEVERAGE",
      "detail": "Rev growth +188.7% vs OpEx growth +10.5% (leverage: 18.0x)",
      "severity": "MEDIUM"
    }
  ],
  "data_quality": {
    "n_quarters": 19,
    "coverage": {
      "revenue": [
        19,
        19
      ],
      "gross_profit": [
        19,
        19
      ],
      "op_income": [
        19,
        19
      ],
      "fcf": [
        18,
        19
      ]
    },
    "gaps": [],
    "warnings": []
  },
  "market_cap": null,
  "source": "SEC EDGAR",
  "last_updated": "2026-02-24T10:23:28.064751"
}