{
  "ticker": "QLYS",
  "name": "QUALYS, INC.",
  "quarters": [
    {
      "date": "2020-12-31T00:00:00",
      "quarter_label": "2020-12 (Q4)",
      "revenue": 94801000,
      "gross_profit": 73580000,
      "operating_income": 24412000,
      "net_income": 23816000,
      "opex": 49168000,
      "cogs": 21221000,
      "rd": 18643000,
      "sga": null,
      "fcf": 31494000,
      "ocf": 38789000,
      "capex": -7295000,
      "gross_margin": 0.7761521502937733,
      "op_margin": 0.25750783219586293,
      "fcf_margin": 0.3322116855307434
    },
    {
      "date": "2021-03-31T00:00:00",
      "quarter_label": "2021-03 (Q1)",
      "revenue": 96756000,
      "gross_profit": 75076000,
      "operating_income": -2705000,
      "net_income": 228000,
      "opex": 77781000,
      "cogs": 21680000,
      "rd": 17749000,
      "sga": null,
      "fcf": 51595000,
      "ocf": 57854000,
      "capex": -6259000,
      "gross_margin": 0.7759312084005127,
      "op_margin": -0.02795692256810947,
      "fcf_margin": 0.5332485840671379,
      "op_leverage_ratio": 0.03543667710066804,
      "fcf_margin_change": 0.20103689853639456
    },
    {
      "date": "2021-06-30T00:00:00",
      "quarter_label": "2021-06 (Q2)",
      "revenue": 99702000,
      "gross_profit": 78150000,
      "operating_income": 29362000,
      "net_income": 21142000,
      "opex": 48788000,
      "cogs": 21552000,
      "rd": 19805000,
      "sga": null,
      "fcf": 47734000,
      "ocf": 54386000,
      "capex": -6652000,
      "gross_margin": 0.7838358307757116,
      "op_margin": 0.2944976028565124,
      "fcf_margin": 0.47876672484002325,
      "op_leverage_ratio": Infinity,
      "fcf_margin_change": -0.05448185922711468
    },
    {
      "date": "2021-09-30T00:00:00",
      "quarter_label": "2021-09 (Q3)",
      "revenue": 104934000,
      "gross_profit": 82455000,
      "operating_income": 31977000,
      "net_income": 27769000,
      "opex": 50478000,
      "cogs": 22479000,
      "rd": 21336000,
      "sga": null,
      "fcf": 41323000,
      "ocf": 48501000,
      "capex": -7178000,
      "gross_margin": 0.7857796329121162,
      "op_margin": 0.30473440448281774,
      "fcf_margin": 0.39379991232584294,
      "op_leverage_ratio": 1.514921661818491,
      "fcf_margin_change": -0.08496681251418031
    },
    {
      "date": "2021-12-31T00:00:00",
      "quarter_label": "2021-12 (Q4)",
      "revenue": 109780000,
      "gross_profit": 86052000,
      "operating_income": 29049000,
      "net_income": 21821000,
      "opex": 57003000,
      "cogs": 23728000,
      "rd": 22399000,
      "sga": null,
      "fcf": 35540000,
      "ocf": 39875000,
      "capex": -4335000,
      "gross_margin": 0.7838586263435963,
      "op_margin": 0.2646110402623429,
      "fcf_margin": 0.32373838586263437,
      "incr_op_margin_yoy": 0.30956672675078445,
      "rev_growth_yoy": 0.15800466239807598,
      "op_leverage_ratio": 0.3572636286541579,
      "fcf_margin_change": -0.07006152646320857
    },
    {
      "date": "2022-03-31T00:00:00",
      "quarter_label": "2022-03 (Q1)",
      "revenue": 113420000,
      "gross_profit": 89418000,
      "operating_income": 33535000,
      "net_income": 25410000,
      "opex": 55883000,
      "cogs": 24002000,
      "rd": 23107000,
      "sga": null,
      "fcf": 71401000,
      "ocf": 79040000,
      "capex": -7639000,
      "gross_margin": 0.7883794745194851,
      "op_margin": 0.29567095750308586,
      "fcf_margin": 0.6295274202080762,
      "incr_op_margin_yoy": 2.1747479596735477,
      "rev_growth_yoy": 0.17222704535119268,
      "rev_growth_yoy_accel": 0.014222382953116702,
      "op_leverage_ratio": Infinity,
      "fcf_margin_change": 0.3057890343454418
    },
    {
      "date": "2022-06-30T00:00:00",
      "quarter_label": "2022-06 (Q2)",
      "revenue": 119893000,
      "gross_profit": 94847000,
      "operating_income": 32993000,
      "net_income": 26596000,
      "opex": 61854000,
      "cogs": 25046000,
      "rd": 24791000,
      "sga": null,
      "fcf": 30300000,
      "ocf": 33811000,
      "capex": -3511000,
      "gross_margin": 0.7910970615465457,
      "op_margin": 0.27518704177891956,
      "fcf_margin": 0.2527253467675344,
      "incr_op_margin_yoy": 0.17983259868258133,
      "rev_growth_yoy": 0.20251349020079837,
      "rev_growth_yoy_accel": 0.030286444849605687,
      "op_leverage_ratio": 0.5341320098219984,
      "fcf_margin_change": -0.3768020734405418
    },
    {
      "date": "2022-09-30T00:00:00",
      "quarter_label": "2022-09 (Q3)",
      "revenue": 125561000,
      "gross_profit": 99569000,
      "operating_income": 33346000,
      "net_income": 27660000,
      "opex": 66223000,
      "cogs": 25992000,
      "rd": 25478000,
      "sga": null,
      "fcf": 40918000,
      "ocf": 42159000,
      "capex": -1241000,
      "gross_margin": 0.7929930472041478,
      "op_margin": 0.2655760944879381,
      "fcf_margin": 0.32588144407897357,
      "incr_op_margin_yoy": 0.06636932176273816,
      "rev_growth_yoy": 0.1965711780738369,
      "rev_growth_yoy_accel": -0.005942312126961474,
      "op_leverage_ratio": 0.6693014401563069,
      "fcf_margin_change": 0.07315609731143918
    },
    {
      "date": "2022-12-31T00:00:00",
      "quarter_label": "2022-12 (Q4)",
      "revenue": 130849000,
      "gross_profit": 103101000,
      "operating_income": 30673000,
      "net_income": 28326000,
      "opex": 72428000,
      "cogs": 27748000,
      "rd": 27810000,
      "sga": null,
      "fcf": 40874000,
      "ocf": 43844000,
      "capex": -2970000,
      "gross_margin": 0.7879387691155454,
      "op_margin": 0.2344152419964998,
      "fcf_margin": 0.31237533339956747,
      "incr_op_margin_yoy": 0.07708007024538421,
      "rev_growth_yoy": 0.19192020404445254,
      "rev_growth_yoy_accel": -0.004650974029384358,
      "op_leverage_ratio": 0.44947314197636046,
      "fcf_margin_change": -0.013506110679406103
    },
    {
      "date": "2023-03-31T00:00:00",
      "quarter_label": "2023-03 (Q1)",
      "revenue": 130683000,
      "gross_profit": 103729000,
      "operating_income": 35178000,
      "net_income": 29105000,
      "opex": 68551000,
      "cogs": 26954000,
      "rd": 27795000,
      "sga": null,
      "fcf": 62776000,
      "ocf": 66813000,
      "capex": -4037000,
      "gross_margin": 0.793745169608901,
      "op_margin": 0.26918573953765984,
      "fcf_margin": 0.4803685253629011,
      "incr_op_margin_yoy": 0.09517465098766147,
      "rev_growth_yoy": 0.15220419679068947,
      "rev_growth_yoy_accel": -0.039716007253763064,
      "fcf_margin_change": 0.16799319196333362
    },
    {
      "date": "2023-06-30T00:00:00",
      "quarter_label": "2023-06 (Q2)",
      "revenue": 137209000,
      "gross_profit": 110547000,
      "operating_income": 42827000,
      "net_income": 35382000,
      "opex": 67720000,
      "cogs": 26662000,
      "rd": 27424000,
      "sga": null,
      "fcf": 50097000,
      "ocf": 51515000,
      "capex": -1418000,
      "gross_margin": 0.8056833006581201,
      "op_margin": 0.3121296707941899,
      "fcf_margin": 0.365114533303209,
      "incr_op_margin_yoy": 0.567914067914068,
      "rev_growth_yoy": 0.14442878233091172,
      "rev_growth_yoy_accel": -0.007775414459777752,
      "op_leverage_ratio": Infinity,
      "fcf_margin_change": -0.11525399205969211
    },
    {
      "date": "2023-09-30T00:00:00",
      "quarter_label": "2023-09 (Q3)",
      "revenue": 141996000,
      "gross_profit": 115257000,
      "operating_income": 43595000,
      "net_income": 46515000,
      "opex": 71662000,
      "cogs": 26739000,
      "rd": 27782000,
      "sga": null,
      "fcf": 90630000,
      "ocf": 92438000,
      "capex": -1808000,
      "gross_margin": 0.8116918786444689,
      "op_margin": 0.30701569058283334,
      "fcf_margin": 0.6382574157018508,
      "incr_op_margin_yoy": 0.6236081533313051,
      "rev_growth_yoy": 0.13089255421667556,
      "rev_growth_yoy_accel": -0.01353622811423616,
      "op_leverage_ratio": 0.5993508945100543,
      "fcf_margin_change": 0.2731428823986418
    },
    {
      "date": "2023-12-31T00:00:00",
      "quarter_label": "2023-12 (Q4)",
      "revenue": 144570000,
      "gross_profit": 117440000,
      "operating_income": 41469000,
      "net_income": 40593000,
      "opex": 75971000,
      "cogs": 27130000,
      "rd": 27471000,
      "sga": null,
      "fcf": 32316000,
      "ocf": 33839000,
      "capex": -1523000,
      "gross_margin": 0.8123400428857993,
      "op_margin": 0.2868437435152521,
      "fcf_margin": 0.22353185308155218,
      "incr_op_margin_yoy": 0.7868231178485533,
      "rev_growth_yoy": 0.1048613287071357,
      "rev_growth_yoy_accel": -0.02603122550953986,
      "op_leverage_ratio": 0.3014705286773381,
      "fcf_margin_change": -0.4147255626202986
    },
    {
      "date": "2024-03-31T00:00:00",
      "quarter_label": "2024-03 (Q1)",
      "revenue": 145805000,
      "gross_profit": 118607000,
      "operating_income": 44761000,
      "net_income": 39731000,
      "opex": 73846000,
      "cogs": 27198000,
      "rd": 27530000,
      "sga": null,
      "fcf": 83454000,
      "ocf": 85505000,
      "capex": -2051000,
      "gross_margin": 0.8134631871335002,
      "op_margin": 0.30699221563046536,
      "fcf_margin": 0.5723672027708241,
      "incr_op_margin_yoy": 0.6337124718952519,
      "rev_growth_yoy": 0.11571512744580396,
      "rev_growth_yoy_accel": 0.010853798738668263,
      "fcf_margin_change": 0.3488353496892719
    },
    {
      "date": "2024-06-30T00:00:00",
      "quarter_label": "2024-06 (Q2)",
      "revenue": 148708000,
      "gross_profit": 122293000,
      "operating_income": 48068000,
      "net_income": 43772000,
      "opex": 74225000,
      "cogs": 26415000,
      "rd": 27119000,
      "sga": null,
      "fcf": 48798000,
      "ocf": 49824000,
      "capex": -1026000,
      "gross_margin": 0.8223700137181591,
      "op_margin": 0.32323748554213627,
      "fcf_margin": 0.3281464346235576,
      "incr_op_margin_yoy": 0.45577876337072787,
      "rev_growth_yoy": 0.08380645584473322,
      "rev_growth_yoy_accel": -0.03190867160107075,
      "op_leverage_ratio": 3.8793805548108447,
      "fcf_margin_change": -0.2442207681472665
    },
    {
      "date": "2024-09-30T00:00:00",
      "quarter_label": "2024-09 (Q3)",
      "revenue": 153867000,
      "gross_profit": 125035000,
      "operating_income": 44954000,
      "net_income": 46212000,
      "opex": 80081000,
      "cogs": 28832000,
      "rd": 28901000,
      "sga": null,
      "fcf": 57623000,
      "ocf": 61043000,
      "capex": -3420000,
      "gross_margin": 0.8126173903436085,
      "op_margin": 0.2921614121286566,
      "fcf_margin": 0.37449875541864075,
      "incr_op_margin_yoy": 0.11448066717210008,
      "rev_growth_yoy": 0.08360094650553537,
      "rev_growth_yoy_accel": -0.00020550933919784298,
      "op_leverage_ratio": 0.4397241654474217,
      "fcf_margin_change": 0.04635232079508317
    },
    {
      "date": "2024-12-31T00:00:00",
      "quarter_label": "2024-12 (Q4)",
      "revenue": 159191000,
      "gross_profit": 130154000,
      "operating_income": 49413000,
      "net_income": 43965000,
      "opex": 80741000,
      "cogs": 29037000,
      "rd": 28302000,
      "sga": null,
      "fcf": 41885000,
      "ocf": 47722000,
      "capex": -5837000,
      "gross_margin": 0.817596472162371,
      "op_margin": 0.3104007136081814,
      "fcf_margin": 0.2631116080682953,
      "incr_op_margin_yoy": 0.5433280897339443,
      "rev_growth_yoy": 0.1011343985612506,
      "rev_growth_yoy_accel": 0.01753345205571523,
      "op_leverage_ratio": 4.198344890933945,
      "fcf_margin_change": -0.11138714735034544
    },
    {
      "date": "2025-03-31T00:00:00",
      "quarter_label": "2025-03 (Q1)",
      "revenue": 159899000,
      "gross_profit": 130973000,
      "operating_income": 51755000,
      "net_income": 47534000,
      "opex": 79218000,
      "cogs": 28926000,
      "rd": 29154000,
      "sga": null,
      "fcf": 107550000,
      "ocf": 109588000,
      "capex": -2038000,
      "gross_margin": 0.8190983058055398,
      "op_margin": 0.32367306862456924,
      "fcf_margin": 0.6726120863795271,
      "incr_op_margin_yoy": 0.4962395345537108,
      "rev_growth_yoy": 0.09666335173690889,
      "rev_growth_yoy_accel": -0.004471046824341712,
      "fcf_margin_change": 0.40950047831123176
    },
    {
      "date": "2025-06-30T00:00:00",
      "quarter_label": "2025-06 (Q2)",
      "revenue": 164062000,
      "gross_profit": 135185000,
      "operating_income": 51407000,
      "net_income": 47290000,
      "opex": 83778000,
      "cogs": 28877000,
      "rd": 30249000,
      "sga": null,
      "fcf": 32444000,
      "ocf": 33771000,
      "capex": -1327000,
      "gross_margin": 0.8239872731040704,
      "op_margin": 0.31333885969938197,
      "fcf_margin": 0.1977545074423084,
      "incr_op_margin_yoy": 0.2174677608440797,
      "rev_growth_yoy": 0.10324932081663395,
      "rev_growth_yoy_accel": 0.006585969079725057,
      "op_leverage_ratio": 0.45229282069832893,
      "fcf_margin_change": -0.4748575789372187
    },
    {
      "date": "2025-09-30T00:00:00",
      "quarter_label": "2025-09 (Q3)",
      "revenue": 169882000,
      "gross_profit": 142084000,
      "operating_income": 59955000,
      "net_income": 50346000,
      "opex": 82129000,
      "cogs": 27798000,
      "rd": 28927000,
      "sga": null,
      "fcf": 89481000,
      "ocf": 90382000,
      "capex": -901000,
      "gross_margin": 0.8363687736193358,
      "op_margin": 0.35292143958747835,
      "fcf_margin": 0.5267244322529756,
      "incr_op_margin_yoy": 0.9366843584139869,
      "rev_growth_yoy": 0.10408339669974719,
      "rev_growth_yoy_accel": 0.0008340758831132389,
      "op_leverage_ratio": Infinity,
      "fcf_margin_change": 0.3289699248106672
    }
  ],
  "signals": [
    {
      "quarter": "2025-09 (Q3)",
      "signal": "FCF MARGIN EXPANSION",
      "detail": "FCF margin: +19.8% -> +52.7% (+32.9%)",
      "severity": "MEDIUM"
    },
    {
      "quarter": "2025-09 (Q3)",
      "signal": "INCREMENTAL MARGIN (YoY)",
      "detail": "YoY Incr OPM: +93.7% vs year-ago OPM: +29.2%",
      "severity": "HIGH"
    },
    {
      "quarter": "2025-03 (Q1)",
      "signal": "FCF MARGIN EXPANSION",
      "detail": "FCF margin: +26.3% -> +67.3% (+41.0%)",
      "severity": "MEDIUM"
    },
    {
      "quarter": "2025-03 (Q1)",
      "signal": "INCREMENTAL MARGIN (YoY)",
      "detail": "YoY Incr OPM: +49.6% vs year-ago OPM: +30.7%",
      "severity": "MEDIUM"
    },
    {
      "quarter": "2024-12 (Q4)",
      "signal": "OPERATING LEVERAGE",
      "detail": "Rev growth +3.5% vs OpEx growth +0.8% (leverage: 4.2x)",
      "severity": "MEDIUM"
    },
    {
      "quarter": "2024-12 (Q4)",
      "signal": "INCREMENTAL MARGIN (YoY)",
      "detail": "YoY Incr OPM: +54.3% vs year-ago OPM: +28.7%",
      "severity": "HIGH"
    },
    {
      "quarter": "2024-06 (Q2)",
      "signal": "OPERATING LEVERAGE",
      "detail": "Rev growth +2.0% vs OpEx growth +0.5% (leverage: 3.9x)",
      "severity": "MEDIUM"
    },
    {
      "quarter": "2024-06 (Q2)",
      "signal": "INCREMENTAL MARGIN (YoY)",
      "detail": "YoY Incr OPM: +45.6% vs year-ago OPM: +31.2%",
      "severity": "MEDIUM"
    },
    {
      "quarter": "2024-03 (Q1)",
      "signal": "FCF MARGIN EXPANSION",
      "detail": "FCF margin: +22.4% -> +57.2% (+34.9%)",
      "severity": "MEDIUM"
    },
    {
      "quarter": "2024-03 (Q1)",
      "signal": "INCREMENTAL MARGIN (YoY)",
      "detail": "YoY Incr OPM: +63.4% vs year-ago OPM: +26.9%",
      "severity": "HIGH"
    },
    {
      "quarter": "2023-12 (Q4)",
      "signal": "INCREMENTAL MARGIN (YoY)",
      "detail": "YoY Incr OPM: +78.7% vs year-ago OPM: +23.4%",
      "severity": "HIGH"
    },
    {
      "quarter": "2023-09 (Q3)",
      "signal": "FCF MARGIN EXPANSION",
      "detail": "FCF margin: +36.5% -> +63.8% (+27.3%)",
      "severity": "MEDIUM"
    },
    {
      "quarter": "2023-09 (Q3)",
      "signal": "INCREMENTAL MARGIN (YoY)",
      "detail": "YoY Incr OPM: +62.4% vs year-ago OPM: +26.6%",
      "severity": "HIGH"
    },
    {
      "quarter": "2023-06 (Q2)",
      "signal": "INCREMENTAL MARGIN (YoY)",
      "detail": "YoY Incr OPM: +56.8% vs year-ago OPM: +27.5%",
      "severity": "HIGH"
    },
    {
      "quarter": "2023-03 (Q1)",
      "signal": "FCF MARGIN EXPANSION",
      "detail": "FCF margin: +31.2% -> +48.0% (+16.8%)",
      "severity": "MEDIUM"
    },
    {
      "quarter": "2022-09 (Q3)",
      "signal": "FCF MARGIN EXPANSION",
      "detail": "FCF margin: +25.3% -> +32.6% (+7.3%)",
      "severity": "MEDIUM"
    },
    {
      "quarter": "2022-03 (Q1)",
      "signal": "FCF MARGIN EXPANSION",
      "detail": "FCF margin: +32.4% -> +63.0% (+30.6%)",
      "severity": "MEDIUM"
    },
    {
      "quarter": "2022-03 (Q1)",
      "signal": "OP MARGIN TURNED POSITIVE (YoY)",
      "detail": "Op margin: -2.8% (year-ago) -> +29.6%",
      "severity": "HIGH"
    },
    {
      "quarter": "2021-09 (Q3)",
      "signal": "OPERATING LEVERAGE",
      "detail": "Rev growth +5.2% vs OpEx growth +3.5% (leverage: 1.5x)",
      "severity": "MEDIUM"
    },
    {
      "quarter": "2021-06 (Q2)",
      "signal": "OP MARGIN TURNED POSITIVE (QoQ)",
      "detail": "Op margin: -2.8% -> +29.4%",
      "severity": "HIGH"
    },
    {
      "quarter": "2021-03 (Q1)",
      "signal": "FCF MARGIN EXPANSION",
      "detail": "FCF margin: +33.2% -> +53.3% (+20.1%)",
      "severity": "MEDIUM"
    }
  ],
  "data_quality": {
    "n_quarters": 20,
    "coverage": {
      "revenue": [
        20,
        20
      ],
      "gross_profit": [
        20,
        20
      ],
      "op_income": [
        20,
        20
      ],
      "fcf": [
        20,
        20
      ]
    },
    "gaps": [],
    "warnings": []
  },
  "market_cap": null,
  "source": "SEC EDGAR",
  "last_updated": "2026-02-02T21:06:04.921606"
}