{
  "ticker": "QMCO",
  "name": "QUANTUM CORP /DE/",
  "sector": "Technology",
  "industry": "Computer Hardware",
  "quarters": [
    {
      "date": "2021-03-31T00:00:00",
      "quarter_label": "2021-03 (Q1)",
      "revenue": 92427000,
      "gross_profit": 38888000,
      "operating_income": 2305000,
      "net_income": -17462000,
      "opex": 36583000,
      "cogs": 53539000,
      "rd": 11720000,
      "sga": null,
      "fcf": 17231000,
      "ocf": 19497000,
      "capex": -2266000,
      "gross_margin": 0.42074285652460863,
      "op_margin": 0.02493860019258442,
      "fcf_margin": 0.1864282082075584
    },
    {
      "date": "2021-06-30T00:00:00",
      "quarter_label": "2021-06 (Q2)",
      "revenue": 89099000,
      "gross_profit": 37278000,
      "operating_income": -56000,
      "net_income": -4153000,
      "opex": 37334000,
      "cogs": 51821000,
      "rd": 11291000,
      "sga": null,
      "fcf": -8016000,
      "ocf": -6866000,
      "capex": -1150000,
      "gross_margin": 0.4183885341025152,
      "op_margin": -0.0006285143492070619,
      "fcf_margin": -0.08996733970078227,
      "fcf_margin_change": -0.27639554790834064
    },
    {
      "date": "2021-09-30T00:00:00",
      "quarter_label": "2021-09 (Q3)",
      "revenue": 93180000,
      "gross_profit": 38387000,
      "operating_income": -938000,
      "net_income": -9253000,
      "opex": 39325000,
      "cogs": 54793000,
      "rd": 12389000,
      "sga": null,
      "fcf": -9642000,
      "ocf": -8396000,
      "capex": -1246000,
      "gross_margin": 0.4119660871431638,
      "op_margin": -0.010066537883666023,
      "fcf_margin": -0.1034771410173857,
      "op_leverage_ratio": 0.85886919876016,
      "fcf_margin_change": -0.013509801316603426
    },
    {
      "date": "2021-12-31T00:00:00",
      "quarter_label": "2021-12 (Q4)",
      "revenue": 95344000,
      "gross_profit": 35210000,
      "operating_income": -7225000,
      "net_income": -11060000,
      "opex": 42435000,
      "cogs": 60134000,
      "rd": 14607000,
      "sga": null,
      "fcf": -12994000,
      "ocf": -11419000,
      "capex": -1575000,
      "gross_margin": 0.36929434468870614,
      "op_margin": -0.07577823460312133,
      "fcf_margin": -0.1362854505789562,
      "op_leverage_ratio": 0.29365871400580695,
      "fcf_margin_change": -0.03280830956157049
    },
    {
      "date": "2022-03-31T00:00:00",
      "quarter_label": "2022-03 (Q1)",
      "revenue": 95204000,
      "gross_profit": 36158000,
      "operating_income": -5622000,
      "net_income": -7814000,
      "opex": 41780000,
      "cogs": 59046000,
      "rd": 13525000,
      "sga": null,
      "fcf": -9392000,
      "ocf": -7047000,
      "capex": -2345000,
      "gross_margin": 0.37979496659804207,
      "op_margin": -0.059052140666358555,
      "fcf_margin": -0.09865131717154742,
      "incr_op_margin_yoy": -2.8545192653943103,
      "rev_growth_yoy": 0.03004533307366895,
      "fcf_margin_change": 0.037634133407408774
    },
    {
      "date": "2022-06-30T00:00:00",
      "quarter_label": "2022-06 (Q2)",
      "revenue": 97074000,
      "gross_profit": 34048000,
      "operating_income": -7078000,
      "net_income": -10220000,
      "opex": 41126000,
      "cogs": 63026000,
      "rd": 12125000,
      "sga": null,
      "fcf": -21382000,
      "ocf": -18346000,
      "capex": -3036000,
      "gross_margin": 0.3507427323485176,
      "op_margin": -0.07291344747306179,
      "fcf_margin": -0.22026495251045594,
      "incr_op_margin_yoy": -0.8805015673981191,
      "rev_growth_yoy": 0.08950717740939854,
      "rev_growth_yoy_accel": 0.05946184433572958,
      "op_leverage_ratio": null,
      "fcf_margin_change": -0.12161363533890852
    },
    {
      "date": "2022-09-30T00:00:00",
      "quarter_label": "2022-09 (Q3)",
      "revenue": 99137000,
      "gross_profit": 27831000,
      "operating_income": -11169000,
      "net_income": -11944000,
      "opex": 39000000,
      "cogs": 71306000,
      "rd": 10546000,
      "sga": null,
      "fcf": -4348000,
      "ocf": 411000,
      "capex": -4759000,
      "gross_margin": 0.2807327234029676,
      "op_margin": -0.1126622754370215,
      "fcf_margin": -0.04385849884503263,
      "incr_op_margin_yoy": -1.7174752392143697,
      "rev_growth_yoy": 0.06393002790298347,
      "rev_growth_yoy_accel": -0.02557714950641507,
      "op_leverage_ratio": null,
      "fcf_margin_change": 0.17640645366542332
    },
    {
      "date": "2022-12-31T00:00:00",
      "quarter_label": "2022-12 (Q4)",
      "revenue": 111196000,
      "gross_profit": 40289000,
      "operating_income": 1768000,
      "net_income": -2170000,
      "opex": 38521000,
      "cogs": 70907000,
      "rd": 11254000,
      "sga": null,
      "fcf": -4510000,
      "ocf": -1661000,
      "capex": -2849000,
      "gross_margin": 0.3623241843231771,
      "op_margin": 0.015899852512680314,
      "fcf_margin": -0.0405590129141336,
      "incr_op_margin_yoy": 0.5673101185970224,
      "rev_growth_yoy": 0.16626111763718746,
      "rev_growth_yoy_accel": 0.10233108973420399,
      "op_leverage_ratio": null,
      "fcf_margin_change": 0.0032994859308990293
    },
    {
      "date": "2023-03-31T00:00:00",
      "quarter_label": "2023-03 (Q1)",
      "revenue": 109203000,
      "gross_profit": 35642000,
      "operating_income": -5666000,
      "net_income": -10176000,
      "opex": 41299000,
      "cogs": 73574000,
      "rd": 10630000,
      "sga": null,
      "fcf": 12765000,
      "ocf": 14702000,
      "capex": -1937000,
      "gross_margin": 0.3263829748266989,
      "op_margin": -0.051885021473769034,
      "fcf_margin": 0.11689239306612456,
      "incr_op_margin_yoy": -0.003143081648689192,
      "rev_growth_yoy": 0.14704214108650898,
      "rev_growth_yoy_accel": -0.019218976550678474,
      "fcf_margin_change": 0.15745140598025817
    },
    {
      "date": "2023-06-30T00:00:00",
      "quarter_label": "2023-06 (Q2)",
      "revenue": 91787000,
      "gross_profit": 34933000,
      "operating_income": -5847000,
      "net_income": -10576000,
      "opex": 40780000,
      "cogs": 56854000,
      "rd": 10913000,
      "sga": null,
      "fcf": -11743000,
      "ocf": -9444000,
      "capex": -2299000,
      "gross_margin": 0.38058766491986884,
      "op_margin": -0.06370183141403467,
      "fcf_margin": -0.12793750749016744,
      "incr_op_margin_yoy": -0.23283525628901078,
      "rev_growth_yoy": -0.05446360508478068,
      "rev_growth_yoy_accel": -0.20150574617128966,
      "fcf_margin_change": -0.244829900556292
    },
    {
      "date": "2023-09-30T00:00:00",
      "quarter_label": "2023-09 (Q3)",
      "revenue": 75680000,
      "gross_profit": 32736000,
      "operating_income": -3712000,
      "net_income": -3331000,
      "opex": 36448000,
      "cogs": 42944000,
      "rd": 9152000,
      "sga": null,
      "fcf": -3527000,
      "ocf": -1901000,
      "capex": -1626000,
      "gross_margin": 0.4325581395348837,
      "op_margin": -0.04904862579281184,
      "fcf_margin": -0.046604122621564485,
      "incr_op_margin_yoy": -0.31790083983459094,
      "rev_growth_yoy": -0.23661196122537498,
      "rev_growth_yoy_accel": -0.1821483561405943,
      "fcf_margin_change": 0.08133338486860295
    },
    {
      "date": "2023-12-31T00:00:00",
      "quarter_label": "2023-12 (Q4)",
      "revenue": 71926000,
      "gross_profit": 29181000,
      "operating_income": -6216000,
      "net_income": -9869000,
      "opex": 35397000,
      "cogs": 42745000,
      "rd": 8763000,
      "sga": null,
      "fcf": -10482000,
      "ocf": -9382000,
      "capex": -1100000,
      "gross_margin": 0.40570864499624615,
      "op_margin": -0.08642215610488557,
      "fcf_margin": -0.14573311458999527,
      "incr_op_margin_yoy": 0.20331041507512096,
      "rev_growth_yoy": -0.3531601856181877,
      "rev_growth_yoy_accel": -0.1165482243928127,
      "fcf_margin_change": -0.09912899196843078
    },
    {
      "date": "2024-03-31T00:00:00",
      "quarter_label": "2024-03 (Q1)",
      "revenue": 71500000,
      "gross_profit": 27332000,
      "operating_income": -13808000,
      "net_income": -18943000,
      "opex": 41141000,
      "cogs": 44168000,
      "rd": 9218000,
      "sga": null,
      "fcf": 9727000,
      "ocf": 10571000,
      "capex": -844000,
      "gross_margin": 0.3822657342657343,
      "op_margin": -0.19311888111888112,
      "fcf_margin": 0.13604195804195804,
      "incr_op_margin_yoy": 0.21595098533273213,
      "rev_growth_yoy": -0.3452560827083505,
      "rev_growth_yoy_accel": 0.007904102909837174,
      "fcf_margin_change": 0.28177507263195334
    },
    {
      "date": "2024-06-30T00:00:00",
      "quarter_label": "2024-06 (Q2)",
      "revenue": 71343000,
      "gross_profit": 26135000,
      "operating_income": -17725000,
      "net_income": -20820000,
      "opex": 43860000,
      "cogs": 45208000,
      "rd": 8308000,
      "sga": null,
      "fcf": -3516000,
      "ocf": -1896000,
      "capex": -1620000,
      "gross_margin": 0.36632886197664805,
      "op_margin": -0.2484476402730471,
      "fcf_margin": -0.049283041083217696,
      "incr_op_margin_yoy": 0.5810017609078458,
      "rev_growth_yoy": -0.2227330667741619,
      "rev_growth_yoy_accel": 0.1225230159341886,
      "fcf_margin_change": -0.18532499912517575
    },
    {
      "date": "2024-09-30T00:00:00",
      "quarter_label": "2024-09 (Q3)",
      "revenue": 70469000,
      "gross_profit": 29268000,
      "operating_income": -6934000,
      "net_income": -13527000,
      "opex": 36202000,
      "cogs": 41201000,
      "rd": 8264000,
      "sga": null,
      "fcf": -16906000,
      "ocf": -15298000,
      "capex": -1608000,
      "gross_margin": 0.4153315642339185,
      "op_margin": -0.09839787708070215,
      "fcf_margin": -0.2399069094211639,
      "incr_op_margin_yoy": 0.6183074265975821,
      "rev_growth_yoy": -0.06885570824524313,
      "rev_growth_yoy_accel": 0.15387735852891876,
      "fcf_margin_change": -0.1906238683379462
    },
    {
      "date": "2024-12-31T00:00:00",
      "quarter_label": "2024-12 (Q4)",
      "revenue": 72551000,
      "gross_profit": 31755000,
      "operating_income": -3860000,
      "net_income": -71433000,
      "opex": 35615000,
      "cogs": 40796000,
      "rd": 7683000,
      "sga": null,
      "fcf": -4247000,
      "ocf": -3151000,
      "capex": -1096000,
      "gross_margin": 0.43769210624250526,
      "op_margin": -0.05320395308128075,
      "fcf_margin": -0.05853813179694284,
      "rev_growth_yoy": 0.008689486416594833,
      "rev_growth_yoy_accel": 0.07754519466183797,
      "op_leverage_ratio": null,
      "fcf_margin_change": 0.18136877762422107
    },
    {
      "date": "2025-03-31T00:00:00",
      "quarter_label": "2025-03 (Q1)",
      "revenue": 59694000,
      "gross_profit": 22673000,
      "operating_income": -13161000,
      "net_income": -9311000,
      "opex": 35834000,
      "cogs": 37021000,
      "rd": 6886000,
      "sga": null,
      "fcf": -3891000,
      "ocf": -3268000,
      "capex": -623000,
      "gross_margin": 0.37982041746239154,
      "op_margin": -0.22047441953965222,
      "fcf_margin": -0.06518243039501458,
      "incr_op_margin_yoy": -0.054802642724038626,
      "rev_growth_yoy": -0.16511888111888112,
      "rev_growth_yoy_accel": -0.17380836753547596,
      "fcf_margin_change": -0.006644298598071738
    },
    {
      "date": "2025-06-30T00:00:00",
      "quarter_label": "2025-06 (Q2)",
      "revenue": 64286000,
      "gross_profit": 22712000,
      "operating_income": -12596000,
      "net_income": -17206000,
      "opex": 35308000,
      "cogs": 41574000,
      "rd": 6661000,
      "sga": null,
      "fcf": -18083000,
      "ocf": -16891000,
      "capex": -1192000,
      "gross_margin": 0.3532962075724108,
      "op_margin": -0.19593690694708024,
      "fcf_margin": -0.2812898609339514,
      "incr_op_margin_yoy": -0.7267960889896556,
      "rev_growth_yoy": -0.09891650196935929,
      "rev_growth_yoy_accel": 0.06620237914952183,
      "op_leverage_ratio": null,
      "fcf_margin_change": -0.21610743053893683
    },
    {
      "date": "2025-09-30T00:00:00",
      "quarter_label": "2025-09 (Q3)",
      "revenue": 62715000,
      "gross_profit": 23552000,
      "operating_income": -8158000,
      "net_income": -46456000,
      "opex": 31710000,
      "cogs": 39163000,
      "rd": 5692000,
      "sga": null,
      "fcf": -16012000,
      "ocf": -15598000,
      "capex": -414000,
      "gross_margin": 0.37554014191182333,
      "op_margin": -0.130080523000877,
      "fcf_margin": -0.25531372080044645,
      "incr_op_margin_yoy": 0.1578540108331184,
      "rev_growth_yoy": -0.11003419943521264,
      "rev_growth_yoy_accel": -0.011117697465853352,
      "fcf_margin_change": 0.025976140133504966
    },
    {
      "date": "2025-12-31T00:00:00",
      "quarter_label": "2025-12 (Q4)",
      "revenue": 74586000,
      "gross_profit": 28932000,
      "operating_income": -1188000,
      "net_income": -27843000,
      "opex": 30120000,
      "cogs": 45654000,
      "rd": 5573000,
      "sga": null,
      "fcf": -4268000,
      "ocf": -4949000,
      "capex": 681000,
      "gross_margin": 0.3879012147051725,
      "op_margin": -0.015927922130158475,
      "fcf_margin": -0.05722253506019896,
      "incr_op_margin_yoy": 1.313022113022113,
      "rev_growth_yoy": 0.028049234331711487,
      "rev_growth_yoy_accel": 0.13808343376692414,
      "op_leverage_ratio": null,
      "fcf_margin_change": 0.19809118574024748
    }
  ],
  "signals": [
    {
      "quarter": "2025-12 (Q4)",
      "signal": "FCF MARGIN EXPANSION",
      "detail": "FCF margin: -25.5% -> -5.7% (+19.8%)",
      "severity": "MEDIUM"
    },
    {
      "quarter": "2025-12 (Q4)",
      "signal": "YoY REVENUE GROWTH ACCELERATION",
      "detail": "YoY growth: +2.8% vs prior quarter YoY: -11.0% (accel: +13.8%)",
      "severity": "MEDIUM"
    },
    {
      "quarter": "2025-09 (Q3)",
      "signal": "GROSS MARGIN INFLECTION",
      "detail": "GM: +38.0% -> +35.3% -> +37.6% (reversal +2.2%)",
      "severity": "MEDIUM"
    },
    {
      "quarter": "2025-06 (Q2)",
      "signal": "YoY REVENUE GROWTH ACCELERATION",
      "detail": "YoY growth: -9.9% vs prior quarter YoY: -16.5% (accel: +6.6%)",
      "severity": "MEDIUM"
    },
    {
      "quarter": "2025-03 (Q1)",
      "signal": "YoY REVENUE GROWTH DECELERATION",
      "detail": "YoY growth: -16.5% vs prior quarter YoY: +0.9% (decel: -17.4%)",
      "severity": "WARNING"
    },
    {
      "quarter": "2024-12 (Q4)",
      "signal": "FCF MARGIN EXPANSION",
      "detail": "FCF margin: -24.0% -> -5.9% (+18.1%)",
      "severity": "MEDIUM"
    },
    {
      "quarter": "2024-12 (Q4)",
      "signal": "YoY REVENUE GROWTH ACCELERATION",
      "detail": "YoY growth: +0.9% vs prior quarter YoY: -6.9% (accel: +7.8%)",
      "severity": "MEDIUM"
    },
    {
      "quarter": "2024-09 (Q3)",
      "signal": "GROSS MARGIN INFLECTION",
      "detail": "GM: +38.2% -> +36.6% -> +41.5% (reversal +4.9%)",
      "severity": "MEDIUM"
    },
    {
      "quarter": "2024-09 (Q3)",
      "signal": "YoY REVENUE GROWTH ACCELERATION",
      "detail": "YoY growth: -6.9% vs prior quarter YoY: -22.3% (accel: +15.4%)",
      "severity": "HIGH"
    },
    {
      "quarter": "2024-06 (Q2)",
      "signal": "YoY REVENUE GROWTH ACCELERATION",
      "detail": "YoY growth: -22.3% vs prior quarter YoY: -34.5% (accel: +12.3%)",
      "severity": "MEDIUM"
    },
    {
      "quarter": "2024-03 (Q1)",
      "signal": "FCF TURNED POSITIVE",
      "detail": "FCF margin: -14.6% -> +13.6%",
      "severity": "HIGH"
    },
    {
      "quarter": "2023-12 (Q4)",
      "signal": "YoY REVENUE GROWTH DECELERATION",
      "detail": "YoY growth: -35.3% vs prior quarter YoY: -23.7% (decel: -11.7%)",
      "severity": "WARNING"
    },
    {
      "quarter": "2023-09 (Q3)",
      "signal": "FCF MARGIN EXPANSION",
      "detail": "FCF margin: -12.8% -> -4.7% (+8.1%)",
      "severity": "MEDIUM"
    },
    {
      "quarter": "2023-09 (Q3)",
      "signal": "YoY REVENUE GROWTH DECELERATION",
      "detail": "YoY growth: -23.7% vs prior quarter YoY: -5.4% (decel: -18.2%)",
      "severity": "WARNING"
    },
    {
      "quarter": "2023-06 (Q2)",
      "signal": "GROSS MARGIN INFLECTION",
      "detail": "GM: +36.2% -> +32.6% -> +38.1% (reversal +5.4%)",
      "severity": "HIGH"
    },
    {
      "quarter": "2023-06 (Q2)",
      "signal": "YoY REVENUE GROWTH DECELERATION",
      "detail": "YoY growth: -5.4% vs prior quarter YoY: +14.7% (decel: -20.2%)",
      "severity": "WARNING"
    },
    {
      "quarter": "2023-03 (Q1)",
      "signal": "FCF TURNED POSITIVE",
      "detail": "FCF margin: -4.1% -> +11.7%",
      "severity": "HIGH"
    },
    {
      "quarter": "2022-12 (Q4)",
      "signal": "GROSS MARGIN INFLECTION",
      "detail": "GM: +35.1% -> +28.1% -> +36.2% (reversal +8.2%)",
      "severity": "HIGH"
    },
    {
      "quarter": "2022-12 (Q4)",
      "signal": "YoY REVENUE GROWTH ACCELERATION",
      "detail": "YoY growth: +16.6% vs prior quarter YoY: +6.4% (accel: +10.2%)",
      "severity": "MEDIUM"
    },
    {
      "quarter": "2022-12 (Q4)",
      "signal": "OP MARGIN TURNED POSITIVE (YoY)",
      "detail": "Op margin: -7.6% (year-ago) -> +1.6%",
      "severity": "HIGH"
    },
    {
      "quarter": "2022-12 (Q4)",
      "signal": "OP MARGIN TURNED POSITIVE (QoQ)",
      "detail": "Op margin: -11.3% -> +1.6%",
      "severity": "HIGH"
    },
    {
      "quarter": "2022-09 (Q3)",
      "signal": "FCF MARGIN EXPANSION",
      "detail": "FCF margin: -22.0% -> -4.4% (+17.6%)",
      "severity": "MEDIUM"
    },
    {
      "quarter": "2022-06 (Q2)",
      "signal": "YoY REVENUE GROWTH ACCELERATION",
      "detail": "YoY growth: +9.0% vs prior quarter YoY: +3.0% (accel: +5.9%)",
      "severity": "MEDIUM"
    }
  ],
  "data_quality": {
    "n_quarters": 20,
    "coverage": {
      "revenue": [
        20,
        20
      ],
      "gross_profit": [
        20,
        20
      ],
      "op_income": [
        20,
        20
      ],
      "fcf": [
        20,
        20
      ]
    },
    "gaps": [],
    "warnings": []
  },
  "market_cap": null,
  "source": "SEC EDGAR",
  "last_updated": "2026-02-24T10:36:25.850752"
}