{
  "ticker": "QNST",
  "name": "QuinStreet, Inc.",
  "sector": "Communication Services",
  "industry": "Advertising Agencies",
  "quarters": [
    {
      "date": "2020-12-31T00:00:00",
      "quarter_label": "2020-12 (Q4)",
      "revenue": 134968000,
      "gross_profit": 14531000,
      "operating_income": -231000,
      "net_income": 466000,
      "opex": 14762000,
      "cogs": 120437000,
      "rd": 4980000,
      "sga": null,
      "fcf": 4975000,
      "ocf": 5579000,
      "capex": -604000,
      "gross_margin": 0.10766255705056013,
      "op_margin": -0.0017115168039831664,
      "fcf_margin": 0.036860589176693735
    },
    {
      "date": "2021-03-31T00:00:00",
      "quarter_label": "2021-03 (Q1)",
      "revenue": 153052000,
      "gross_profit": 20387000,
      "operating_income": 6254000,
      "net_income": 5037000,
      "opex": 14133000,
      "cogs": 132665000,
      "rd": 4905000,
      "sga": null,
      "fcf": 12740000,
      "ocf": 13066000,
      "capex": -326000,
      "gross_margin": 0.13320309437315422,
      "op_margin": 0.04086192927893788,
      "fcf_margin": 0.08323968324491023,
      "op_leverage_ratio": null,
      "fcf_margin_change": 0.04637909406821649
    },
    {
      "date": "2021-06-30T00:00:00",
      "quarter_label": "2021-06 (Q2)",
      "revenue": 151198000,
      "gross_profit": 18576000,
      "operating_income": 4981000,
      "net_income": 3371000,
      "opex": 13595000,
      "cogs": 132622000,
      "rd": 4568000,
      "sga": null,
      "fcf": 13810000,
      "ocf": 14412000,
      "capex": -602000,
      "gross_margin": 0.12285876797312134,
      "op_margin": 0.03294355745446368,
      "fcf_margin": 0.09133718699982804,
      "fcf_margin_change": 0.008097503754917815
    },
    {
      "date": "2021-09-30T00:00:00",
      "quarter_label": "2021-09 (Q3)",
      "revenue": 159608000,
      "gross_profit": 18103000,
      "operating_income": 3938000,
      "net_income": 3093000,
      "opex": 14165000,
      "cogs": 141505000,
      "rd": 4625000,
      "sga": null,
      "fcf": 5344000,
      "ocf": 5753000,
      "capex": -409000,
      "gross_margin": 0.11342163300085209,
      "op_margin": 0.024672948724374717,
      "fcf_margin": 0.03348203097589093,
      "op_leverage_ratio": 1.3266437201086156,
      "fcf_margin_change": -0.05785515602393711
    },
    {
      "date": "2021-12-31T00:00:00",
      "quarter_label": "2021-12 (Q4)",
      "revenue": 125331000,
      "gross_profit": 9777000,
      "operating_income": -7553000,
      "net_income": -5628000,
      "opex": 17330000,
      "cogs": 115554000,
      "rd": 4861000,
      "sga": null,
      "fcf": 13623000,
      "ocf": 13934000,
      "capex": -311000,
      "gross_margin": 0.07800943102664146,
      "op_margin": -0.06026441981632637,
      "fcf_margin": 0.10869617253512698,
      "incr_op_margin_yoy": 0.7597800145273426,
      "rev_growth_yoy": -0.07140211012980854,
      "fcf_margin_change": 0.07521414155923604
    },
    {
      "date": "2022-03-31T00:00:00",
      "quarter_label": "2022-03 (Q1)",
      "revenue": 150658000,
      "gross_profit": 14091000,
      "operating_income": 1060000,
      "net_income": 2230000,
      "opex": 13031000,
      "cogs": 136567000,
      "rd": 5509000,
      "sga": null,
      "fcf": -362000,
      "ocf": 1294000,
      "capex": -1656000,
      "gross_margin": 0.09352971631111524,
      "op_margin": 0.007035802944417156,
      "fcf_margin": -0.002402793081017935,
      "incr_op_margin_yoy": 2.1695906432748537,
      "rev_growth_yoy": -0.015641742675691923,
      "rev_growth_yoy_accel": 0.055760367454116624,
      "op_leverage_ratio": null,
      "fcf_margin_change": -0.1110989656161449
    },
    {
      "date": "2022-06-30T00:00:00",
      "quarter_label": "2022-06 (Q2)",
      "revenue": 146502000,
      "gross_profit": 11760000,
      "operating_income": -2163000,
      "net_income": -4943000,
      "opex": 13923000,
      "cogs": 134742000,
      "rd": 6911000,
      "sga": null,
      "fcf": 7225000,
      "ocf": 7691000,
      "capex": -466000,
      "gross_margin": 0.08027194167997706,
      "op_margin": -0.014764303558995781,
      "fcf_margin": 0.04931673287736686,
      "incr_op_margin_yoy": 1.5212947189097104,
      "rev_growth_yoy": -0.031058611886400612,
      "rev_growth_yoy_accel": -0.01541686921070869,
      "fcf_margin_change": 0.0517195259583848
    },
    {
      "date": "2022-09-30T00:00:00",
      "quarter_label": "2022-09 (Q3)",
      "revenue": 143593000,
      "gross_profit": 12348000,
      "operating_income": -4897000,
      "net_income": -4517000,
      "opex": 17245000,
      "cogs": 131245000,
      "rd": 6826000,
      "sga": null,
      "fcf": 5189000,
      "ocf": 5665000,
      "capex": -476000,
      "gross_margin": 0.08599304980047774,
      "op_margin": -0.03410333372796724,
      "fcf_margin": 0.03613685903908965,
      "incr_op_margin_yoy": 0.5516703090852326,
      "rev_growth_yoy": -0.10033958197584081,
      "rev_growth_yoy_accel": -0.0692809700894402,
      "fcf_margin_change": -0.013179873838277213
    },
    {
      "date": "2022-12-31T00:00:00",
      "quarter_label": "2022-12 (Q4)",
      "revenue": 134048000,
      "gross_profit": 8538000,
      "operating_income": -9172000,
      "net_income": -7979000,
      "opex": 17710000,
      "cogs": 125510000,
      "rd": 7174000,
      "sga": null,
      "fcf": -3542000,
      "ocf": -2465000,
      "capex": -1077000,
      "gross_margin": 0.0636936022917164,
      "op_margin": -0.06842325137264263,
      "fcf_margin": -0.026423370732871806,
      "incr_op_margin_yoy": -0.18572903521853848,
      "rev_growth_yoy": 0.06955182676273229,
      "rev_growth_yoy_accel": 0.1698914087385731,
      "fcf_margin_change": -0.06256022977196146
    },
    {
      "date": "2023-03-31T00:00:00",
      "quarter_label": "2023-03 (Q1)",
      "revenue": 172671000,
      "gross_profit": 17038000,
      "operating_income": -1409000,
      "net_income": -479000,
      "opex": 18447000,
      "cogs": 155633000,
      "rd": 7832000,
      "sga": null,
      "fcf": -9816000,
      "ocf": -9331000,
      "capex": -485000,
      "gross_margin": 0.09867319932125256,
      "op_margin": -0.00816002687191248,
      "fcf_margin": -0.056847994162308665,
      "incr_op_margin_yoy": -0.11216099577522373,
      "rev_growth_yoy": 0.14611238699571213,
      "rev_growth_yoy_accel": 0.07656056023297984,
      "op_leverage_ratio": 6.923676036741574,
      "fcf_margin_change": -0.03042462342943686
    },
    {
      "date": "2023-06-30T00:00:00",
      "quarter_label": "2023-06 (Q2)",
      "revenue": 130312000,
      "gross_profit": 10599000,
      "operating_income": -5338000,
      "net_income": -55891000,
      "opex": 15937000,
      "cogs": 119713000,
      "rd": 7061000,
      "sga": null,
      "fcf": 16945000,
      "ocf": 17969000,
      "capex": -1024000,
      "gross_margin": 0.08133556387746332,
      "op_margin": -0.04096322671741666,
      "fcf_margin": 0.13003407207317821,
      "incr_op_margin_yoy": 0.1961087090796788,
      "rev_growth_yoy": -0.11051043671758748,
      "rev_growth_yoy_accel": -0.2566228237132996,
      "fcf_margin_change": 0.18688206623548687
    },
    {
      "date": "2023-09-30T00:00:00",
      "quarter_label": "2023-09 (Q3)",
      "revenue": 123923000,
      "gross_profit": 7649000,
      "operating_income": -9899000,
      "net_income": -10565000,
      "opex": 17548000,
      "cogs": 116274000,
      "rd": 7637000,
      "sga": null,
      "fcf": -6597000,
      "ocf": -4973000,
      "capex": -1624000,
      "gross_margin": 0.06172381236735715,
      "op_margin": -0.0798802482186519,
      "fcf_margin": -0.05323466991599622,
      "incr_op_margin_yoy": 0.25429588205388914,
      "rev_growth_yoy": -0.1369843933896499,
      "rev_growth_yoy_accel": -0.026473956672062426,
      "fcf_margin_change": -0.18326874198917442
    },
    {
      "date": "2023-12-31T00:00:00",
      "quarter_label": "2023-12 (Q4)",
      "revenue": 122683000,
      "gross_profit": 6853000,
      "operating_income": -11395000,
      "net_income": -11554000,
      "opex": 18248000,
      "cogs": 115830000,
      "rd": 7272000,
      "sga": null,
      "fcf": -4992000,
      "ocf": -3654000,
      "capex": -1338000,
      "gross_margin": 0.05585941002420873,
      "op_margin": -0.09288165434493777,
      "fcf_margin": -0.040690234180774845,
      "incr_op_margin_yoy": 0.1956005279366476,
      "rev_growth_yoy": -0.08478306278348055,
      "rev_growth_yoy_accel": 0.052201330606169355,
      "fcf_margin_change": 0.012544435735221376
    },
    {
      "date": "2024-03-31T00:00:00",
      "quarter_label": "2024-03 (Q1)",
      "revenue": 168587000,
      "gross_profit": 14311000,
      "operating_income": -5332000,
      "net_income": -7048000,
      "opex": 19643000,
      "cogs": 154276000,
      "rd": 7549000,
      "sga": null,
      "fcf": 2899000,
      "ocf": 4110000,
      "capex": -1211000,
      "gross_margin": 0.08488792136997515,
      "op_margin": -0.03162758694323999,
      "fcf_margin": 0.01719586919513367,
      "incr_op_margin_yoy": 0.9605778648383937,
      "rev_growth_yoy": -0.02365191607160438,
      "rev_growth_yoy_accel": 0.061131146711876166,
      "op_leverage_ratio": 4.894487325305592,
      "fcf_margin_change": 0.057886103375908514
    },
    {
      "date": "2024-06-30T00:00:00",
      "quarter_label": "2024-06 (Q2)",
      "revenue": 198321000,
      "gross_profit": 17433000,
      "operating_income": -1439000,
      "net_income": -2164000,
      "opex": 18872000,
      "cogs": 180888000,
      "rd": 7588000,
      "sga": null,
      "fcf": 15381000,
      "ocf": 16556000,
      "capex": -1175000,
      "gross_margin": 0.08790294522516526,
      "op_margin": -0.007255913392933678,
      "fcf_margin": 0.07755608331946692,
      "incr_op_margin_yoy": 0.05733064741431281,
      "rev_growth_yoy": 0.521893609184112,
      "rev_growth_yoy_accel": 0.5455455252557163,
      "op_leverage_ratio": null,
      "fcf_margin_change": 0.060360214124333254
    },
    {
      "date": "2024-09-30T00:00:00",
      "quarter_label": "2024-09 (Q3)",
      "revenue": 279219000,
      "gross_profit": 28405000,
      "operating_income": -1207000,
      "net_income": -1366000,
      "opex": 29612000,
      "cogs": 250814000,
      "rd": 8620000,
      "sga": null,
      "fcf": -14143000,
      "ocf": -13706000,
      "capex": -437000,
      "gross_margin": 0.10173018311791103,
      "op_margin": -0.004322771731150101,
      "fcf_margin": -0.05065199717784248,
      "incr_op_margin_yoy": 0.05597053369050072,
      "rev_growth_yoy": 1.253165271983409,
      "rev_growth_yoy_accel": 0.731271662799297,
      "op_leverage_ratio": 0.7167747993004625,
      "fcf_margin_change": -0.12820808049730942
    },
    {
      "date": "2024-12-31T00:00:00",
      "quarter_label": "2024-12 (Q4)",
      "revenue": 282596000,
      "gross_profit": 26754000,
      "operating_income": -1388000,
      "net_income": -1549000,
      "opex": 28142000,
      "cogs": 255842000,
      "rd": 8710000,
      "sga": null,
      "fcf": 38231000,
      "ocf": 38678000,
      "capex": -447000,
      "gross_margin": 0.09467225296890261,
      "op_margin": -0.004911605259805518,
      "fcf_margin": 0.13528500049540687,
      "incr_op_margin_yoy": 0.06257777666606217,
      "rev_growth_yoy": 1.3034650277544566,
      "rev_growth_yoy_accel": 0.050299755771047616,
      "op_leverage_ratio": null,
      "fcf_margin_change": 0.18593699767324934
    },
    {
      "date": "2025-03-31T00:00:00",
      "quarter_label": "2025-03 (Q1)",
      "revenue": 269842000,
      "gross_profit": 27862000,
      "operating_income": 4912000,
      "net_income": 4416000,
      "opex": 22950000,
      "cogs": 241980000,
      "rd": 8850000,
      "sga": null,
      "fcf": 29472000,
      "ocf": 30111000,
      "capex": -639000,
      "gross_margin": 0.10325301472713662,
      "op_margin": 0.01820324486180802,
      "fcf_margin": 0.10921946917084813,
      "incr_op_margin_yoy": 0.10117031257715668,
      "rev_growth_yoy": 0.6006097741818764,
      "rev_growth_yoy_accel": -0.7028552535725802,
      "fcf_margin_change": -0.026065531324558744
    },
    {
      "date": "2025-09-30T00:00:00",
      "quarter_label": "2025-09 (Q3)",
      "revenue": 285853000,
      "gross_profit": 26940000,
      "operating_income": 4789000,
      "net_income": 4535000,
      "opex": 22151000,
      "cogs": 258913000,
      "rd": 8159000,
      "sga": null,
      "fcf": 18427000,
      "ocf": 19601000,
      "capex": -1174000,
      "gross_margin": 0.09424424441933442,
      "op_margin": 0.016753366240690144,
      "fcf_margin": 0.06446320311488772,
      "incr_op_margin_yoy": 0.9038287609285499,
      "rev_growth_yoy": 0.023759128139560704,
      "rev_growth_yoy_accel": -0.5768506460423157,
      "op_leverage_ratio": null,
      "fcf_margin_change": -0.044756266055960406
    },
    {
      "date": "2025-12-31T00:00:00",
      "quarter_label": "2025-12 (Q4)",
      "revenue": 287845000,
      "gross_profit": 27722000,
      "operating_income": 1247000,
      "net_income": 50227000,
      "opex": 26475000,
      "cogs": 260123000,
      "rd": 8316000,
      "sga": null,
      "fcf": 20734000,
      "ocf": 21623000,
      "capex": -889000,
      "gross_margin": 0.09630877729333495,
      "op_margin": 0.004332192673140058,
      "fcf_margin": 0.0720318226823464,
      "incr_op_margin_yoy": 0.5020003810249571,
      "rev_growth_yoy": 0.018574219026454727,
      "rev_growth_yoy_accel": -0.005184909113105977,
      "fcf_margin_change": 0.007568619567458676
    }
  ],
  "signals": [
    {
      "quarter": "2025-12 (Q4)",
      "signal": "OP MARGIN TURNED POSITIVE (YoY)",
      "detail": "Op margin: -0.5% (year-ago) -> +0.4%",
      "severity": "HIGH"
    },
    {
      "quarter": "2025-09 (Q3)",
      "signal": "YoY REVENUE GROWTH DECELERATION",
      "detail": "YoY growth: +2.4% vs prior quarter YoY: +60.1% (decel: -57.7%)",
      "severity": "WARNING"
    },
    {
      "quarter": "2025-09 (Q3)",
      "signal": "OP MARGIN TURNED POSITIVE (YoY)",
      "detail": "Op margin: -0.4% (year-ago) -> +1.7%",
      "severity": "HIGH"
    },
    {
      "quarter": "2025-03 (Q1)",
      "signal": "YoY REVENUE GROWTH DECELERATION",
      "detail": "YoY growth: +60.1% vs prior quarter YoY: +130.3% (decel: -70.3%)",
      "severity": "WARNING"
    },
    {
      "quarter": "2025-03 (Q1)",
      "signal": "OP MARGIN TURNED POSITIVE (YoY)",
      "detail": "Op margin: -3.2% (year-ago) -> +1.8%",
      "severity": "HIGH"
    },
    {
      "quarter": "2025-03 (Q1)",
      "signal": "OP MARGIN TURNED POSITIVE (QoQ)",
      "detail": "Op margin: -0.5% -> +1.8%",
      "severity": "HIGH"
    },
    {
      "quarter": "2024-12 (Q4)",
      "signal": "FCF TURNED POSITIVE",
      "detail": "FCF margin: -5.1% -> +13.5%",
      "severity": "HIGH"
    },
    {
      "quarter": "2024-12 (Q4)",
      "signal": "YoY REVENUE GROWTH ACCELERATION",
      "detail": "YoY growth: +130.3% vs prior quarter YoY: +125.3% (accel: +5.0%)",
      "severity": "MEDIUM"
    },
    {
      "quarter": "2024-09 (Q3)",
      "signal": "YoY REVENUE GROWTH ACCELERATION",
      "detail": "YoY growth: +125.3% vs prior quarter YoY: +52.2% (accel: +73.1%)",
      "severity": "HIGH"
    },
    {
      "quarter": "2024-06 (Q2)",
      "signal": "FCF MARGIN EXPANSION",
      "detail": "FCF margin: +1.7% -> +7.8% (+6.0%)",
      "severity": "MEDIUM"
    },
    {
      "quarter": "2024-06 (Q2)",
      "signal": "YoY REVENUE GROWTH ACCELERATION",
      "detail": "YoY growth: +52.2% vs prior quarter YoY: -2.4% (accel: +54.6%)",
      "severity": "HIGH"
    },
    {
      "quarter": "2024-03 (Q1)",
      "signal": "FCF TURNED POSITIVE",
      "detail": "FCF margin: -4.1% -> +1.7%",
      "severity": "HIGH"
    },
    {
      "quarter": "2024-03 (Q1)",
      "signal": "OPERATING LEVERAGE",
      "detail": "Rev growth +37.4% vs OpEx growth +7.6% (leverage: 4.9x)",
      "severity": "MEDIUM"
    },
    {
      "quarter": "2024-03 (Q1)",
      "signal": "GROSS MARGIN INFLECTION",
      "detail": "GM: +6.2% -> +5.6% -> +8.5% (reversal +2.9%)",
      "severity": "MEDIUM"
    },
    {
      "quarter": "2024-03 (Q1)",
      "signal": "YoY REVENUE GROWTH ACCELERATION",
      "detail": "YoY growth: -2.4% vs prior quarter YoY: -8.5% (accel: +6.1%)",
      "severity": "MEDIUM"
    },
    {
      "quarter": "2023-12 (Q4)",
      "signal": "YoY REVENUE GROWTH ACCELERATION",
      "detail": "YoY growth: -8.5% vs prior quarter YoY: -13.7% (accel: +5.2%)",
      "severity": "MEDIUM"
    },
    {
      "quarter": "2023-06 (Q2)",
      "signal": "FCF TURNED POSITIVE",
      "detail": "FCF margin: -5.7% -> +13.0%",
      "severity": "HIGH"
    },
    {
      "quarter": "2023-06 (Q2)",
      "signal": "YoY REVENUE GROWTH DECELERATION",
      "detail": "YoY growth: -11.1% vs prior quarter YoY: +14.6% (decel: -25.7%)",
      "severity": "WARNING"
    },
    {
      "quarter": "2023-03 (Q1)",
      "signal": "OPERATING LEVERAGE",
      "detail": "Rev growth +28.8% vs OpEx growth +4.2% (leverage: 6.9x)",
      "severity": "MEDIUM"
    },
    {
      "quarter": "2023-03 (Q1)",
      "signal": "GROSS MARGIN INFLECTION",
      "detail": "GM: +8.6% -> +6.4% -> +9.9% (reversal +3.5%)",
      "severity": "MEDIUM"
    },
    {
      "quarter": "2023-03 (Q1)",
      "signal": "YoY REVENUE GROWTH ACCELERATION",
      "detail": "YoY growth: +14.6% vs prior quarter YoY: +7.0% (accel: +7.7%)",
      "severity": "MEDIUM"
    },
    {
      "quarter": "2022-12 (Q4)",
      "signal": "YoY REVENUE GROWTH ACCELERATION",
      "detail": "YoY growth: +7.0% vs prior quarter YoY: -10.0% (accel: +17.0%)",
      "severity": "HIGH"
    },
    {
      "quarter": "2022-09 (Q3)",
      "signal": "YoY REVENUE GROWTH DECELERATION",
      "detail": "YoY growth: -10.0% vs prior quarter YoY: -3.1% (decel: -6.9%)",
      "severity": "WARNING"
    },
    {
      "quarter": "2022-06 (Q2)",
      "signal": "FCF TURNED POSITIVE",
      "detail": "FCF margin: -0.2% -> +4.9%",
      "severity": "HIGH"
    },
    {
      "quarter": "2022-03 (Q1)",
      "signal": "YoY REVENUE GROWTH ACCELERATION",
      "detail": "YoY growth: -1.6% vs prior quarter YoY: -7.1% (accel: +5.6%)",
      "severity": "MEDIUM"
    },
    {
      "quarter": "2022-03 (Q1)",
      "signal": "INCREMENTAL MARGIN (YoY)",
      "detail": "YoY Incr OPM: +217.0% vs year-ago OPM: +4.1%",
      "severity": "HIGH"
    },
    {
      "quarter": "2022-03 (Q1)",
      "signal": "OP MARGIN TURNED POSITIVE (QoQ)",
      "detail": "Op margin: -6.0% -> +0.7%",
      "severity": "HIGH"
    },
    {
      "quarter": "2021-12 (Q4)",
      "signal": "FCF MARGIN EXPANSION",
      "detail": "FCF margin: +3.3% -> +10.9% (+7.5%)",
      "severity": "MEDIUM"
    },
    {
      "quarter": "2021-03 (Q1)",
      "signal": "OP MARGIN TURNED POSITIVE (QoQ)",
      "detail": "Op margin: -0.2% -> +4.1%",
      "severity": "HIGH"
    }
  ],
  "data_quality": {
    "n_quarters": 20,
    "coverage": {
      "revenue": [
        20,
        20
      ],
      "gross_profit": [
        20,
        20
      ],
      "op_income": [
        20,
        20
      ],
      "fcf": [
        20,
        20
      ]
    },
    "gaps": [
      [
        "2025-03 (Q1)",
        "2025-09 (Q3)",
        183
      ]
    ],
    "warnings": [
      "gap: 1Q missing between 2025-03 (Q1) and 2025-09 (Q3)"
    ]
  },
  "market_cap": null,
  "source": "SEC EDGAR",
  "last_updated": "2026-02-09T19:09:30.771111"
}