{
  "ticker": "QRHC",
  "name": "Quest Resource Holding Corporation",
  "quarters": [
    {
      "date": "2020-12-31T00:00:00",
      "quarter_label": "2020-12 (Q4)",
      "revenue": 27657754,
      "gross_profit": 5580510,
      "operating_income": 771635,
      "net_income": 123622,
      "opex": 4808875,
      "cogs": 22077244,
      "rd": null,
      "sga": 4463123,
      "fcf": 2081513,
      "ocf": 2252875,
      "capex": -171362,
      "gross_margin": 0.2017701798924092,
      "op_margin": 0.027899409330200853,
      "fcf_margin": 0.07525965412809732
    },
    {
      "date": "2021-03-31T00:00:00",
      "quarter_label": "2021-03 (Q1)",
      "revenue": 35101991,
      "gross_profit": 6439878,
      "operating_income": 1770035,
      "net_income": 1146740,
      "opex": 4669843,
      "cogs": 28662113,
      "rd": null,
      "sga": 4262560,
      "fcf": 3837925,
      "ocf": 3953811,
      "capex": -115886,
      "gross_margin": 0.18346190106424448,
      "op_margin": 0.05042548726082233,
      "fcf_margin": 0.10933639063379624,
      "op_leverage_ratio": Infinity,
      "fcf_margin_change": 0.034076736505698924
    },
    {
      "date": "2021-06-30T00:00:00",
      "quarter_label": "2021-06 (Q2)",
      "revenue": 36858083,
      "gross_profit": 6810479,
      "operating_income": 1341596,
      "net_income": 699306,
      "opex": 5468883,
      "cogs": 30047604,
      "rd": null,
      "sga": 5060231,
      "fcf": 1190705,
      "ocf": 1229556,
      "capex": -38851,
      "gross_margin": 0.1847757247711445,
      "op_margin": 0.036398963017148775,
      "fcf_margin": 0.03230512558127345,
      "op_leverage_ratio": 0.2923810847878444,
      "fcf_margin_change": -0.0770312650525228
    },
    {
      "date": "2021-09-30T00:00:00",
      "quarter_label": "2021-09 (Q3)",
      "revenue": 37366740,
      "gross_profit": 6852706,
      "operating_income": 1036615,
      "net_income": 385764,
      "opex": 5816091,
      "cogs": 30514034,
      "rd": null,
      "sga": 5307635,
      "fcf": -2098828,
      "ocf": -1817127,
      "capex": -281701,
      "gross_margin": 0.18339052323001687,
      "op_margin": 0.027741649391945886,
      "fcf_margin": -0.05616834650279901,
      "op_leverage_ratio": 0.2173707935977921,
      "fcf_margin_change": -0.08847347208407247
    },
    {
      "date": "2021-12-31T00:00:00",
      "quarter_label": "2021-12 (Q4)",
      "revenue": 46388559,
      "gross_profit": 8718604,
      "operating_income": 475110,
      "net_income": -540753,
      "opex": 8243494,
      "cogs": 37669955,
      "rd": null,
      "sga": 7098460,
      "fcf": -908922,
      "ocf": -800302,
      "capex": -108620,
      "gross_margin": 0.18794729105510694,
      "op_margin": 0.010241965050046068,
      "fcf_margin": -0.01959366748167366,
      "incr_op_margin_yoy": -0.015830873259318007,
      "rev_growth_yoy": 0.6772352158457986,
      "op_leverage_ratio": 0.5784931333284632,
      "fcf_margin_change": 0.03657467902112535
    },
    {
      "date": "2022-03-31T00:00:00",
      "quarter_label": "2022-03 (Q1)",
      "revenue": 71522168,
      "gross_profit": 11248415,
      "operating_income": -460909,
      "net_income": -2184309,
      "opex": 11709324,
      "cogs": 60273753,
      "rd": null,
      "sga": 9344462,
      "fcf": -652979,
      "ocf": -391562,
      "capex": -261417,
      "gross_margin": 0.15727172867578623,
      "op_margin": -0.006444281722556285,
      "fcf_margin": -0.009129742823232092,
      "incr_op_margin_yoy": -0.06125571547881275,
      "rev_growth_yoy": 1.0375530265505453,
      "rev_growth_yoy_accel": 0.36031781070474667,
      "op_leverage_ratio": 1.2886887646043608,
      "fcf_margin_change": 0.01046392465844157
    },
    {
      "date": "2022-06-30T00:00:00",
      "quarter_label": "2022-06 (Q2)",
      "revenue": 76904788,
      "gross_profit": 14668391,
      "operating_income": 2899634,
      "net_income": 1150231,
      "opex": 11768757,
      "cogs": 62236397,
      "rd": null,
      "sga": 9298367,
      "fcf": -3546647,
      "ocf": -3406039,
      "capex": -140608,
      "gross_margin": 0.19073443125543757,
      "op_margin": 0.037704206401297145,
      "fcf_margin": -0.04611737568277283,
      "incr_op_margin_yoy": 0.03890552293877861,
      "rev_growth_yoy": 1.0865107933041445,
      "rev_growth_yoy_accel": 0.0489577667535992,
      "op_leverage_ratio": 14.82713428382088,
      "fcf_margin_change": -0.036987632859540744
    },
    {
      "date": "2022-09-30T00:00:00",
      "quarter_label": "2022-09 (Q3)",
      "revenue": 73358293,
      "gross_profit": 12183333,
      "operating_income": 377273,
      "net_income": -1686335,
      "opex": 11806060,
      "cogs": 61174960,
      "rd": null,
      "sga": 9332721,
      "fcf": -746483,
      "ocf": -521292,
      "capex": -225191,
      "gross_margin": 0.16607983231016568,
      "op_margin": 0.00514288139174667,
      "fcf_margin": -0.010175850193242637,
      "incr_op_margin_yoy": -0.01831935398842056,
      "rev_growth_yoy": 0.9631975655355538,
      "rev_growth_yoy_accel": -0.12331322776859066,
      "fcf_margin_change": 0.035941525489530196
    },
    {
      "date": "2022-12-31T00:00:00",
      "quarter_label": "2022-12 (Q4)",
      "revenue": 62252574,
      "gross_profit": 10755348,
      "operating_income": -1410638,
      "net_income": -3327572,
      "opex": 12165986,
      "cogs": 51497226,
      "rd": null,
      "sga": 9824611,
      "fcf": 1769662,
      "ocf": 1978489,
      "capex": -208827,
      "gross_margin": 0.17276953078277535,
      "op_margin": -0.022659914431811284,
      "fcf_margin": 0.028427129776192064,
      "incr_op_margin_yoy": -0.11886952956108526,
      "rev_growth_yoy": 0.34198119842437874,
      "rev_growth_yoy_accel": -0.621216367111175,
      "fcf_margin_change": 0.0386029799694347
    },
    {
      "date": "2023-03-31T00:00:00",
      "quarter_label": "2023-03 (Q1)",
      "revenue": 74113703,
      "gross_profit": 12629759,
      "operating_income": 787479,
      "net_income": -2024053,
      "opex": 11842280,
      "cogs": 61483944,
      "rd": null,
      "sga": 9417436,
      "fcf": 2948255,
      "ocf": 2977461,
      "capex": -29206,
      "gross_margin": 0.1704105784594247,
      "op_margin": 0.01062528207503004,
      "fcf_margin": 0.03978016049204828,
      "incr_op_margin_yoy": 0.4817175920834563,
      "rev_growth_yoy": 0.036234010691622215,
      "rev_growth_yoy_accel": -0.30574718773275655,
      "op_leverage_ratio": Infinity,
      "fcf_margin_change": 0.011353030715856215
    },
    {
      "date": "2023-06-30T00:00:00",
      "quarter_label": "2023-06 (Q2)",
      "revenue": 74497295,
      "gross_profit": 13504829,
      "operating_income": 1840301,
      "net_income": -886581,
      "opex": 11664528,
      "cogs": 60992466,
      "rd": null,
      "sga": 9212270,
      "fcf": 3204188,
      "ocf": 3340335,
      "capex": -136147,
      "gross_margin": 0.18127945450905297,
      "op_margin": 0.024702923777299567,
      "fcf_margin": 0.04301079656650621,
      "incr_op_margin_yoy": 0.44001498654409377,
      "rev_growth_yoy": -0.03130485191637223,
      "rev_growth_yoy_accel": -0.06753886260799444,
      "fcf_margin_change": 0.003230636074457928
    },
    {
      "date": "2023-09-30T00:00:00",
      "quarter_label": "2023-09 (Q3)",
      "revenue": 70425425,
      "gross_profit": 12430233,
      "operating_income": 468538,
      "net_income": -2050642,
      "opex": 11961695,
      "cogs": 57995192,
      "rd": null,
      "sga": 9620114,
      "fcf": 310467,
      "ocf": 350029,
      "capex": -39562,
      "gross_margin": 0.17650206583772834,
      "op_margin": 0.006652966595515753,
      "fcf_margin": 0.004408450499233764,
      "incr_op_margin_yoy": -0.031118004628916132,
      "rev_growth_yoy": -0.03998004697301231,
      "rev_growth_yoy_accel": -0.008675195056640078,
      "fcf_margin_change": -0.03860234606727244
    },
    {
      "date": "2023-12-31T00:00:00",
      "quarter_label": "2023-12 (Q4)",
      "revenue": 69341229,
      "gross_profit": 11499881,
      "operating_income": -271573,
      "net_income": -2330009,
      "opex": 11771454,
      "cogs": 57841348,
      "rd": null,
      "sga": 9419599,
      "fcf": -8083910,
      "ocf": -8029825,
      "capex": -54085,
      "gross_margin": 0.16584478189736152,
      "op_margin": -0.003916472262122726,
      "fcf_margin": -0.11658157948137897,
      "incr_op_margin_yoy": 0.1606884521816903,
      "rev_growth_yoy": 0.11386926747800019,
      "rev_growth_yoy_accel": 0.1538493144510125,
      "fcf_margin_change": -0.12099002998061273
    },
    {
      "date": "2024-03-31T00:00:00",
      "quarter_label": "2024-03 (Q1)",
      "revenue": 72651321,
      "gross_profit": 14036456,
      "operating_income": 1875983,
      "net_income": -655326,
      "opex": 12160473,
      "cogs": 58614865,
      "rd": null,
      "sga": 9798369,
      "fcf": -3575000,
      "ocf": -1652000,
      "capex": -1923000,
      "gross_margin": 0.19320303893717225,
      "op_margin": 0.025821732821623436,
      "fcf_margin": -0.04920763932152039,
      "incr_op_margin_yoy": -0.7443362951677469,
      "rev_growth_yoy": -0.019731600781032355,
      "rev_growth_yoy_accel": -0.13360086825903256,
      "op_leverage_ratio": 1.4444676720244396,
      "fcf_margin_change": 0.06737394015985858
    },
    {
      "date": "2024-06-30T00:00:00",
      "quarter_label": "2024-06 (Q2)",
      "revenue": 73145252,
      "gross_profit": 13531824,
      "operating_income": 1781696,
      "net_income": -1514408,
      "opex": 11750128,
      "cogs": 59613428,
      "rd": null,
      "sga": 9385489,
      "fcf": -1428000,
      "ocf": 808000,
      "capex": -2236000,
      "gross_margin": 0.18499934896662876,
      "op_margin": 0.02435832745507528,
      "fcf_margin": -0.019522798280878162,
      "incr_op_margin_yoy": 0.04334551489856461,
      "rev_growth_yoy": -0.018148887150869035,
      "rev_growth_yoy_accel": 0.0015827136301633203,
      "fcf_margin_change": 0.02968484104064223
    },
    {
      "date": "2024-09-30T00:00:00",
      "quarter_label": "2024-09 (Q3)",
      "revenue": 72765415,
      "gross_profit": 11700149,
      "operating_income": -940315,
      "net_income": -3385558,
      "opex": 12640464,
      "cogs": 61065266,
      "rd": null,
      "sga": 10272870,
      "fcf": -583000,
      "ocf": -475000,
      "capex": -108000,
      "gross_margin": 0.1607927200030399,
      "op_margin": -0.012922553935822395,
      "fcf_margin": -0.008012048031334667,
      "incr_op_margin_yoy": -0.602076504600447,
      "rev_growth_yoy": 0.033226494550796105,
      "rev_growth_yoy_accel": 0.05137538170166514,
      "fcf_margin_change": 0.011510750249543495
    },
    {
      "date": "2024-12-31T00:00:00",
      "quarter_label": "2024-12 (Q4)",
      "revenue": 69970012,
      "gross_profit": 10726571,
      "operating_income": -7177364,
      "net_income": -9507708,
      "opex": 17903935,
      "cogs": 59243441,
      "rd": null,
      "sga": 10086272,
      "fcf": -5182000,
      "ocf": -4766000,
      "capex": -416000,
      "gross_margin": 0.1533024033210113,
      "op_margin": -0.10257771572198673,
      "fcf_margin": -0.07406029886060331,
      "rev_growth_yoy": 0.009067952920188364,
      "rev_growth_yoy_accel": -0.024158541630607742,
      "fcf_margin_change": -0.06604825082926864
    },
    {
      "date": "2025-03-31T00:00:00",
      "quarter_label": "2025-03 (Q1)",
      "revenue": 68430000,
      "gross_profit": 10931000,
      "operating_income": -8161000,
      "net_income": -10406000,
      "opex": 19092000,
      "cogs": 57499000,
      "rd": null,
      "sga": 11412000,
      "fcf": -1226000,
      "ocf": -1058000,
      "capex": -168000,
      "gross_margin": 0.1597398801695163,
      "op_margin": -0.1192605582346924,
      "fcf_margin": -0.017916118661405817,
      "incr_op_margin_yoy": 2.377687695392035,
      "rev_growth_yoy": -0.05810384370024049,
      "rev_growth_yoy_accel": -0.06717179662042885,
      "fcf_margin_change": 0.056144180199197494
    },
    {
      "date": "2025-06-30T00:00:00",
      "quarter_label": "2025-06 (Q2)",
      "revenue": 59540000,
      "gross_profit": 11037000,
      "operating_income": 382000,
      "net_income": -1971000,
      "opex": 10655000,
      "cogs": 48503000,
      "rd": null,
      "sga": 9295000,
      "fcf": 3894000,
      "ocf": 3903000,
      "capex": -9000,
      "gross_margin": 0.1853711790393013,
      "op_margin": 0.006415854887470608,
      "fcf_margin": 0.06540141081625797,
      "incr_op_margin_yoy": 0.10287909404397655,
      "rev_growth_yoy": -0.18600321453537408,
      "rev_growth_yoy_accel": -0.12789937083513359,
      "fcf_margin_change": 0.08331752947766378
    },
    {
      "date": "2025-09-30T00:00:00",
      "quarter_label": "2025-09 (Q3)",
      "revenue": 63341000,
      "gross_profit": 11467000,
      "operating_income": 1075000,
      "net_income": -1349000,
      "opex": 10392000,
      "cogs": 51874000,
      "rd": null,
      "sga": 9240000,
      "fcf": 5632000,
      "ocf": 5661000,
      "capex": -29000,
      "gross_margin": 0.18103597985507017,
      "op_margin": 0.016971629750082883,
      "fcf_margin": 0.0889155523278761,
      "incr_op_margin_yoy": -0.21383979801398814,
      "rev_growth_yoy": -0.12951777984087634,
      "rev_growth_yoy_accel": 0.05648543469449774,
      "op_leverage_ratio": Infinity,
      "fcf_margin_change": 0.023514141511618125
    }
  ],
  "signals": [
    {
      "quarter": "2025-09 (Q3)",
      "signal": "YoY REVENUE GROWTH ACCELERATION",
      "detail": "YoY growth: -13.0% vs prior quarter YoY: -18.6% (accel: +5.6%)",
      "severity": "MEDIUM"
    },
    {
      "quarter": "2025-09 (Q3)",
      "signal": "OP MARGIN TURNED POSITIVE (YoY)",
      "detail": "Op margin: -1.3% (year-ago) -> +1.7%",
      "severity": "HIGH"
    },
    {
      "quarter": "2025-06 (Q2)",
      "signal": "FCF TURNED POSITIVE",
      "detail": "FCF margin: -1.8% -> +6.5%",
      "severity": "HIGH"
    },
    {
      "quarter": "2025-06 (Q2)",
      "signal": "YoY REVENUE GROWTH DECELERATION",
      "detail": "YoY growth: -18.6% vs prior quarter YoY: -5.8% (decel: -12.8%)",
      "severity": "WARNING"
    },
    {
      "quarter": "2025-06 (Q2)",
      "signal": "OP MARGIN TURNED POSITIVE (QoQ)",
      "detail": "Op margin: -11.9% -> +0.6%",
      "severity": "HIGH"
    },
    {
      "quarter": "2025-03 (Q1)",
      "signal": "FCF MARGIN EXPANSION",
      "detail": "FCF margin: -7.4% -> -1.8% (+5.6%)",
      "severity": "MEDIUM"
    },
    {
      "quarter": "2025-03 (Q1)",
      "signal": "YoY REVENUE GROWTH DECELERATION",
      "detail": "YoY growth: -5.8% vs prior quarter YoY: +0.9% (decel: -6.7%)",
      "severity": "WARNING"
    },
    {
      "quarter": "2024-09 (Q3)",
      "signal": "YoY REVENUE GROWTH ACCELERATION",
      "detail": "YoY growth: +3.3% vs prior quarter YoY: -1.8% (accel: +5.1%)",
      "severity": "MEDIUM"
    },
    {
      "quarter": "2024-03 (Q1)",
      "signal": "FCF MARGIN EXPANSION",
      "detail": "FCF margin: -11.7% -> -4.9% (+6.7%)",
      "severity": "MEDIUM"
    },
    {
      "quarter": "2024-03 (Q1)",
      "signal": "GROSS MARGIN INFLECTION",
      "detail": "GM: +17.7% -> +16.6% -> +19.3% (reversal +2.7%)",
      "severity": "MEDIUM"
    },
    {
      "quarter": "2024-03 (Q1)",
      "signal": "YoY REVENUE GROWTH DECELERATION",
      "detail": "YoY growth: -2.0% vs prior quarter YoY: +11.4% (decel: -13.4%)",
      "severity": "WARNING"
    },
    {
      "quarter": "2024-03 (Q1)",
      "signal": "OP MARGIN TURNED POSITIVE (QoQ)",
      "detail": "Op margin: -0.4% -> +2.6%",
      "severity": "HIGH"
    },
    {
      "quarter": "2023-12 (Q4)",
      "signal": "YoY REVENUE GROWTH ACCELERATION",
      "detail": "YoY growth: +11.4% vs prior quarter YoY: -4.0% (accel: +15.4%)",
      "severity": "HIGH"
    },
    {
      "quarter": "2023-06 (Q2)",
      "signal": "YoY REVENUE GROWTH DECELERATION",
      "detail": "YoY growth: -3.1% vs prior quarter YoY: +3.6% (decel: -6.8%)",
      "severity": "WARNING"
    },
    {
      "quarter": "2023-06 (Q2)",
      "signal": "INCREMENTAL MARGIN (YoY)",
      "detail": "YoY Incr OPM: +44.0% vs year-ago OPM: +3.8%",
      "severity": "HIGH"
    },
    {
      "quarter": "2023-03 (Q1)",
      "signal": "YoY REVENUE GROWTH DECELERATION",
      "detail": "YoY growth: +3.6% vs prior quarter YoY: +34.2% (decel: -30.6%)",
      "severity": "WARNING"
    },
    {
      "quarter": "2023-03 (Q1)",
      "signal": "OP MARGIN TURNED POSITIVE (YoY)",
      "detail": "Op margin: -0.6% (year-ago) -> +1.1%",
      "severity": "HIGH"
    },
    {
      "quarter": "2023-03 (Q1)",
      "signal": "OP MARGIN TURNED POSITIVE (QoQ)",
      "detail": "Op margin: -2.3% -> +1.1%",
      "severity": "HIGH"
    },
    {
      "quarter": "2022-12 (Q4)",
      "signal": "FCF TURNED POSITIVE",
      "detail": "FCF margin: -1.0% -> +2.8%",
      "severity": "HIGH"
    },
    {
      "quarter": "2022-12 (Q4)",
      "signal": "YoY REVENUE GROWTH DECELERATION",
      "detail": "YoY growth: +34.2% vs prior quarter YoY: +96.3% (decel: -62.1%)",
      "severity": "WARNING"
    },
    {
      "quarter": "2022-09 (Q3)",
      "signal": "YoY REVENUE GROWTH DECELERATION",
      "detail": "YoY growth: +96.3% vs prior quarter YoY: +108.7% (decel: -12.3%)",
      "severity": "WARNING"
    },
    {
      "quarter": "2022-06 (Q2)",
      "signal": "OPERATING LEVERAGE",
      "detail": "Rev growth +7.5% vs OpEx growth +0.5% (leverage: 14.8x)",
      "severity": "MEDIUM"
    },
    {
      "quarter": "2022-06 (Q2)",
      "signal": "GROSS MARGIN INFLECTION",
      "detail": "GM: +18.8% -> +15.7% -> +19.1% (reversal +3.3%)",
      "severity": "MEDIUM"
    },
    {
      "quarter": "2022-06 (Q2)",
      "signal": "OP MARGIN TURNED POSITIVE (QoQ)",
      "detail": "Op margin: -0.6% -> +3.8%",
      "severity": "HIGH"
    },
    {
      "quarter": "2022-03 (Q1)",
      "signal": "YoY REVENUE GROWTH ACCELERATION",
      "detail": "YoY growth: +103.8% vs prior quarter YoY: +67.7% (accel: +36.0%)",
      "severity": "HIGH"
    }
  ],
  "data_quality": {
    "n_quarters": 20,
    "coverage": {
      "revenue": [
        20,
        20
      ],
      "gross_profit": [
        20,
        20
      ],
      "op_income": [
        20,
        20
      ],
      "fcf": [
        20,
        20
      ]
    },
    "gaps": [],
    "warnings": []
  },
  "market_cap": null,
  "source": "SEC EDGAR",
  "last_updated": "2026-02-02T23:40:11.640071"
}