{
  "ticker": "QRVO",
  "name": "Qorvo, Inc.",
  "quarters": [
    {
      "date": "2021-04-03T00:00:00",
      "quarter_label": "2021-04 (Q2)",
      "revenue": 1072730000,
      "gross_profit": 528475000,
      "operating_income": 293068000,
      "net_income": 298737000,
      "opex": 235407000,
      "cogs": 544255000,
      "rd": 147285000,
      "sga": 78123000,
      "fcf": 325474000,
      "ocf": 402929000,
      "capex": -77455000,
      "gross_margin": 0.49264493395355774,
      "op_margin": 0.2731982884789276,
      "fcf_margin": 0.303407194727471
    },
    {
      "date": "2021-07-03T00:00:00",
      "quarter_label": "2021-07 (Q3)",
      "revenue": 1110351000,
      "gross_profit": 546183000,
      "operating_income": 297102000,
      "net_income": 285626000,
      "opex": 249081000,
      "cogs": 564168000,
      "rd": 152079000,
      "sga": 90299000,
      "fcf": 276322000,
      "ocf": 341570000,
      "capex": -65248000,
      "gross_margin": 0.49190120961749934,
      "op_margin": 0.26757484795348496,
      "fcf_margin": 0.24886004515689183,
      "op_leverage_ratio": 0.6037591231096285,
      "fcf_margin_change": -0.054547149570579184
    },
    {
      "date": "2021-10-02T00:00:00",
      "quarter_label": "2021-10 (Q4)",
      "revenue": 1255248000,
      "gross_profit": 621553000,
      "operating_income": 362360000,
      "net_income": 319189000,
      "opex": 259193000,
      "cogs": 633695000,
      "rd": 158377000,
      "sga": 93489000,
      "fcf": 197516000,
      "ocf": 244828000,
      "capex": -47312000,
      "gross_margin": 0.4951635055383478,
      "op_margin": 0.2886760225867717,
      "fcf_margin": 0.15735217263839496,
      "op_leverage_ratio": 3.21442017662487,
      "fcf_margin_change": -0.09150787251849687
    },
    {
      "date": "2022-01-01T00:00:00",
      "quarter_label": "2022-01 (Q1)",
      "revenue": 1113957000,
      "gross_profit": 548093000,
      "operating_income": 296010000,
      "net_income": 216263000,
      "opex": 252083000,
      "cogs": 565864000,
      "rd": 154435000,
      "sga": 82003000,
      "fcf": 66532000,
      "ocf": 116965000,
      "capex": -50433000,
      "gross_margin": 0.49202348026001,
      "op_margin": 0.2657283898750131,
      "fcf_margin": 0.059725824246357806,
      "fcf_margin_change": -0.09762634839203715
    },
    {
      "date": "2022-04-02T00:00:00",
      "quarter_label": "2022-04 (Q2)",
      "revenue": 1166158000,
      "gross_profit": 570339000,
      "operating_income": 270597000,
      "net_income": 212275000,
      "opex": 299742000,
      "cogs": 595819000,
      "rd": 158745000,
      "sga": 83927000,
      "fcf": 295407000,
      "ocf": 345880000,
      "capex": -50473000,
      "gross_margin": 0.4890752368032462,
      "op_margin": 0.23204145578900973,
      "fcf_margin": 0.2533164459704431,
      "incr_op_margin_yoy": -0.24051676157040716,
      "rev_growth_yoy": 0.0870936768804825,
      "op_leverage_ratio": 0.24786147449982632,
      "fcf_margin_change": 0.1935906217240853
    },
    {
      "date": "2022-07-02T00:00:00",
      "quarter_label": "2022-07 (Q3)",
      "revenue": 1035358000,
      "gross_profit": 375250000,
      "operating_income": 101859000,
      "net_income": 68884000,
      "opex": 273391000,
      "cogs": 660108000,
      "rd": 168568000,
      "sga": 101815000,
      "fcf": 229554000,
      "ocf": 273006000,
      "capex": -43452000,
      "gross_margin": 0.3624350224753177,
      "op_margin": 0.09838046356912294,
      "fcf_margin": 0.22171461465502754,
      "incr_op_margin_yoy": 2.603482991745896,
      "rev_growth_yoy": -0.06753990404835948,
      "rev_growth_yoy_accel": -0.154633580928842,
      "fcf_margin_change": -0.03160183131541558
    },
    {
      "date": "2022-10-01T00:00:00",
      "quarter_label": "2022-10 (Q4)",
      "revenue": 1158057000,
      "gross_profit": 538927000,
      "operating_income": 261562000,
      "net_income": 188615000,
      "opex": 277365000,
      "cogs": 619130000,
      "rd": 168164000,
      "sga": 97752000,
      "fcf": 220416000,
      "ocf": 267418000,
      "capex": -47002000,
      "gross_margin": 0.465371739042206,
      "op_margin": 0.22586280295356792,
      "fcf_margin": 0.19033260020879803,
      "incr_op_margin_yoy": 1.0371124898395943,
      "rev_growth_yoy": -0.0774277274291614,
      "rev_growth_yoy_accel": -0.009887823380801922,
      "op_leverage_ratio": 8.152800785916254,
      "fcf_margin_change": -0.03138201444622951
    },
    {
      "date": "2022-12-31T00:00:00",
      "quarter_label": "2022-12 (Q4)",
      "revenue": 743281000,
      "gross_profit": 268051000,
      "operating_income": 8729000,
      "net_income": -15931000,
      "opex": 259322000,
      "cogs": 475230000,
      "rd": 149472000,
      "sga": 76269000,
      "fcf": 202965000,
      "ocf": 237364000,
      "capex": -34399000,
      "gross_margin": 0.36063211625213076,
      "op_margin": 0.011743876138364898,
      "fcf_margin": 0.2730663100496313,
      "incr_op_margin_yoy": 0.7750191541939592,
      "rev_growth_yoy": -0.3327561117709211,
      "rev_growth_yoy_accel": -0.25532838434175975,
      "fcf_margin_change": 0.08273370984083325
    },
    {
      "date": "2023-04-01T00:00:00",
      "quarter_label": "2023-04 (Q2)",
      "revenue": 632703000,
      "gross_profit": 114714000,
      "operating_income": -188982000,
      "net_income": -138416000,
      "opex": 303696000,
      "cogs": 517989000,
      "rd": 163637000,
      "sga": 82954000,
      "fcf": 31343000,
      "ocf": 65443000,
      "capex": -34100000,
      "gross_margin": 0.18130781741196106,
      "op_margin": -0.29868990663865985,
      "fcf_margin": 0.04953825096451257,
      "incr_op_margin_yoy": 0.8615140920977402,
      "rev_growth_yoy": -0.45744658957019546,
      "rev_growth_yoy_accel": -0.12469047779927434,
      "fcf_margin_change": -0.2235280590851187
    },
    {
      "date": "2023-07-01T00:00:00",
      "quarter_label": "2023-07 (Q3)",
      "revenue": 651164000,
      "gross_profit": 229070000,
      "operating_income": -48136000,
      "net_income": -43580000,
      "opex": 277206000,
      "cogs": 422094000,
      "rd": 163090000,
      "sga": 105423000,
      "fcf": 5420000,
      "ocf": 44889000,
      "capex": -39469000,
      "gross_margin": 0.35178541811279496,
      "op_margin": -0.07392300557156108,
      "fcf_margin": 0.008323555970538911,
      "incr_op_margin_yoy": 0.3904147383873772,
      "rev_growth_yoy": -0.3710735803461218,
      "rev_growth_yoy_accel": 0.08637300922407365,
      "op_leverage_ratio": Infinity,
      "fcf_margin_change": -0.04121469499397366
    },
    {
      "date": "2023-09-30T00:00:00",
      "quarter_label": "2023-09 (Q3)",
      "revenue": 1103493000,
      "gross_profit": 489690000,
      "operating_income": 151428000,
      "net_income": 97461000,
      "opex": 338262000,
      "cogs": 613803000,
      "rd": 174947000,
      "sga": 103696000,
      "fcf": 64402000,
      "ocf": 93009000,
      "capex": -28607000,
      "gross_margin": 0.44376357620755186,
      "op_margin": 0.13722606305613175,
      "fcf_margin": 0.05836194701733495,
      "incr_op_margin_yoy": 2.018437064731325,
      "rev_growth_yoy": -0.04711685176118274,
      "rev_growth_yoy_accel": 0.32395672858493907,
      "op_leverage_ratio": 3.1538303455306775,
      "fcf_margin_change": 0.05003839104679604
    },
    {
      "date": "2023-12-30T00:00:00",
      "quarter_label": "2023-12 (Q4)",
      "revenue": 1073861000,
      "gross_profit": 387878000,
      "operating_income": -41569000,
      "net_income": -126938000,
      "opex": 429447000,
      "cogs": 685983000,
      "rd": 164329000,
      "sga": 86914000,
      "fcf": 466509000,
      "ocf": 492947000,
      "capex": -26438000,
      "gross_margin": 0.3611994476007602,
      "op_margin": -0.03870985164746648,
      "fcf_margin": 0.43442214588294015,
      "incr_op_margin_yoy": -0.15215076532155605,
      "rev_growth_yoy": 0.4447577699416506,
      "rev_growth_yoy_accel": 0.49187462170283336,
      "fcf_margin_change": 0.3760601988656052
    },
    {
      "date": "2024-03-30T00:00:00",
      "quarter_label": "2024-03 (Q1)",
      "revenue": 940988000,
      "gross_profit": 381857000,
      "operating_income": 29978000,
      "net_income": 2735000,
      "opex": 351879000,
      "cogs": 559131000,
      "rd": 179883000,
      "sga": 93107000,
      "fcf": 169628000,
      "ocf": 202344000,
      "capex": -32716000,
      "gross_margin": 0.4058043248160444,
      "op_margin": 0.031858004565414225,
      "fcf_margin": 0.18026584823610928,
      "incr_op_margin_yoy": 0.7102518773213098,
      "rev_growth_yoy": 0.4872507321760763,
      "rev_growth_yoy_accel": 0.04249296223442567,
      "fcf_margin_change": -0.2541562976468309
    },
    {
      "date": "2024-06-29T00:00:00",
      "quarter_label": "2024-06 (Q2)",
      "revenue": 886671000,
      "gross_profit": 332304000,
      "operating_income": 4606000,
      "net_income": 414000,
      "opex": 327698000,
      "cogs": 554367000,
      "rd": 187602000,
      "sga": 114923000,
      "fcf": 42853000,
      "ocf": 81085000,
      "capex": -38232000,
      "gross_margin": 0.3747771157509381,
      "op_margin": 0.005194711454417704,
      "fcf_margin": 0.04833021492752103,
      "incr_op_margin_yoy": 0.22395088044092107,
      "rev_growth_yoy": 0.36167079261138513,
      "rev_growth_yoy_accel": -0.12557993956469116,
      "fcf_margin_change": -0.13193563330858826
    },
    {
      "date": "2024-09-28T00:00:00",
      "quarter_label": "2024-09 (Q3)",
      "revenue": 1046509000,
      "gross_profit": 445306000,
      "operating_income": 9675000,
      "net_income": -17435000,
      "opex": 435631000,
      "cogs": 601203000,
      "rd": 201050000,
      "sga": 107760000,
      "fcf": 94834000,
      "ocf": 127846000,
      "capex": -33012000,
      "gross_margin": 0.4255156907394012,
      "op_margin": 0.009245023215280519,
      "fcf_margin": 0.09061938311089537,
      "incr_op_margin_yoy": 2.4875930085638074,
      "rev_growth_yoy": -0.05163965698015302,
      "rev_growth_yoy_accel": -0.4133104495915382,
      "op_leverage_ratio": 0.5473146520336433,
      "fcf_margin_change": 0.042289168183374345
    },
    {
      "date": "2024-12-28T00:00:00",
      "quarter_label": "2024-12 (Q4)",
      "revenue": 916317000,
      "gross_profit": 391416000,
      "operating_income": 53025000,
      "net_income": 41271000,
      "opex": 338391000,
      "cogs": 524901000,
      "rd": 179126000,
      "sga": 90360000,
      "fcf": 176245000,
      "ocf": 214088000,
      "capex": -37843000,
      "gross_margin": 0.4271622156960964,
      "op_margin": 0.05786752837718824,
      "fcf_margin": 0.19234064193941616,
      "incr_op_margin_yoy": -0.6004290864774285,
      "rev_growth_yoy": -0.14670800038366233,
      "rev_growth_yoy_accel": -0.09506834340350931,
      "fcf_margin_change": 0.10172125882852079
    },
    {
      "date": "2025-03-29T00:00:00",
      "quarter_label": "2025-03 (Q1)",
      "revenue": 869474000,
      "gross_profit": 366563000,
      "operating_income": 28221000,
      "net_income": 31365000,
      "opex": 338342000,
      "cogs": 502911000,
      "rd": 179931000,
      "sga": null,
      "fcf": 170670000,
      "ocf": 199183000,
      "capex": -28513000,
      "gross_margin": 0.421591674966704,
      "op_margin": 0.032457554797498255,
      "fcf_margin": 0.19629109093543912,
      "incr_op_margin_yoy": 0.02456861593534133,
      "rev_growth_yoy": -0.07599884376846464,
      "rev_growth_yoy_accel": 0.0707091566151977,
      "fcf_margin_change": 0.003950448996022954
    },
    {
      "date": "2025-06-28T00:00:00",
      "quarter_label": "2025-06 (Q2)",
      "revenue": 818778000,
      "gross_profit": 331802000,
      "operating_income": 30086000,
      "net_income": 25594000,
      "opex": 301716000,
      "cogs": 486976000,
      "rd": 179244000,
      "sga": null,
      "fcf": 145402000,
      "ocf": 182945000,
      "capex": -37543000,
      "gross_margin": 0.4052404925388811,
      "op_margin": 0.036745002918984145,
      "fcf_margin": 0.17758415590062263,
      "incr_op_margin_yoy": -0.3752964223115785,
      "rev_growth_yoy": -0.07657067841397767,
      "rev_growth_yoy_accel": -0.0005718346455130391,
      "fcf_margin_change": -0.01870693503481649
    },
    {
      "date": "2025-09-27T00:00:00",
      "quarter_label": "2025-09 (Q3)",
      "revenue": 1058503000,
      "gross_profit": 497088000,
      "operating_income": 157683000,
      "net_income": 119603000,
      "opex": 339405000,
      "cogs": 561415000,
      "rd": 198424000,
      "sga": null,
      "fcf": 42193000,
      "ocf": 83990000,
      "capex": -41797000,
      "gross_margin": 0.4696141626429023,
      "op_margin": 0.14896792923591148,
      "fcf_margin": 0.0398610112583526,
      "incr_op_margin_yoy": 12.340170085042521,
      "rev_growth_yoy": 0.01146096211308264,
      "rev_growth_yoy_accel": 0.08803164052706032,
      "op_leverage_ratio": 2.343855800077736,
      "fcf_margin_change": -0.13772314464227003
    },
    {
      "date": "2025-12-27T00:00:00",
      "quarter_label": "2025-12 (Q4)",
      "revenue": 992959000,
      "gross_profit": 464191000,
      "operating_income": 192141000,
      "net_income": 164062000,
      "opex": 272050000,
      "cogs": 528768000,
      "rd": 178066000,
      "sga": null,
      "fcf": 236937000,
      "ocf": 265432000,
      "capex": -28495000,
      "gross_margin": 0.46748254459650396,
      "op_margin": 0.19350345784669862,
      "fcf_margin": 0.2386171030223806,
      "incr_op_margin_yoy": 1.8151405234727696,
      "rev_growth_yoy": 0.08364135992238494,
      "rev_growth_yoy_accel": 0.0721803978093023,
      "fcf_margin_change": 0.198756091764028
    }
  ],
  "signals": [
    {
      "quarter": "2025-12 (Q4)",
      "signal": "FCF MARGIN EXPANSION",
      "detail": "FCF margin: +4.0% -> +23.9% (+19.9%)",
      "severity": "MEDIUM"
    },
    {
      "quarter": "2025-12 (Q4)",
      "signal": "YoY REVENUE GROWTH ACCELERATION",
      "detail": "YoY growth: +8.4% vs prior quarter YoY: +1.1% (accel: +7.2%)",
      "severity": "MEDIUM"
    },
    {
      "quarter": "2025-12 (Q4)",
      "signal": "INCREMENTAL MARGIN (YoY)",
      "detail": "YoY Incr OPM: +181.5% vs year-ago OPM: +5.8%",
      "severity": "HIGH"
    },
    {
      "quarter": "2025-09 (Q3)",
      "signal": "OPERATING LEVERAGE",
      "detail": "Rev growth +29.3% vs OpEx growth +12.5% (leverage: 2.3x)",
      "severity": "MEDIUM"
    },
    {
      "quarter": "2025-09 (Q3)",
      "signal": "GROSS MARGIN INFLECTION",
      "detail": "GM: +42.2% -> +40.5% -> +47.0% (reversal +6.4%)",
      "severity": "HIGH"
    },
    {
      "quarter": "2025-09 (Q3)",
      "signal": "YoY REVENUE GROWTH ACCELERATION",
      "detail": "YoY growth: +1.1% vs prior quarter YoY: -7.7% (accel: +8.8%)",
      "severity": "MEDIUM"
    },
    {
      "quarter": "2025-09 (Q3)",
      "signal": "INCREMENTAL MARGIN (YoY)",
      "detail": "YoY Incr OPM: +1234.0% vs year-ago OPM: +0.9%",
      "severity": "HIGH"
    },
    {
      "quarter": "2025-03 (Q1)",
      "signal": "YoY REVENUE GROWTH ACCELERATION",
      "detail": "YoY growth: -7.6% vs prior quarter YoY: -14.7% (accel: +7.1%)",
      "severity": "MEDIUM"
    },
    {
      "quarter": "2024-12 (Q4)",
      "signal": "FCF MARGIN EXPANSION",
      "detail": "FCF margin: +9.1% -> +19.2% (+10.2%)",
      "severity": "MEDIUM"
    },
    {
      "quarter": "2024-12 (Q4)",
      "signal": "YoY REVENUE GROWTH DECELERATION",
      "detail": "YoY growth: -14.7% vs prior quarter YoY: -5.2% (decel: -9.5%)",
      "severity": "WARNING"
    },
    {
      "quarter": "2024-12 (Q4)",
      "signal": "OP MARGIN TURNED POSITIVE (YoY)",
      "detail": "Op margin: -3.9% (year-ago) -> +5.8%",
      "severity": "HIGH"
    },
    {
      "quarter": "2024-09 (Q3)",
      "signal": "GROSS MARGIN INFLECTION",
      "detail": "GM: +40.6% -> +37.5% -> +42.6% (reversal +5.1%)",
      "severity": "HIGH"
    },
    {
      "quarter": "2024-09 (Q3)",
      "signal": "YoY REVENUE GROWTH DECELERATION",
      "detail": "YoY growth: -5.2% vs prior quarter YoY: +36.2% (decel: -41.3%)",
      "severity": "WARNING"
    },
    {
      "quarter": "2024-09 (Q3)",
      "signal": "INCREMENTAL MARGIN (YoY)",
      "detail": "YoY Incr OPM: +248.8% vs year-ago OPM: +13.7%",
      "severity": "HIGH"
    },
    {
      "quarter": "2024-06 (Q2)",
      "signal": "YoY REVENUE GROWTH DECELERATION",
      "detail": "YoY growth: +36.2% vs prior quarter YoY: +48.7% (decel: -12.6%)",
      "severity": "WARNING"
    },
    {
      "quarter": "2024-06 (Q2)",
      "signal": "OP MARGIN TURNED POSITIVE (YoY)",
      "detail": "Op margin: -7.4% (year-ago) -> +0.5%",
      "severity": "HIGH"
    },
    {
      "quarter": "2024-03 (Q1)",
      "signal": "GROSS MARGIN INFLECTION",
      "detail": "GM: +44.4% -> +36.1% -> +40.6% (reversal +4.5%)",
      "severity": "MEDIUM"
    },
    {
      "quarter": "2024-03 (Q1)",
      "signal": "OP MARGIN TURNED POSITIVE (YoY)",
      "detail": "Op margin: -29.9% (year-ago) -> +3.2%",
      "severity": "HIGH"
    },
    {
      "quarter": "2024-03 (Q1)",
      "signal": "OP MARGIN TURNED POSITIVE (QoQ)",
      "detail": "Op margin: -3.9% -> +3.2%",
      "severity": "HIGH"
    },
    {
      "quarter": "2023-12 (Q4)",
      "signal": "FCF MARGIN EXPANSION",
      "detail": "FCF margin: +5.8% -> +43.4% (+37.6%)",
      "severity": "MEDIUM"
    },
    {
      "quarter": "2023-12 (Q4)",
      "signal": "YoY REVENUE GROWTH ACCELERATION",
      "detail": "YoY growth: +44.5% vs prior quarter YoY: -4.7% (accel: +49.2%)",
      "severity": "HIGH"
    },
    {
      "quarter": "2023-09 (Q3)",
      "signal": "FCF MARGIN EXPANSION",
      "detail": "FCF margin: +0.8% -> +5.8% (+5.0%)",
      "severity": "MEDIUM"
    },
    {
      "quarter": "2023-09 (Q3)",
      "signal": "OPERATING LEVERAGE",
      "detail": "Rev growth +69.5% vs OpEx growth +22.0% (leverage: 3.2x)",
      "severity": "MEDIUM"
    },
    {
      "quarter": "2023-09 (Q3)",
      "signal": "YoY REVENUE GROWTH ACCELERATION",
      "detail": "YoY growth: -4.7% vs prior quarter YoY: -37.1% (accel: +32.4%)",
      "severity": "HIGH"
    },
    {
      "quarter": "2023-09 (Q3)",
      "signal": "INCREMENTAL MARGIN (YoY)",
      "detail": "YoY Incr OPM: +201.8% vs year-ago OPM: +22.6%",
      "severity": "HIGH"
    },
    {
      "quarter": "2023-09 (Q3)",
      "signal": "OP MARGIN TURNED POSITIVE (QoQ)",
      "detail": "Op margin: -7.4% -> +13.7%",
      "severity": "HIGH"
    },
    {
      "quarter": "2023-07 (Q3)",
      "signal": "GROSS MARGIN INFLECTION",
      "detail": "GM: +36.1% -> +18.1% -> +35.2% (reversal +17.0%)",
      "severity": "HIGH"
    },
    {
      "quarter": "2023-07 (Q3)",
      "signal": "YoY REVENUE GROWTH ACCELERATION",
      "detail": "YoY growth: -37.1% vs prior quarter YoY: -45.7% (accel: +8.6%)",
      "severity": "MEDIUM"
    },
    {
      "quarter": "2023-04 (Q2)",
      "signal": "YoY REVENUE GROWTH DECELERATION",
      "detail": "YoY growth: -45.7% vs prior quarter YoY: -33.3% (decel: -12.5%)",
      "severity": "WARNING"
    },
    {
      "quarter": "2022-12 (Q4)",
      "signal": "FCF MARGIN EXPANSION",
      "detail": "FCF margin: +19.0% -> +27.3% (+8.3%)",
      "severity": "MEDIUM"
    },
    {
      "quarter": "2022-12 (Q4)",
      "signal": "YoY REVENUE GROWTH DECELERATION",
      "detail": "YoY growth: -33.3% vs prior quarter YoY: -7.7% (decel: -25.5%)",
      "severity": "WARNING"
    },
    {
      "quarter": "2022-12 (Q4)",
      "signal": "INCREMENTAL MARGIN (YoY)",
      "detail": "YoY Incr OPM: +77.5% vs year-ago OPM: +26.6%",
      "severity": "HIGH"
    },
    {
      "quarter": "2022-10 (Q4)",
      "signal": "OPERATING LEVERAGE",
      "detail": "Rev growth +11.9% vs OpEx growth +1.5% (leverage: 8.2x)",
      "severity": "MEDIUM"
    },
    {
      "quarter": "2022-10 (Q4)",
      "signal": "GROSS MARGIN INFLECTION",
      "detail": "GM: +48.9% -> +36.2% -> +46.5% (reversal +10.3%)",
      "severity": "HIGH"
    },
    {
      "quarter": "2022-10 (Q4)",
      "signal": "INCREMENTAL MARGIN (YoY)",
      "detail": "YoY Incr OPM: +103.7% vs year-ago OPM: +28.9%",
      "severity": "HIGH"
    },
    {
      "quarter": "2022-07 (Q3)",
      "signal": "YoY REVENUE GROWTH DECELERATION",
      "detail": "YoY growth: -6.8% vs prior quarter YoY: +8.7% (decel: -15.5%)",
      "severity": "WARNING"
    },
    {
      "quarter": "2022-07 (Q3)",
      "signal": "INCREMENTAL MARGIN (YoY)",
      "detail": "YoY Incr OPM: +260.3% vs year-ago OPM: +26.8%",
      "severity": "HIGH"
    },
    {
      "quarter": "2022-04 (Q2)",
      "signal": "FCF MARGIN EXPANSION",
      "detail": "FCF margin: +6.0% -> +25.3% (+19.4%)",
      "severity": "MEDIUM"
    },
    {
      "quarter": "2021-10 (Q4)",
      "signal": "OPERATING LEVERAGE",
      "detail": "Rev growth +13.0% vs OpEx growth +4.1% (leverage: 3.2x)",
      "severity": "MEDIUM"
    }
  ],
  "data_quality": {
    "n_quarters": 20,
    "coverage": {
      "revenue": [
        20,
        20
      ],
      "gross_profit": [
        20,
        20
      ],
      "op_income": [
        20,
        20
      ],
      "fcf": [
        20,
        20
      ]
    },
    "gaps": [],
    "warnings": []
  },
  "market_cap": null,
  "source": "SEC EDGAR",
  "last_updated": "2026-02-02T20:47:47.633176"
}