{
  "ticker": "QTRX",
  "name": "QUANTERIX CORPORATION",
  "quarters": [
    {
      "date": "2020-12-31T00:00:00",
      "quarter_label": "2020-12 (Q4)",
      "revenue": 26131000,
      "gross_profit": 15050000,
      "operating_income": -9933000,
      "net_income": -9821000,
      "opex": 24983000,
      "cogs": 11081000,
      "rd": 6217000,
      "sga": 18766000,
      "fcf": 2873000,
      "ocf": 4654000,
      "capex": -1781000,
      "gross_margin": 0.5759442807393518,
      "op_margin": -0.38012322528797216,
      "fcf_margin": 0.10994604110060847
    },
    {
      "date": "2021-03-31T00:00:00",
      "quarter_label": "2021-03 (Q1)",
      "revenue": 27209000,
      "gross_profit": 16349000,
      "operating_income": -9789000,
      "net_income": -10104000,
      "opex": 26138000,
      "cogs": 10860000,
      "rd": 6683000,
      "sga": 19455000,
      "fcf": -14168000,
      "ocf": -14089000,
      "capex": -79000,
      "gross_margin": 0.6008673600646844,
      "op_margin": -0.3597706641184902,
      "fcf_margin": -0.5207100591715976,
      "op_leverage_ratio": 0.8923296722921689,
      "fcf_margin_change": -0.6306561002722061
    },
    {
      "date": "2021-06-30T00:00:00",
      "quarter_label": "2021-06 (Q2)",
      "revenue": 25371000,
      "gross_profit": 13874000,
      "operating_income": -13668000,
      "net_income": -11897000,
      "opex": 27542000,
      "cogs": 11497000,
      "rd": 6754000,
      "sga": 20788000,
      "fcf": -17009000,
      "ocf": -9749000,
      "capex": -7260000,
      "gross_margin": 0.5468448228292144,
      "op_margin": -0.5387253163060187,
      "fcf_margin": -0.670411099286587,
      "fcf_margin_change": -0.14970104011498941
    },
    {
      "date": "2021-09-30T00:00:00",
      "quarter_label": "2021-09 (Q3)",
      "revenue": 27689000,
      "gross_profit": 15244000,
      "operating_income": -15233000,
      "net_income": -15661000,
      "opex": 30477000,
      "cogs": 12445000,
      "rd": 6807000,
      "sga": 23670000,
      "fcf": -17601000,
      "ocf": -13777000,
      "capex": -3824000,
      "gross_margin": 0.5505435371447145,
      "op_margin": -0.5501462674708368,
      "fcf_margin": -0.6356675936292391,
      "op_leverage_ratio": 0.8573599940427497,
      "fcf_margin_change": 0.03474350565734796
    },
    {
      "date": "2021-12-31T00:00:00",
      "quarter_label": "2021-12 (Q4)",
      "revenue": 30287000,
      "gross_profit": 16261000,
      "operating_income": -19896000,
      "net_income": -20026000,
      "opex": 36157000,
      "cogs": 14026000,
      "rd": 7734000,
      "sga": 28423000,
      "fcf": -12518000,
      "ocf": -10006000,
      "capex": -2512000,
      "gross_margin": 0.5368970185227986,
      "op_margin": -0.6569155083038928,
      "fcf_margin": -0.41331264238782317,
      "incr_op_margin_yoy": -2.39725697786333,
      "rev_growth_yoy": 0.15904481267460105,
      "op_leverage_ratio": 0.5034493155618314,
      "fcf_margin_change": 0.2223549512414159
    },
    {
      "date": "2022-03-31T00:00:00",
      "quarter_label": "2022-03 (Q1)",
      "revenue": 29552000,
      "gross_profit": 14559000,
      "operating_income": -18187000,
      "net_income": -18153000,
      "opex": 32746000,
      "cogs": 14993000,
      "rd": 7034000,
      "sga": 25712000,
      "fcf": -23090000,
      "ocf": -21755000,
      "capex": -1335000,
      "gross_margin": 0.49265701136978884,
      "op_margin": -0.6154236599891716,
      "fcf_margin": -0.7813345966432051,
      "incr_op_margin_yoy": -3.5842936406316688,
      "rev_growth_yoy": 0.0861112132015142,
      "rev_growth_yoy_accel": -0.07293359947308685,
      "fcf_margin_change": -0.368021954255382
    },
    {
      "date": "2022-06-30T00:00:00",
      "quarter_label": "2022-06 (Q2)",
      "revenue": 23500000,
      "gross_profit": 8711000,
      "operating_income": -24959000,
      "net_income": -24902000,
      "opex": 33670000,
      "cogs": 14789000,
      "rd": 6625000,
      "sga": 27045000,
      "fcf": -12968000,
      "ocf": -7961000,
      "capex": -5007000,
      "gross_margin": 0.3706808510638298,
      "op_margin": -1.0620851063829788,
      "fcf_margin": -0.5518297872340425,
      "incr_op_margin_yoy": 6.034740780331374,
      "rev_growth_yoy": -0.07374561507232667,
      "rev_growth_yoy_accel": -0.15985682827384087,
      "fcf_margin_change": 0.22950480940916262
    },
    {
      "date": "2022-09-30T00:00:00",
      "quarter_label": "2022-09 (Q3)",
      "revenue": 26646000,
      "gross_profit": 10944000,
      "operating_income": -36603000,
      "net_income": -35064000,
      "opex": 47547000,
      "cogs": 15702000,
      "rd": 6631000,
      "sga": 19966000,
      "fcf": -18482000,
      "ocf": -14805000,
      "capex": -3677000,
      "gross_margin": 0.41071830668768294,
      "op_margin": -1.373677099752308,
      "fcf_margin": -0.6936125497260377,
      "incr_op_margin_yoy": 20.488974113135185,
      "rev_growth_yoy": -0.0376683881685868,
      "rev_growth_yoy_accel": 0.03607722690373987,
      "op_leverage_ratio": 0.32481672567036535,
      "fcf_margin_change": -0.14178276249199517
    },
    {
      "date": "2022-12-31T00:00:00",
      "quarter_label": "2022-12 (Q4)",
      "revenue": 25824000,
      "gross_profit": 12644000,
      "operating_income": -21392000,
      "net_income": -18198000,
      "opex": 34036000,
      "cogs": 13180000,
      "rd": 5843000,
      "sga": 18385000,
      "fcf": -5685000,
      "ocf": -4090000,
      "capex": -1595000,
      "gross_margin": 0.4896220570012392,
      "op_margin": -0.8283767038413878,
      "fcf_margin": -0.22014405204460966,
      "incr_op_margin_yoy": 0.3352005377548734,
      "rev_growth_yoy": -0.14735695182751676,
      "rev_growth_yoy_accel": -0.10968856365892996,
      "fcf_margin_change": 0.47346849768142807
    },
    {
      "date": "2023-03-31T00:00:00",
      "quarter_label": "2023-03 (Q1)",
      "revenue": 28456000,
      "gross_profit": 16926000,
      "operating_income": -9420000,
      "net_income": -6103000,
      "opex": 26346000,
      "cogs": 11530000,
      "rd": 4720000,
      "sga": 20883000,
      "fcf": -9960000,
      "ocf": -9824000,
      "capex": -136000,
      "gross_margin": 0.5948130447005904,
      "op_margin": -0.33103739105988195,
      "fcf_margin": -0.3500140567894293,
      "incr_op_margin_yoy": -7.999087591240876,
      "rev_growth_yoy": -0.037087168381158636,
      "rev_growth_yoy_accel": 0.11026978344635813,
      "op_leverage_ratio": Infinity,
      "fcf_margin_change": -0.12987000474481966
    },
    {
      "date": "2023-06-30T00:00:00",
      "quarter_label": "2023-06 (Q2)",
      "revenue": 31029000,
      "gross_profit": 19138000,
      "operating_income": -9561000,
      "net_income": -6064000,
      "opex": 28699000,
      "cogs": 11891000,
      "rd": 5946000,
      "sga": 21591000,
      "fcf": 222000,
      "ocf": 1033000,
      "capex": -811000,
      "gross_margin": 0.616777852976248,
      "op_margin": -0.30813110316155856,
      "fcf_margin": 0.0071545973121918205,
      "incr_op_margin_yoy": 2.045158719617479,
      "rev_growth_yoy": 0.32038297872340427,
      "rev_growth_yoy_accel": 0.35747014710456293,
      "op_leverage_ratio": 1.012415287382786,
      "fcf_margin_change": 0.35716865410162113
    },
    {
      "date": "2023-09-30T00:00:00",
      "quarter_label": "2023-09 (Q3)",
      "revenue": 31334000,
      "gross_profit": 17783000,
      "operating_income": -13770000,
      "net_income": -7758000,
      "opex": 31553000,
      "cogs": 13551000,
      "rd": 7200000,
      "sga": 23595000,
      "fcf": -4797000,
      "ocf": -3866000,
      "capex": -931000,
      "gross_margin": 0.5675304780749346,
      "op_margin": -0.4394587349205336,
      "fcf_margin": -0.15309248739388523,
      "incr_op_margin_yoy": 4.8705204778157,
      "rev_growth_yoy": 0.17593635067177063,
      "rev_growth_yoy_accel": -0.14444662805163364,
      "fcf_margin_change": -0.16024708470607704
    },
    {
      "date": "2023-12-31T00:00:00",
      "quarter_label": "2023-12 (Q4)",
      "revenue": 31549000,
      "gross_profit": 19406000,
      "operating_income": -13617000,
      "net_income": -8813000,
      "opex": 33023000,
      "cogs": 12143000,
      "rd": 7210000,
      "sga": 23436000,
      "fcf": -8155000,
      "ocf": -6192000,
      "capex": -1963000,
      "gross_margin": 0.6151066594820755,
      "op_margin": -0.4316143142413389,
      "fcf_margin": -0.25848679831373417,
      "incr_op_margin_yoy": 1.3580786026200873,
      "rev_growth_yoy": 0.2216929987608426,
      "rev_growth_yoy_accel": 0.04575664808907198,
      "fcf_margin_change": -0.10539431091984894
    },
    {
      "date": "2024-03-31T00:00:00",
      "quarter_label": "2024-03 (Q1)",
      "revenue": 32066000,
      "gross_profit": 19626000,
      "operating_income": -13966000,
      "net_income": -10072000,
      "opex": 33592000,
      "cogs": 12440000,
      "rd": 6675000,
      "sga": 25993000,
      "fcf": -20670000,
      "ocf": -20164000,
      "capex": -506000,
      "gross_margin": 0.6120501465726939,
      "op_margin": -0.4355392003991767,
      "fcf_margin": -0.644607996008233,
      "incr_op_margin_yoy": -1.2592797783933518,
      "rev_growth_yoy": 0.1268625245993815,
      "rev_growth_yoy_accel": -0.09483047416146112,
      "op_leverage_ratio": 0.9510628179525574,
      "fcf_margin_change": -0.3861211976944989
    },
    {
      "date": "2024-06-30T00:00:00",
      "quarter_label": "2024-06 (Q2)",
      "revenue": 34381000,
      "gross_profit": 20058000,
      "operating_income": -13108000,
      "net_income": -9473000,
      "opex": 33166000,
      "cogs": 14323000,
      "rd": 8104000,
      "sga": 24135000,
      "fcf": -6550000,
      "ocf": -4951000,
      "capex": -1599000,
      "gross_margin": 0.5834036240947035,
      "op_margin": -0.381257089671621,
      "fcf_margin": -0.1905122015066461,
      "incr_op_margin_yoy": -1.0581742243436754,
      "rev_growth_yoy": 0.10802797383093235,
      "rev_growth_yoy_accel": -0.018834550768449143,
      "op_leverage_ratio": Infinity,
      "fcf_margin_change": 0.45409579450158694
    },
    {
      "date": "2024-09-30T00:00:00",
      "quarter_label": "2024-09 (Q3)",
      "revenue": 35813000,
      "gross_profit": 20153000,
      "operating_income": -11748000,
      "net_income": -8353000,
      "opex": 31901000,
      "cogs": 15660000,
      "rd": 8104000,
      "sga": 22908000,
      "fcf": -6598000,
      "ocf": -5747000,
      "capex": -851000,
      "gross_margin": 0.5627286180995728,
      "op_margin": -0.328037304889286,
      "fcf_margin": -0.18423477508167424,
      "incr_op_margin_yoy": 0.4514400535833891,
      "rev_growth_yoy": 0.14294376715389034,
      "rev_growth_yoy_accel": 0.034915793322957994,
      "op_leverage_ratio": Infinity,
      "fcf_margin_change": 0.006277426424971866
    },
    {
      "date": "2024-12-31T00:00:00",
      "quarter_label": "2024-12 (Q4)",
      "revenue": 35161000,
      "gross_profit": 22169000,
      "operating_income": -14769000,
      "net_income": -11628000,
      "opex": 36938000,
      "cogs": 12992000,
      "rd": 8067000,
      "sga": 28591000,
      "fcf": -4714000,
      "ocf": -4302000,
      "capex": -412000,
      "gross_margin": 0.630499701373681,
      "op_margin": -0.4200392480304883,
      "fcf_margin": -0.1340689968999744,
      "incr_op_margin_yoy": -0.31893687707641194,
      "rev_growth_yoy": 0.11448857333037497,
      "rev_growth_yoy_accel": -0.02845519382351537,
      "fcf_margin_change": 0.050165778181699844
    },
    {
      "date": "2025-03-31T00:00:00",
      "quarter_label": "2025-03 (Q1)",
      "revenue": 30333000,
      "gross_profit": 16415000,
      "operating_income": -26366000,
      "net_income": -20504000,
      "opex": 42781000,
      "cogs": 13918000,
      "rd": 10036000,
      "sga": 32457000,
      "fcf": -15144000,
      "ocf": -13888000,
      "capex": -1256000,
      "gross_margin": 0.5411597929647578,
      "op_margin": -0.8692183430587149,
      "fcf_margin": -0.4992582336069627,
      "incr_op_margin_yoy": 7.155222158107328,
      "rev_growth_yoy": -0.05404478263581364,
      "rev_growth_yoy_accel": -0.16853335596618862,
      "fcf_margin_change": -0.36518923670698833
    },
    {
      "date": "2025-06-30T00:00:00",
      "quarter_label": "2025-06 (Q2)",
      "revenue": 24476000,
      "gross_profit": 11300000,
      "operating_income": -37100000,
      "net_income": -30013000,
      "opex": 48400000,
      "cogs": 13176000,
      "rd": 9081000,
      "sga": 31353000,
      "fcf": -6432000,
      "ocf": -5655000,
      "capex": -777000,
      "gross_margin": 0.4616767445661056,
      "op_margin": -1.5157705507435855,
      "fcf_margin": -0.26278803726099037,
      "incr_op_margin_yoy": 2.42221100454316,
      "rev_growth_yoy": -0.2880951688432565,
      "rev_growth_yoy_accel": -0.23405038620744284,
      "fcf_margin_change": 0.23647019634597233
    },
    {
      "date": "2025-09-30T00:00:00",
      "quarter_label": "2025-09 (Q3)",
      "revenue": 40233000,
      "gross_profit": 17206000,
      "operating_income": -37325000,
      "net_income": -33517000,
      "opex": 54531000,
      "cogs": 23027000,
      "rd": 8009000,
      "sga": 39062000,
      "fcf": -41926000,
      "ocf": -41249000,
      "capex": -677000,
      "gross_margin": 0.42765888698332216,
      "op_margin": -0.9277210250292048,
      "fcf_margin": -1.042079884671787,
      "incr_op_margin_yoy": -5.786651583710407,
      "rev_growth_yoy": 0.12341887024264932,
      "rev_growth_yoy_accel": 0.4115140390859058,
      "op_leverage_ratio": 5.082145984699853,
      "fcf_margin_change": -0.7792918474107966
    }
  ],
  "signals": [
    {
      "quarter": "2025-09 (Q3)",
      "signal": "OPERATING LEVERAGE",
      "detail": "Rev growth +64.4% vs OpEx growth +12.7% (leverage: 5.1x)",
      "severity": "MEDIUM"
    },
    {
      "quarter": "2025-09 (Q3)",
      "signal": "YoY REVENUE GROWTH ACCELERATION",
      "detail": "YoY growth: +12.3% vs prior quarter YoY: -28.8% (accel: +41.2%)",
      "severity": "HIGH"
    },
    {
      "quarter": "2025-06 (Q2)",
      "signal": "FCF MARGIN EXPANSION",
      "detail": "FCF margin: -49.9% -> -26.3% (+23.6%)",
      "severity": "MEDIUM"
    },
    {
      "quarter": "2025-06 (Q2)",
      "signal": "YoY REVENUE GROWTH DECELERATION",
      "detail": "YoY growth: -28.8% vs prior quarter YoY: -5.4% (decel: -23.4%)",
      "severity": "WARNING"
    },
    {
      "quarter": "2025-03 (Q1)",
      "signal": "YoY REVENUE GROWTH DECELERATION",
      "detail": "YoY growth: -5.4% vs prior quarter YoY: +11.4% (decel: -16.9%)",
      "severity": "WARNING"
    },
    {
      "quarter": "2024-12 (Q4)",
      "signal": "FCF MARGIN EXPANSION",
      "detail": "FCF margin: -18.4% -> -13.4% (+5.0%)",
      "severity": "MEDIUM"
    },
    {
      "quarter": "2024-12 (Q4)",
      "signal": "GROSS MARGIN INFLECTION",
      "detail": "GM: +58.3% -> +56.3% -> +63.0% (reversal +6.8%)",
      "severity": "HIGH"
    },
    {
      "quarter": "2024-06 (Q2)",
      "signal": "FCF MARGIN EXPANSION",
      "detail": "FCF margin: -64.5% -> -19.1% (+45.4%)",
      "severity": "MEDIUM"
    },
    {
      "quarter": "2024-03 (Q1)",
      "signal": "YoY REVENUE GROWTH DECELERATION",
      "detail": "YoY growth: +12.7% vs prior quarter YoY: +22.2% (decel: -9.5%)",
      "severity": "WARNING"
    },
    {
      "quarter": "2023-12 (Q4)",
      "signal": "GROSS MARGIN INFLECTION",
      "detail": "GM: +61.7% -> +56.8% -> +61.5% (reversal +4.8%)",
      "severity": "MEDIUM"
    },
    {
      "quarter": "2023-09 (Q3)",
      "signal": "YoY REVENUE GROWTH DECELERATION",
      "detail": "YoY growth: +17.6% vs prior quarter YoY: +32.0% (decel: -14.4%)",
      "severity": "WARNING"
    },
    {
      "quarter": "2023-06 (Q2)",
      "signal": "FCF TURNED POSITIVE",
      "detail": "FCF margin: -35.0% -> +0.7%",
      "severity": "HIGH"
    },
    {
      "quarter": "2023-06 (Q2)",
      "signal": "YoY REVENUE GROWTH ACCELERATION",
      "detail": "YoY growth: +32.0% vs prior quarter YoY: -3.7% (accel: +35.7%)",
      "severity": "HIGH"
    },
    {
      "quarter": "2023-03 (Q1)",
      "signal": "YoY REVENUE GROWTH ACCELERATION",
      "detail": "YoY growth: -3.7% vs prior quarter YoY: -14.7% (accel: +11.0%)",
      "severity": "MEDIUM"
    },
    {
      "quarter": "2022-12 (Q4)",
      "signal": "FCF MARGIN EXPANSION",
      "detail": "FCF margin: -69.4% -> -22.0% (+47.3%)",
      "severity": "MEDIUM"
    },
    {
      "quarter": "2022-12 (Q4)",
      "signal": "YoY REVENUE GROWTH DECELERATION",
      "detail": "YoY growth: -14.7% vs prior quarter YoY: -3.8% (decel: -11.0%)",
      "severity": "WARNING"
    },
    {
      "quarter": "2022-09 (Q3)",
      "signal": "GROSS MARGIN INFLECTION",
      "detail": "GM: +49.3% -> +37.1% -> +41.1% (reversal +4.0%)",
      "severity": "MEDIUM"
    },
    {
      "quarter": "2022-06 (Q2)",
      "signal": "FCF MARGIN EXPANSION",
      "detail": "FCF margin: -78.1% -> -55.2% (+23.0%)",
      "severity": "MEDIUM"
    },
    {
      "quarter": "2022-06 (Q2)",
      "signal": "YoY REVENUE GROWTH DECELERATION",
      "detail": "YoY growth: -7.4% vs prior quarter YoY: +8.6% (decel: -16.0%)",
      "severity": "WARNING"
    },
    {
      "quarter": "2022-03 (Q1)",
      "signal": "YoY REVENUE GROWTH DECELERATION",
      "detail": "YoY growth: +8.6% vs prior quarter YoY: +15.9% (decel: -7.3%)",
      "severity": "WARNING"
    },
    {
      "quarter": "2021-12 (Q4)",
      "signal": "FCF MARGIN EXPANSION",
      "detail": "FCF margin: -63.6% -> -41.3% (+22.2%)",
      "severity": "MEDIUM"
    }
  ],
  "data_quality": {
    "n_quarters": 20,
    "coverage": {
      "revenue": [
        20,
        20
      ],
      "gross_profit": [
        20,
        20
      ],
      "op_income": [
        20,
        20
      ],
      "fcf": [
        20,
        20
      ]
    },
    "gaps": [],
    "warnings": []
  },
  "market_cap": null,
  "source": "SEC EDGAR",
  "last_updated": "2026-02-02T22:45:06.173561"
}