{
  "ticker": "QTWO",
  "name": "Q2 Holdings,\u00a0Inc.",
  "sector": "Technology",
  "industry": "Software - Application",
  "quarters": [
    {
      "date": "2021-03-31T00:00:00",
      "quarter_label": "2021-03 (Q1)",
      "revenue": 116520000,
      "gross_profit": 53201000,
      "operating_income": -17513000,
      "net_income": -25655000,
      "opex": 70714000,
      "cogs": 63319000,
      "rd": 26795000,
      "sga": null,
      "fcf": -11589000,
      "ocf": -5478000,
      "capex": -6111000,
      "gross_margin": 0.4565825609337453,
      "op_margin": -0.1503003776175764,
      "fcf_margin": -0.09945932028836252
    },
    {
      "date": "2021-06-30T00:00:00",
      "quarter_label": "2021-06 (Q2)",
      "revenue": 123573000,
      "gross_profit": 55340000,
      "operating_income": -19943000,
      "net_income": -30127000,
      "opex": 75283000,
      "cogs": 68233000,
      "rd": 29429000,
      "sga": null,
      "fcf": 3219000,
      "ocf": 11487000,
      "capex": -8268000,
      "gross_margin": 0.44783245530981686,
      "op_margin": -0.16138638699392263,
      "fcf_margin": 0.026049379718870627,
      "op_leverage_ratio": 0.9368232360697027,
      "fcf_margin_change": 0.12550870000723313
    },
    {
      "date": "2021-09-30T00:00:00",
      "quarter_label": "2021-09 (Q3)",
      "revenue": 126736000,
      "gross_profit": 57010000,
      "operating_income": -22972000,
      "net_income": -31583000,
      "opex": 79982000,
      "cogs": 69726000,
      "rd": 30763000,
      "sga": null,
      "fcf": -16075000,
      "ocf": -14395000,
      "capex": -1680000,
      "gross_margin": 0.4498327231410175,
      "op_margin": -0.18125867945966417,
      "fcf_margin": -0.12683846736523166,
      "op_leverage_ratio": 0.4100785695268627,
      "fcf_margin_change": -0.1528878470841023
    },
    {
      "date": "2021-12-31T00:00:00",
      "quarter_label": "2021-12 (Q4)",
      "revenue": 131891000,
      "gross_profit": 59484000,
      "operating_income": -17567000,
      "net_income": -25381000,
      "opex": 77051000,
      "cogs": 72407000,
      "rd": 29965000,
      "sga": null,
      "fcf": 35783000,
      "ocf": 39478000,
      "capex": -3695000,
      "gross_margin": 0.4510087875594241,
      "op_margin": -0.13319331872531104,
      "fcf_margin": 0.27130736744736184,
      "op_leverage_ratio": null,
      "fcf_margin_change": 0.39814583481259347
    },
    {
      "date": "2022-03-31T00:00:00",
      "quarter_label": "2022-03 (Q1)",
      "revenue": 134071000,
      "gross_profit": 60399000,
      "operating_income": -21399000,
      "net_income": -23559000,
      "opex": 81798000,
      "cogs": 73672000,
      "rd": 31131000,
      "sga": null,
      "fcf": -8368000,
      "ocf": -4502000,
      "capex": -3866000,
      "gross_margin": 0.450500108151651,
      "op_margin": -0.1596094606589046,
      "fcf_margin": -0.062414690723571836,
      "incr_op_margin_yoy": -0.2214118853626574,
      "rev_growth_yoy": 0.15062650188808788,
      "op_leverage_ratio": 0.26828746401953285,
      "fcf_margin_change": -0.3337220581709337
    },
    {
      "date": "2022-06-30T00:00:00",
      "quarter_label": "2022-06 (Q2)",
      "revenue": 140309000,
      "gross_profit": 62888000,
      "operating_income": -23784000,
      "net_income": -25222000,
      "opex": 86672000,
      "cogs": 77421000,
      "rd": 31832000,
      "sga": null,
      "fcf": -10549000,
      "ocf": -9318000,
      "capex": -1231000,
      "gross_margin": 0.4482107348780192,
      "op_margin": -0.16951157801709085,
      "fcf_margin": -0.07518405804331868,
      "incr_op_margin_yoy": -0.22950525812619502,
      "rev_growth_yoy": 0.13543411586673465,
      "rev_growth_yoy_accel": -0.015192386021353227,
      "op_leverage_ratio": 0.7808501210997633,
      "fcf_margin_change": -0.012769367319746844
    },
    {
      "date": "2022-09-30T00:00:00",
      "quarter_label": "2022-09 (Q3)",
      "revenue": 144751000,
      "gross_profit": 66856000,
      "operating_income": -27091000,
      "net_income": -27791000,
      "opex": 93947000,
      "cogs": 77895000,
      "rd": 33099000,
      "sga": null,
      "fcf": 2677000,
      "ocf": 6513000,
      "capex": -3836000,
      "gross_margin": 0.4618690026321062,
      "op_margin": -0.1871558745708147,
      "fcf_margin": 0.01849382733107198,
      "incr_op_margin_yoy": -0.22864279766860948,
      "rev_growth_yoy": 0.1421458780457013,
      "rev_growth_yoy_accel": 0.006711762178966657,
      "op_leverage_ratio": 0.3771714795711449,
      "fcf_margin_change": 0.09367788537439066
    },
    {
      "date": "2022-12-31T00:00:00",
      "quarter_label": "2022-12 (Q4)",
      "revenue": 146542000,
      "gross_profit": 66202000,
      "operating_income": -32487000,
      "net_income": -32411000,
      "opex": 98689000,
      "cogs": 80340000,
      "rd": 34041000,
      "sga": null,
      "fcf": 41654000,
      "ocf": 43863000,
      "capex": -2209000,
      "gross_margin": 0.45176126980660836,
      "op_margin": -0.22169070983062877,
      "fcf_margin": 0.2842461546860286,
      "incr_op_margin_yoy": -1.0183605214661116,
      "rev_growth_yoy": 0.11108415282316458,
      "rev_growth_yoy_accel": -0.031061725222536724,
      "op_leverage_ratio": 0.24512938740413986,
      "fcf_margin_change": 0.26575232735495663
    },
    {
      "date": "2023-03-31T00:00:00",
      "quarter_label": "2023-03 (Q1)",
      "revenue": 153008000,
      "gross_profit": 73297000,
      "operating_income": -21199000,
      "net_income": -516000,
      "opex": 94496000,
      "cogs": 79711000,
      "rd": 34425000,
      "sga": null,
      "fcf": 2862000,
      "ocf": 3894000,
      "capex": -1032000,
      "gross_margin": 0.47904031161769317,
      "op_margin": -0.1385483111994144,
      "fcf_margin": 0.018704904318728434,
      "incr_op_margin_yoy": 0.010561334952738026,
      "rev_growth_yoy": 0.1412460561941061,
      "rev_growth_yoy_accel": 0.030161903370941517,
      "op_leverage_ratio": null,
      "fcf_margin_change": -0.26554125036730014
    },
    {
      "date": "2023-06-30T00:00:00",
      "quarter_label": "2023-06 (Q2)",
      "revenue": 154531000,
      "gross_profit": 73828000,
      "operating_income": -23669000,
      "net_income": -23622000,
      "opex": 97497000,
      "cogs": 80703000,
      "rd": 34096000,
      "sga": null,
      "fcf": 10806000,
      "ocf": 13068000,
      "capex": -2262000,
      "gross_margin": 0.47775527240488963,
      "op_margin": -0.15316667853052138,
      "fcf_margin": 0.06992771676880367,
      "incr_op_margin_yoy": 0.008086063844747575,
      "rev_growth_yoy": 0.10136199388492541,
      "rev_growth_yoy_accel": -0.03988406230918069,
      "fcf_margin_change": 0.05122281245007524
    },
    {
      "date": "2023-09-30T00:00:00",
      "quarter_label": "2023-09 (Q3)",
      "revenue": 154967000,
      "gross_profit": 74133000,
      "operating_income": -23172000,
      "net_income": -23167000,
      "opex": 97305000,
      "cogs": 80834000,
      "rd": 34542000,
      "sga": null,
      "fcf": 15479000,
      "ocf": 16753000,
      "capex": -1274000,
      "gross_margin": 0.47837926784412166,
      "op_margin": -0.1495286093168223,
      "fcf_margin": 0.09988578213426084,
      "incr_op_margin_yoy": 0.3836139389193422,
      "rev_growth_yoy": 0.07057636907517047,
      "rev_growth_yoy_accel": -0.03078562480975494,
      "fcf_margin_change": 0.02995806536545717
    },
    {
      "date": "2023-12-31T00:00:00",
      "quarter_label": "2023-12 (Q4)",
      "revenue": 162118000,
      "gross_profit": 81393000,
      "operating_income": -18017000,
      "net_income": -18079000,
      "opex": 99410000,
      "cogs": 80725000,
      "rd": 34271000,
      "sga": null,
      "fcf": 35472000,
      "ocf": 36577000,
      "capex": -1105000,
      "gross_margin": 0.5020602277353533,
      "op_margin": -0.11113509912532847,
      "fcf_margin": 0.218803587510332,
      "incr_op_margin_yoy": 0.9289933230611197,
      "rev_growth_yoy": 0.10629034679477556,
      "rev_growth_yoy_accel": 0.03571397771960509,
      "op_leverage_ratio": 2.1330970211771545,
      "fcf_margin_change": 0.11891780537607115
    },
    {
      "date": "2024-03-31T00:00:00",
      "quarter_label": "2024-03 (Q1)",
      "revenue": 165508000,
      "gross_profit": 82252000,
      "operating_income": -14185000,
      "net_income": -13843000,
      "opex": 96437000,
      "cogs": 83256000,
      "rd": 34862000,
      "sga": null,
      "fcf": 12031000,
      "ocf": 13436000,
      "capex": -1405000,
      "gross_margin": 0.4969669139860309,
      "op_margin": -0.08570582690866907,
      "fcf_margin": 0.07269135026705657,
      "incr_op_margin_yoy": 0.56112,
      "rev_growth_yoy": 0.08169507476733243,
      "rev_growth_yoy_accel": -0.024595272027443132,
      "op_leverage_ratio": null,
      "fcf_margin_change": -0.14611223724327543
    },
    {
      "date": "2024-06-30T00:00:00",
      "quarter_label": "2024-06 (Q2)",
      "revenue": 172890000,
      "gross_profit": 86827000,
      "operating_income": -13703000,
      "net_income": -13060000,
      "opex": 100530000,
      "cogs": 86063000,
      "rd": 35759000,
      "sga": null,
      "fcf": 34579000,
      "ocf": 36030000,
      "capex": -1451000,
      "gross_margin": 0.5022094973682688,
      "op_margin": -0.07925848805598935,
      "fcf_margin": 0.20000578402452426,
      "incr_op_margin_yoy": 0.5428400239664469,
      "rev_growth_yoy": 0.11880464113996544,
      "rev_growth_yoy_accel": 0.03710956637263302,
      "op_leverage_ratio": 1.0508893655716283,
      "fcf_margin_change": 0.1273144337574677
    },
    {
      "date": "2024-09-30T00:00:00",
      "quarter_label": "2024-09 (Q3)",
      "revenue": 175021000,
      "gross_profit": 89059000,
      "operating_income": -12800000,
      "net_income": -11797000,
      "opex": 101859000,
      "cogs": 85962000,
      "rd": 36901000,
      "sga": null,
      "fcf": 40853000,
      "ocf": 43250000,
      "capex": -2397000,
      "gross_margin": 0.5088475097274041,
      "op_margin": -0.07313408105313077,
      "fcf_margin": 0.23341770416121493,
      "incr_op_margin_yoy": 0.5172035504138826,
      "rev_growth_yoy": 0.1294081965837888,
      "rev_growth_yoy_accel": 0.010603555443823354,
      "op_leverage_ratio": 0.9323613821964593,
      "fcf_margin_change": 0.03341192013669067
    },
    {
      "date": "2024-12-31T00:00:00",
      "quarter_label": "2024-12 (Q4)",
      "revenue": 183045000,
      "gross_profit": 96343000,
      "operating_income": -1575000,
      "net_income": 164000,
      "opex": 97918000,
      "cogs": 86702000,
      "rd": 35722000,
      "sga": null,
      "fcf": 41596000,
      "ocf": 43035000,
      "capex": -1439000,
      "gross_margin": 0.5263350542216395,
      "op_margin": -0.008604441530771122,
      "fcf_margin": 0.2272446666120353,
      "incr_op_margin_yoy": 0.7856835666841879,
      "rev_growth_yoy": 0.12908498747825659,
      "rev_growth_yoy_accel": -0.0003232091055322128,
      "op_leverage_ratio": null,
      "fcf_margin_change": -0.0061730375491796385
    },
    {
      "date": "2025-03-31T00:00:00",
      "quarter_label": "2025-03 (Q1)",
      "revenue": 189735000,
      "gross_profit": 100990000,
      "operating_income": 2189000,
      "net_income": 4753000,
      "opex": 98801000,
      "cogs": 88745000,
      "rd": 37853000,
      "sga": null,
      "fcf": 42746000,
      "ocf": 43531000,
      "capex": -785000,
      "gross_margin": 0.5322686905420718,
      "op_margin": 0.01153714391124463,
      "fcf_margin": 0.225293172055762,
      "incr_op_margin_yoy": 0.675857514343501,
      "rev_growth_yoy": 0.1463796311960751,
      "rev_growth_yoy_accel": 0.017294643717818525,
      "op_leverage_ratio": 4.0529391014537115,
      "fcf_margin_change": -0.0019514945562733033
    },
    {
      "date": "2025-06-30T00:00:00",
      "quarter_label": "2025-06 (Q2)",
      "revenue": 195148000,
      "gross_profit": 104564000,
      "operating_income": 9840000,
      "net_income": 11764000,
      "opex": 94724000,
      "cogs": 90584000,
      "rd": 36914000,
      "sga": null,
      "fcf": 47331000,
      "ocf": 48641000,
      "capex": -1310000,
      "gross_margin": 0.5358189681677497,
      "op_margin": 0.050423268493656095,
      "fcf_margin": 0.24253899604402812,
      "incr_op_margin_yoy": 1.0577320513972504,
      "rev_growth_yoy": 0.12874081786106772,
      "rev_growth_yoy_accel": -0.017638813335007386,
      "op_leverage_ratio": null,
      "fcf_margin_change": 0.01724582398826613
    },
    {
      "date": "2025-09-30T00:00:00",
      "quarter_label": "2025-09 (Q3)",
      "revenue": 201704000,
      "gross_profit": 108845000,
      "operating_income": 11004000,
      "net_income": 15048000,
      "opex": 97841000,
      "cogs": 92859000,
      "rd": 38932000,
      "sga": null,
      "fcf": 42876000,
      "ocf": 45593000,
      "capex": -2717000,
      "gross_margin": 0.5396273747669853,
      "op_margin": 0.05455518978304843,
      "fcf_margin": 0.21256891286241225,
      "incr_op_margin_yoy": 0.8921035865532362,
      "rev_growth_yoy": 0.15245599099536628,
      "rev_growth_yoy_accel": 0.02371517313429855,
      "op_leverage_ratio": 1.0209349397059215,
      "fcf_margin_change": -0.02997008318161587
    },
    {
      "date": "2025-12-31T00:00:00",
      "quarter_label": "2025-12 (Q4)",
      "revenue": 208222000,
      "gross_profit": 115284000,
      "operating_income": 16864000,
      "net_income": 20443000,
      "opex": 98420000,
      "cogs": 92938000,
      "rd": 40631000,
      "sga": null,
      "fcf": 61698000,
      "ocf": 63696000,
      "capex": -1998000,
      "gross_margin": 0.553659075409899,
      "op_margin": 0.08099048131321378,
      "fcf_margin": 0.29630874739460766,
      "incr_op_margin_yoy": 0.7323747865114986,
      "rev_growth_yoy": 0.1375454123303013,
      "rev_growth_yoy_accel": -0.014910578665064983,
      "op_leverage_ratio": 5.460622628195683,
      "fcf_margin_change": 0.08373983453219541
    }
  ],
  "signals": [
    {
      "quarter": "2025-12 (Q4)",
      "signal": "FCF MARGIN EXPANSION",
      "detail": "FCF margin: +21.3% -> +29.6% (+8.4%)",
      "severity": "MEDIUM"
    },
    {
      "quarter": "2025-12 (Q4)",
      "signal": "OPERATING LEVERAGE",
      "detail": "Rev growth +3.2% vs OpEx growth +0.6% (leverage: 5.5x)",
      "severity": "MEDIUM"
    },
    {
      "quarter": "2025-12 (Q4)",
      "signal": "OP MARGIN TURNED POSITIVE (YoY)",
      "detail": "Op margin: -0.9% (year-ago) -> +8.1%",
      "severity": "HIGH"
    },
    {
      "quarter": "2025-09 (Q3)",
      "signal": "OP MARGIN TURNED POSITIVE (YoY)",
      "detail": "Op margin: -7.3% (year-ago) -> +5.5%",
      "severity": "HIGH"
    },
    {
      "quarter": "2025-06 (Q2)",
      "signal": "OP MARGIN TURNED POSITIVE (YoY)",
      "detail": "Op margin: -7.9% (year-ago) -> +5.0%",
      "severity": "HIGH"
    },
    {
      "quarter": "2025-03 (Q1)",
      "signal": "OPERATING LEVERAGE",
      "detail": "Rev growth +3.7% vs OpEx growth +0.9% (leverage: 4.1x)",
      "severity": "MEDIUM"
    },
    {
      "quarter": "2025-03 (Q1)",
      "signal": "OP MARGIN TURNED POSITIVE (YoY)",
      "detail": "Op margin: -8.6% (year-ago) -> +1.2%",
      "severity": "HIGH"
    },
    {
      "quarter": "2025-03 (Q1)",
      "signal": "OP MARGIN TURNED POSITIVE (QoQ)",
      "detail": "Op margin: -0.9% -> +1.2%",
      "severity": "HIGH"
    },
    {
      "quarter": "2024-06 (Q2)",
      "signal": "FCF MARGIN EXPANSION",
      "detail": "FCF margin: +7.3% -> +20.0% (+12.7%)",
      "severity": "MEDIUM"
    },
    {
      "quarter": "2023-12 (Q4)",
      "signal": "FCF MARGIN EXPANSION",
      "detail": "FCF margin: +10.0% -> +21.9% (+11.9%)",
      "severity": "MEDIUM"
    },
    {
      "quarter": "2023-12 (Q4)",
      "signal": "OPERATING LEVERAGE",
      "detail": "Rev growth +4.6% vs OpEx growth +2.2% (leverage: 2.1x)",
      "severity": "MEDIUM"
    },
    {
      "quarter": "2023-06 (Q2)",
      "signal": "FCF MARGIN EXPANSION",
      "detail": "FCF margin: +1.9% -> +7.0% (+5.1%)",
      "severity": "MEDIUM"
    },
    {
      "quarter": "2023-03 (Q1)",
      "signal": "GROSS MARGIN INFLECTION",
      "detail": "GM: +46.2% -> +45.2% -> +47.9% (reversal +2.7%)",
      "severity": "MEDIUM"
    },
    {
      "quarter": "2022-12 (Q4)",
      "signal": "FCF MARGIN EXPANSION",
      "detail": "FCF margin: +1.8% -> +28.4% (+26.6%)",
      "severity": "MEDIUM"
    },
    {
      "quarter": "2022-09 (Q3)",
      "signal": "FCF TURNED POSITIVE",
      "detail": "FCF margin: -7.5% -> +1.8%",
      "severity": "HIGH"
    },
    {
      "quarter": "2021-12 (Q4)",
      "signal": "FCF TURNED POSITIVE",
      "detail": "FCF margin: -12.7% -> +27.1%",
      "severity": "HIGH"
    },
    {
      "quarter": "2021-06 (Q2)",
      "signal": "FCF TURNED POSITIVE",
      "detail": "FCF margin: -9.9% -> +2.6%",
      "severity": "HIGH"
    }
  ],
  "data_quality": {
    "n_quarters": 20,
    "coverage": {
      "revenue": [
        20,
        20
      ],
      "gross_profit": [
        20,
        20
      ],
      "op_income": [
        20,
        20
      ],
      "fcf": [
        20,
        20
      ]
    },
    "gaps": [],
    "warnings": []
  },
  "market_cap": null,
  "source": "SEC EDGAR",
  "last_updated": "2026-02-24T11:00:03.386926"
}