{
  "ticker": "QUAD",
  "name": "Quad/Graphics,\u00a0Inc.",
  "quarters": [
    {
      "date": "2020-12-31T00:00:00",
      "quarter_label": "2020-12 (Q4)",
      "revenue": 843300000,
      "gross_profit": 160400000,
      "operating_income": -54500000,
      "net_income": -94000000,
      "opex": 897800000,
      "cogs": 682900000,
      "rd": null,
      "sga": 97100000,
      "fcf": 72500000,
      "ocf": 82800000,
      "capex": -10300000,
      "gross_margin": 0.19020514644847622,
      "op_margin": -0.06462706035811693,
      "fcf_margin": 0.08597177754061425
    },
    {
      "date": "2021-03-31T00:00:00",
      "quarter_label": "2021-03 (Q1)",
      "revenue": 705800000,
      "gross_profit": 146000000,
      "operating_income": 21000000,
      "net_income": 10200000,
      "opex": 684800000,
      "cogs": 559800000,
      "rd": null,
      "sga": 80500000,
      "fcf": 56000000,
      "ocf": 72900000,
      "capex": -16900000,
      "gross_margin": 0.20685746670444885,
      "op_margin": 0.029753471238311135,
      "fcf_margin": 0.0793425899688297,
      "fcf_margin_change": -0.006629187571784545
    },
    {
      "date": "2021-06-30T00:00:00",
      "quarter_label": "2021-06 (Q2)",
      "revenue": 693900000,
      "gross_profit": 139700000,
      "operating_income": 48000000,
      "net_income": 34400000,
      "opex": 645900000,
      "cogs": 554200000,
      "rd": null,
      "sga": 80100000,
      "fcf": 5700000,
      "ocf": 16000000,
      "capex": -10300000,
      "gross_margin": 0.20132583945813518,
      "op_margin": 0.06917423259835712,
      "fcf_margin": 0.008214440121054907,
      "fcf_margin_change": -0.0711281498477748
    },
    {
      "date": "2021-09-30T00:00:00",
      "quarter_label": "2021-09 (Q3)",
      "revenue": 706100000,
      "gross_profit": 132000000,
      "operating_income": 28000000,
      "net_income": 14300000,
      "opex": 678100000,
      "cogs": 574100000,
      "rd": null,
      "sga": 68700000,
      "fcf": -81200000,
      "ocf": -66800000,
      "capex": -14400000,
      "gross_margin": 0.18694235943917292,
      "op_margin": 0.03965443988103668,
      "fcf_margin": -0.11499787565500637,
      "op_leverage_ratio": 0.3526731168416163,
      "fcf_margin_change": -0.12321231577606127
    },
    {
      "date": "2021-12-31T00:00:00",
      "quarter_label": "2021-12 (Q4)",
      "revenue": 854600000,
      "gross_profit": 152800000,
      "operating_income": -4200000,
      "net_income": -21100000,
      "opex": 858800000,
      "cogs": 701800000,
      "rd": null,
      "sga": 96700000,
      "fcf": 106000000,
      "ocf": 114400000,
      "capex": -8400000,
      "gross_margin": 0.1787970980575708,
      "op_margin": -0.004914579920430611,
      "fcf_margin": 0.12403463608705827,
      "incr_op_margin_yoy": 4.451327433628318,
      "rev_growth_yoy": 0.013399739120123325,
      "op_leverage_ratio": 0.7892159140988714,
      "fcf_margin_change": 0.23903251174206464
    },
    {
      "date": "2022-03-31T00:00:00",
      "quarter_label": "2022-03 (Q1)",
      "revenue": 744200000,
      "gross_profit": 124600000,
      "operating_income": 5400000,
      "net_income": -1000000,
      "opex": 738800000,
      "cogs": 619600000,
      "rd": null,
      "sga": 79100000,
      "fcf": -36000000,
      "ocf": -16900000,
      "capex": -19100000,
      "gross_margin": 0.16742811072292393,
      "op_margin": 0.007256113947863478,
      "fcf_margin": -0.04837409298575652,
      "incr_op_margin_yoy": -0.40625,
      "rev_growth_yoy": 0.054406347407197506,
      "rev_growth_yoy_accel": 0.041006608287074184,
      "fcf_margin_change": -0.1724087290728148
    },
    {
      "date": "2022-06-30T00:00:00",
      "quarter_label": "2022-06 (Q2)",
      "revenue": 757700000,
      "gross_profit": 139600000,
      "operating_income": 14200000,
      "net_income": 5300000,
      "opex": 743500000,
      "cogs": 618100000,
      "rd": null,
      "sga": 86900000,
      "fcf": -21000000,
      "ocf": -6600000,
      "capex": -14400000,
      "gross_margin": 0.18424178434736704,
      "op_margin": 0.018740926488055958,
      "fcf_margin": -0.027715454665434867,
      "incr_op_margin_yoy": -0.5297805642633229,
      "rev_growth_yoy": 0.09194408416198299,
      "rev_growth_yoy_accel": 0.037537736754785486,
      "op_leverage_ratio": 2.8514983961072007,
      "fcf_margin_change": 0.02065863832032165
    },
    {
      "date": "2022-09-30T00:00:00",
      "quarter_label": "2022-09 (Q3)",
      "revenue": 829900000,
      "gross_profit": 156400000,
      "operating_income": 25200000,
      "net_income": 13700000,
      "opex": 804700000,
      "cogs": 673500000,
      "rd": null,
      "sga": 90800000,
      "fcf": -22800000,
      "ocf": -6800000,
      "capex": -16000000,
      "gross_margin": 0.1884564405350042,
      "op_margin": 0.030365104229425233,
      "fcf_margin": -0.027473189540908542,
      "incr_op_margin_yoy": -0.022617124394184167,
      "rev_growth_yoy": 0.17532927347401217,
      "rev_growth_yoy_accel": 0.08338518931202918,
      "op_leverage_ratio": 1.1576291684242215,
      "fcf_margin_change": 0.0002422651245263252
    },
    {
      "date": "2022-12-31T00:00:00",
      "quarter_label": "2022-12 (Q4)",
      "revenue": 885200000,
      "gross_profit": 177600000,
      "operating_income": 8700000,
      "net_income": null,
      "opex": 876500000,
      "cogs": 707600000,
      "rd": null,
      "sga": 101800000,
      "fcf": 174100000,
      "ocf": 184900000,
      "capex": -10800000,
      "gross_margin": 0.20063262539539087,
      "op_margin": 0.009828287392679621,
      "fcf_margin": 0.19667871667419792,
      "incr_op_margin_yoy": 0.4215686274509804,
      "rev_growth_yoy": 0.035806225134565876,
      "rev_growth_yoy_accel": -0.1395230483394463,
      "op_leverage_ratio": 0.7468079350433536,
      "fcf_margin_change": 0.22415190621510647
    },
    {
      "date": "2023-03-31T00:00:00",
      "quarter_label": "2023-03 (Q1)",
      "revenue": 766500000,
      "gross_profit": 149000000,
      "operating_income": 100000,
      "net_income": -24600000,
      "opex": 766400000,
      "cogs": 617500000,
      "rd": null,
      "sga": 89200000,
      "fcf": -79300000,
      "ocf": -50600000,
      "capex": -28700000,
      "gross_margin": 0.1943900848010437,
      "op_margin": 0.0001304631441617743,
      "fcf_margin": -0.10345727332028702,
      "incr_op_margin_yoy": -0.23766816143497757,
      "rev_growth_yoy": 0.029965063155065842,
      "rev_growth_yoy_accel": -0.005841161979500034,
      "fcf_margin_change": -0.30013598999448493
    },
    {
      "date": "2023-06-30T00:00:00",
      "quarter_label": "2023-06 (Q2)",
      "revenue": 703100000,
      "gross_profit": 133300000,
      "operating_income": 8400000,
      "net_income": -6100000,
      "opex": 694700000,
      "cogs": 569800000,
      "rd": null,
      "sga": 83300000,
      "fcf": 34400000,
      "ocf": 50900000,
      "capex": -16500000,
      "gross_margin": 0.1895889631631347,
      "op_margin": 0.011947091452140521,
      "fcf_margin": 0.04892618404209927,
      "incr_op_margin_yoy": 0.10622710622710622,
      "rev_growth_yoy": -0.07206018213013066,
      "rev_growth_yoy_accel": -0.10202524528519649,
      "fcf_margin_change": 0.1523834573623863
    },
    {
      "date": "2023-09-30T00:00:00",
      "quarter_label": "2023-09 (Q3)",
      "revenue": 700200000,
      "gross_profit": 139400000,
      "operating_income": 13700000,
      "net_income": -2700000,
      "opex": 686500000,
      "cogs": 560800000,
      "rd": null,
      "sga": 82500000,
      "fcf": 26500000,
      "ocf": 40800000,
      "capex": -14300000,
      "gross_margin": 0.19908597543558984,
      "op_margin": 0.01956583833190517,
      "fcf_margin": 0.03784632962010854,
      "incr_op_margin_yoy": 0.08866615265998458,
      "rev_growth_yoy": -0.15628388962525605,
      "rev_growth_yoy_accel": -0.0842237074951254,
      "fcf_margin_change": -0.011079854421990734
    },
    {
      "date": "2023-12-31T00:00:00",
      "quarter_label": "2023-12 (Q4)",
      "revenue": 787900000,
      "gross_profit": 154800000,
      "operating_income": 3500000,
      "net_income": null,
      "opex": 784400000,
      "cogs": 633100000,
      "rd": null,
      "sga": 89500000,
      "fcf": 95200000,
      "ocf": 106500000,
      "capex": -11300000,
      "gross_margin": 0.19647163345602234,
      "op_margin": 0.004442188094935905,
      "fcf_margin": 0.12082751618225664,
      "incr_op_margin_yoy": 0.05344295991778006,
      "rev_growth_yoy": -0.10991866244916403,
      "rev_growth_yoy_accel": 0.046365227176092025,
      "op_leverage_ratio": 0.8782847393083955,
      "fcf_margin_change": 0.08298118656214809
    },
    {
      "date": "2024-03-31T00:00:00",
      "quarter_label": "2024-03 (Q1)",
      "revenue": 654800000,
      "gross_profit": 133500000,
      "operating_income": -10700000,
      "net_income": -28100000,
      "opex": 665500000,
      "cogs": 521300000,
      "rd": null,
      "sga": 83100000,
      "fcf": -70100000,
      "ocf": -52200000,
      "capex": -17900000,
      "gross_margin": 0.20387904703726328,
      "op_margin": -0.01634086744043983,
      "fcf_margin": -0.10705558949297496,
      "incr_op_margin_yoy": 0.09668755595344673,
      "rev_growth_yoy": -0.1457273320287019,
      "rev_growth_yoy_accel": -0.03580866957953786,
      "fcf_margin_change": -0.2278831056752316
    },
    {
      "date": "2024-06-30T00:00:00",
      "quarter_label": "2024-06 (Q2)",
      "revenue": 634200000,
      "gross_profit": 140300000,
      "operating_income": 15100000,
      "net_income": -2800000,
      "opex": 619100000,
      "cogs": 493900000,
      "rd": null,
      "sga": 88700000,
      "fcf": -11700000,
      "ocf": 3900000,
      "capex": -15600000,
      "gross_margin": 0.22122358877325765,
      "op_margin": 0.023809523809523808,
      "fcf_margin": -0.018448438978240302,
      "incr_op_margin_yoy": -0.09724238026124818,
      "rev_growth_yoy": -0.0979945953633907,
      "rev_growth_yoy_accel": 0.04773273666531119,
      "fcf_margin_change": 0.08860715051473465
    },
    {
      "date": "2024-09-30T00:00:00",
      "quarter_label": "2024-09 (Q3)",
      "revenue": 674800000,
      "gross_profit": 147200000,
      "operating_income": -4900000,
      "net_income": -24700000,
      "opex": 679700000,
      "cogs": 527600000,
      "rd": null,
      "sga": 88400000,
      "fcf": -9800000,
      "ocf": 2400000,
      "capex": -12200000,
      "gross_margin": 0.21813870776526378,
      "op_margin": -0.007261410788381743,
      "fcf_margin": -0.014522821576763486,
      "incr_op_margin_yoy": 0.7322834645669292,
      "rev_growth_yoy": -0.036275349900028564,
      "rev_growth_yoy_accel": 0.06171924546336213,
      "op_leverage_ratio": 0.6540154015401539,
      "fcf_margin_change": 0.003925617401476816
    },
    {
      "date": "2024-12-31T00:00:00",
      "quarter_label": "2024-12 (Q4)",
      "revenue": 708400000,
      "gross_profit": 159000000,
      "operating_income": 19700000,
      "net_income": null,
      "opex": 688700000,
      "cogs": 549400000,
      "rd": null,
      "sga": 96600000,
      "fcf": 147300000,
      "ocf": 158800000,
      "capex": -11500000,
      "gross_margin": 0.22444946357989837,
      "op_margin": 0.027809147374364764,
      "fcf_margin": 0.20793337097684925,
      "incr_op_margin_yoy": -0.2037735849056604,
      "rev_growth_yoy": -0.10090112958497272,
      "rev_growth_yoy_accel": -0.06462577968494415,
      "op_leverage_ratio": 3.7604426002766247,
      "fcf_margin_change": 0.22245619255361274
    },
    {
      "date": "2025-03-31T00:00:00",
      "quarter_label": "2025-03 (Q1)",
      "revenue": 629400000,
      "gross_profit": 129400000,
      "operating_income": 19600000,
      "net_income": 5800000,
      "opex": 609800000,
      "cogs": 500000000,
      "rd": null,
      "sga": 83500000,
      "fcf": -100300000,
      "ocf": -89000000,
      "capex": -11300000,
      "gross_margin": 0.2055926278995869,
      "op_margin": 0.031140768986336193,
      "fcf_margin": -0.15935811884334286,
      "incr_op_margin_yoy": -1.1929133858267718,
      "rev_growth_yoy": -0.03879047037263286,
      "rev_growth_yoy_accel": 0.06211065921233985,
      "fcf_margin_change": -0.3672914898201921
    },
    {
      "date": "2025-06-30T00:00:00",
      "quarter_label": "2025-06 (Q2)",
      "revenue": 571900000,
      "gross_profit": 123800000,
      "operating_income": 13700000,
      "net_income": -100000,
      "opex": 558200000,
      "cogs": 448100000,
      "rd": null,
      "sga": 80200000,
      "fcf": 34400000,
      "ocf": 47400000,
      "capex": -13000000,
      "gross_margin": 0.21647141108585416,
      "op_margin": 0.023955236929533136,
      "fcf_margin": 0.06015037593984962,
      "incr_op_margin_yoy": 0.02247191011235955,
      "rev_growth_yoy": -0.09823399558498896,
      "rev_growth_yoy_accel": -0.0594435252123561,
      "fcf_margin_change": 0.21950849478319248
    },
    {
      "date": "2025-09-30T00:00:00",
      "quarter_label": "2025-09 (Q3)",
      "revenue": 588000000,
      "gross_profit": 133900000,
      "operating_income": 26400000,
      "net_income": 10200000,
      "opex": 561600000,
      "cogs": 454100000,
      "rd": null,
      "sga": 80900000,
      "fcf": -20600000,
      "ocf": -8400000,
      "capex": -12200000,
      "gross_margin": 0.22772108843537414,
      "op_margin": 0.044897959183673466,
      "fcf_margin": -0.03503401360544218,
      "incr_op_margin_yoy": -0.36059907834101385,
      "rev_growth_yoy": -0.12863070539419086,
      "rev_growth_yoy_accel": -0.030396709809201894,
      "op_leverage_ratio": 4.621859025127799,
      "fcf_margin_change": -0.09518438954529179
    }
  ],
  "signals": [
    {
      "quarter": "2025-09 (Q3)",
      "signal": "OPERATING LEVERAGE",
      "detail": "Rev growth +2.8% vs OpEx growth +0.6% (leverage: 4.6x)",
      "severity": "MEDIUM"
    },
    {
      "quarter": "2025-09 (Q3)",
      "signal": "OP MARGIN TURNED POSITIVE (YoY)",
      "detail": "Op margin: -0.7% (year-ago) -> +4.5%",
      "severity": "HIGH"
    },
    {
      "quarter": "2025-06 (Q2)",
      "signal": "FCF TURNED POSITIVE",
      "detail": "FCF margin: -15.9% -> +6.0%",
      "severity": "HIGH"
    },
    {
      "quarter": "2025-06 (Q2)",
      "signal": "YoY REVENUE GROWTH DECELERATION",
      "detail": "YoY growth: -9.8% vs prior quarter YoY: -3.9% (decel: -5.9%)",
      "severity": "WARNING"
    },
    {
      "quarter": "2025-03 (Q1)",
      "signal": "YoY REVENUE GROWTH ACCELERATION",
      "detail": "YoY growth: -3.9% vs prior quarter YoY: -10.1% (accel: +6.2%)",
      "severity": "MEDIUM"
    },
    {
      "quarter": "2025-03 (Q1)",
      "signal": "OP MARGIN TURNED POSITIVE (YoY)",
      "detail": "Op margin: -1.6% (year-ago) -> +3.1%",
      "severity": "HIGH"
    },
    {
      "quarter": "2024-12 (Q4)",
      "signal": "FCF TURNED POSITIVE",
      "detail": "FCF margin: -1.5% -> +20.8%",
      "severity": "HIGH"
    },
    {
      "quarter": "2024-12 (Q4)",
      "signal": "OPERATING LEVERAGE",
      "detail": "Rev growth +5.0% vs OpEx growth +1.3% (leverage: 3.8x)",
      "severity": "MEDIUM"
    },
    {
      "quarter": "2024-12 (Q4)",
      "signal": "YoY REVENUE GROWTH DECELERATION",
      "detail": "YoY growth: -10.1% vs prior quarter YoY: -3.6% (decel: -6.5%)",
      "severity": "WARNING"
    },
    {
      "quarter": "2024-12 (Q4)",
      "signal": "OP MARGIN TURNED POSITIVE (QoQ)",
      "detail": "Op margin: -0.7% -> +2.8%",
      "severity": "HIGH"
    },
    {
      "quarter": "2024-09 (Q3)",
      "signal": "YoY REVENUE GROWTH ACCELERATION",
      "detail": "YoY growth: -3.6% vs prior quarter YoY: -9.8% (accel: +6.2%)",
      "severity": "MEDIUM"
    },
    {
      "quarter": "2024-06 (Q2)",
      "signal": "FCF MARGIN EXPANSION",
      "detail": "FCF margin: -10.7% -> -1.8% (+8.9%)",
      "severity": "MEDIUM"
    },
    {
      "quarter": "2024-06 (Q2)",
      "signal": "OP MARGIN TURNED POSITIVE (QoQ)",
      "detail": "Op margin: -1.6% -> +2.4%",
      "severity": "HIGH"
    },
    {
      "quarter": "2023-12 (Q4)",
      "signal": "FCF MARGIN EXPANSION",
      "detail": "FCF margin: +3.8% -> +12.1% (+8.3%)",
      "severity": "MEDIUM"
    },
    {
      "quarter": "2023-09 (Q3)",
      "signal": "YoY REVENUE GROWTH DECELERATION",
      "detail": "YoY growth: -15.6% vs prior quarter YoY: -7.2% (decel: -8.4%)",
      "severity": "WARNING"
    },
    {
      "quarter": "2023-06 (Q2)",
      "signal": "FCF TURNED POSITIVE",
      "detail": "FCF margin: -10.3% -> +4.9%",
      "severity": "HIGH"
    },
    {
      "quarter": "2023-06 (Q2)",
      "signal": "YoY REVENUE GROWTH DECELERATION",
      "detail": "YoY growth: -7.2% vs prior quarter YoY: +3.0% (decel: -10.2%)",
      "severity": "WARNING"
    },
    {
      "quarter": "2022-12 (Q4)",
      "signal": "FCF TURNED POSITIVE",
      "detail": "FCF margin: -2.7% -> +19.7%",
      "severity": "HIGH"
    },
    {
      "quarter": "2022-12 (Q4)",
      "signal": "YoY REVENUE GROWTH DECELERATION",
      "detail": "YoY growth: +3.6% vs prior quarter YoY: +17.5% (decel: -14.0%)",
      "severity": "WARNING"
    },
    {
      "quarter": "2022-12 (Q4)",
      "signal": "OP MARGIN TURNED POSITIVE (YoY)",
      "detail": "Op margin: -0.5% (year-ago) -> +1.0%",
      "severity": "HIGH"
    },
    {
      "quarter": "2022-09 (Q3)",
      "signal": "YoY REVENUE GROWTH ACCELERATION",
      "detail": "YoY growth: +17.5% vs prior quarter YoY: +9.2% (accel: +8.3%)",
      "severity": "MEDIUM"
    },
    {
      "quarter": "2022-06 (Q2)",
      "signal": "OPERATING LEVERAGE",
      "detail": "Rev growth +1.8% vs OpEx growth +0.6% (leverage: 2.9x)",
      "severity": "MEDIUM"
    },
    {
      "quarter": "2022-03 (Q1)",
      "signal": "OP MARGIN TURNED POSITIVE (QoQ)",
      "detail": "Op margin: -0.5% -> +0.7%",
      "severity": "HIGH"
    },
    {
      "quarter": "2021-12 (Q4)",
      "signal": "FCF TURNED POSITIVE",
      "detail": "FCF margin: -11.5% -> +12.4%",
      "severity": "HIGH"
    },
    {
      "quarter": "2021-03 (Q1)",
      "signal": "OP MARGIN TURNED POSITIVE (QoQ)",
      "detail": "Op margin: -6.5% -> +3.0%",
      "severity": "HIGH"
    }
  ],
  "data_quality": {
    "n_quarters": 20,
    "coverage": {
      "revenue": [
        20,
        20
      ],
      "gross_profit": [
        20,
        20
      ],
      "op_income": [
        20,
        20
      ],
      "fcf": [
        20,
        20
      ]
    },
    "gaps": [],
    "warnings": []
  },
  "market_cap": null,
  "source": "SEC EDGAR",
  "last_updated": "2026-02-02T22:44:55.120418"
}