{
  "ticker": "QUIK",
  "name": "QUICKLOGIC Corp",
  "quarters": [
    {
      "date": "2021-01-03T00:00:00",
      "quarter_label": "2021-01 (Q1)",
      "revenue": 2500000,
      "gross_profit": 1206000,
      "operating_income": -2866000,
      "net_income": -2942000,
      "opex": 4072000,
      "cogs": 1294000,
      "rd": 2145000,
      "sga": 1798000,
      "fcf": -1697000,
      "ocf": -1599000,
      "capex": -98000,
      "gross_margin": 0.4824,
      "op_margin": -1.1464,
      "fcf_margin": -0.6788
    },
    {
      "date": "2021-04-04T00:00:00",
      "quarter_label": "2021-04 (Q2)",
      "revenue": 2240000,
      "gross_profit": 1144000,
      "operating_income": -2690000,
      "net_income": -1689000,
      "opex": 3834000,
      "cogs": 1096000,
      "rd": 1887000,
      "sga": 1947000,
      "fcf": -1147000,
      "ocf": -1003000,
      "capex": -144000,
      "gross_margin": 0.5107142857142857,
      "op_margin": -1.2008928571428572,
      "fcf_margin": -0.5120535714285714,
      "fcf_margin_change": 0.16674642857142852
    },
    {
      "date": "2021-07-04T00:00:00",
      "quarter_label": "2021-07 (Q3)",
      "revenue": 2882000,
      "gross_profit": 1466000,
      "operating_income": -1980000,
      "net_income": -2062000,
      "opex": 3446000,
      "cogs": 1416000,
      "rd": 1652000,
      "sga": 1794000,
      "fcf": -1839000,
      "ocf": -1809000,
      "capex": -30000,
      "gross_margin": 0.508674531575295,
      "op_margin": -0.6870229007633588,
      "fcf_margin": -0.6380985426786954,
      "op_leverage_ratio": Infinity,
      "fcf_margin_change": -0.12604497125012393
    },
    {
      "date": "2021-10-03T00:00:00",
      "quarter_label": "2021-10 (Q4)",
      "revenue": 3858000,
      "gross_profit": 2732000,
      "operating_income": -1261000,
      "net_income": -1282000,
      "opex": 3993000,
      "cogs": 1126000,
      "rd": 1807000,
      "sga": 2186000,
      "fcf": -245000,
      "ocf": -241000,
      "capex": -4000,
      "gross_margin": 0.7081389320891653,
      "op_margin": -0.32685329186106793,
      "fcf_margin": -0.06350440642820114,
      "op_leverage_ratio": 2.1334564789077257,
      "fcf_margin_change": 0.5745941362504943
    },
    {
      "date": "2022-01-02T00:00:00",
      "quarter_label": "2022-01 (Q1)",
      "revenue": 3705000,
      "gross_profit": 2077000,
      "operating_income": -1585000,
      "net_income": -1583000,
      "opex": 3662000,
      "cogs": 1628000,
      "rd": 1581000,
      "sga": 2081000,
      "fcf": 187000,
      "ocf": 189000,
      "capex": -2000,
      "gross_margin": 0.5605937921727395,
      "op_margin": -0.42780026990553305,
      "fcf_margin": 0.050472334682861,
      "incr_op_margin_yoy": 1.0630705394190871,
      "rev_growth_yoy": 0.482,
      "fcf_margin_change": 0.11397674111106214
    },
    {
      "date": "2022-04-03T00:00:00",
      "quarter_label": "2022-04 (Q2)",
      "revenue": 4096000,
      "gross_profit": 2461000,
      "operating_income": -1009000,
      "net_income": -1164000,
      "opex": 3470000,
      "cogs": 1635000,
      "rd": 1333000,
      "sga": 2137000,
      "fcf": -710000,
      "ocf": -700000,
      "capex": -10000,
      "gross_margin": 0.600830078125,
      "op_margin": -0.246337890625,
      "fcf_margin": -0.17333984375,
      "incr_op_margin_yoy": 0.9057112068965517,
      "rev_growth_yoy": 0.8285714285714286,
      "rev_growth_yoy_accel": 0.34657142857142864,
      "op_leverage_ratio": Infinity,
      "fcf_margin_change": -0.223812178432861
    },
    {
      "date": "2022-07-03T00:00:00",
      "quarter_label": "2022-07 (Q3)",
      "revenue": 4541000,
      "gross_profit": 2544000,
      "operating_income": -627000,
      "net_income": -524000,
      "opex": 3171000,
      "cogs": 1997000,
      "rd": 1190000,
      "sga": 1981000,
      "fcf": -1470000,
      "ocf": -1363000,
      "capex": -107000,
      "gross_margin": 0.5602290244439551,
      "op_margin": -0.13807531380753138,
      "fcf_margin": -0.3237172428980401,
      "incr_op_margin_yoy": 0.8155515370705244,
      "rev_growth_yoy": 0.5756419153365718,
      "rev_growth_yoy_accel": -0.2529295132348568,
      "op_leverage_ratio": Infinity,
      "fcf_margin_change": -0.1503773991480401
    },
    {
      "date": "2022-10-02T00:00:00",
      "quarter_label": "2022-10 (Q4)",
      "revenue": 3459000,
      "gross_profit": 1678000,
      "operating_income": -1240000,
      "net_income": -1347000,
      "opex": 2918000,
      "cogs": 1781000,
      "rd": 1018000,
      "sga": 1900000,
      "fcf": -1382000,
      "ocf": -1360000,
      "capex": -22000,
      "gross_margin": 0.4851113038450419,
      "op_margin": -0.358485111303845,
      "fcf_margin": -0.39953743856605956,
      "rev_growth_yoy": -0.10342146189735614,
      "rev_growth_yoy_accel": -0.679063377233928,
      "fcf_margin_change": -0.07582019566801945
    },
    {
      "date": "2023-01-01T00:00:00",
      "quarter_label": "2023-01 (Q1)",
      "revenue": 4084000,
      "gross_profit": 2119000,
      "operating_income": -924000,
      "net_income": -1232000,
      "opex": 3043000,
      "cogs": 1965000,
      "rd": 1460000,
      "sga": 1583000,
      "fcf": -636000,
      "ocf": -633000,
      "capex": -3000,
      "gross_margin": 0.5188540646425074,
      "op_margin": -0.22624877571008814,
      "fcf_margin": -0.15572967678746327,
      "rev_growth_yoy": 0.10229419703103913,
      "rev_growth_yoy_accel": 0.20571565892839527,
      "op_leverage_ratio": 4.217982075744435,
      "fcf_margin_change": 0.24380776177859628
    },
    {
      "date": "2023-04-02T00:00:00",
      "quarter_label": "2023-04 (Q2)",
      "revenue": 4133000,
      "gross_profit": 2390000,
      "operating_income": -1100000,
      "net_income": -1228000,
      "opex": 3490000,
      "cogs": 1743000,
      "rd": 1629000,
      "sga": 1861000,
      "fcf": -361000,
      "ocf": -359000,
      "capex": -2000,
      "gross_margin": 0.5782724413259134,
      "op_margin": -0.26615049600774254,
      "fcf_margin": -0.08734575368981369,
      "rev_growth_yoy": 0.009033203125,
      "rev_growth_yoy_accel": -0.09326099390603913,
      "op_leverage_ratio": 0.08167793999390867,
      "fcf_margin_change": 0.06838392309764958
    },
    {
      "date": "2023-07-02T00:00:00",
      "quarter_label": "2023-07 (Q3)",
      "revenue": 2921000,
      "gross_profit": 1203000,
      "operating_income": -2226000,
      "net_income": -2269000,
      "opex": 3429000,
      "cogs": 1718000,
      "rd": 1505000,
      "sga": 1924000,
      "fcf": -47000,
      "ocf": 38000,
      "capex": -85000,
      "gross_margin": 0.41184525847312564,
      "op_margin": -0.7620677850051353,
      "fcf_margin": -0.01609038000684697,
      "incr_op_margin_yoy": 0.987037037037037,
      "rev_growth_yoy": -0.3567496146223299,
      "rev_growth_yoy_accel": -0.3657828177473299,
      "fcf_margin_change": 0.07125537368296672
    },
    {
      "date": "2023-10-01T00:00:00",
      "quarter_label": "2023-10 (Q4)",
      "revenue": 6665000,
      "gross_profit": 5128000,
      "operating_income": 1280000,
      "net_income": 1192000,
      "opex": 3848000,
      "cogs": 1537000,
      "rd": 1933000,
      "sga": 1915000,
      "fcf": -1513000,
      "ocf": 130000,
      "capex": -1643000,
      "gross_margin": 0.7693923480870217,
      "op_margin": 0.19204801200300076,
      "fcf_margin": -0.22700675168792198,
      "incr_op_margin_yoy": 0.7860262008733624,
      "rev_growth_yoy": 0.9268574732581671,
      "rev_growth_yoy_accel": 1.283607087880497,
      "op_leverage_ratio": 10.489571443395246,
      "fcf_margin_change": -0.21091637168107502
    },
    {
      "date": "2023-12-31T00:00:00",
      "quarter_label": "2023-12 (Q4)",
      "revenue": 7479000,
      "gross_profit": 5766000,
      "operating_income": 2116000,
      "net_income": 2042000,
      "opex": 3650000,
      "cogs": 1713000,
      "rd": 1381000,
      "sga": 2269000,
      "fcf": 1301000,
      "ocf": 5038000,
      "capex": -3737000,
      "gross_margin": 0.770958684316085,
      "op_margin": 0.2829255248027811,
      "fcf_margin": 0.17395373713063245,
      "incr_op_margin_yoy": 0.8954344624447718,
      "rev_growth_yoy": 0.8312928501469148,
      "rev_growth_yoy_accel": -0.09556462311125236,
      "op_leverage_ratio": Infinity,
      "fcf_margin_change": 0.4009604888185544
    },
    {
      "date": "2024-03-31T00:00:00",
      "quarter_label": "2024-03 (Q1)",
      "revenue": 6007000,
      "gross_profit": 3983000,
      "operating_income": 173000,
      "net_income": 108000,
      "opex": 3810000,
      "cogs": 2024000,
      "rd": 1459000,
      "sga": 2351000,
      "fcf": 62000,
      "ocf": 147000,
      "capex": -85000,
      "gross_margin": 0.6630597636091227,
      "op_margin": 0.028799733644081903,
      "fcf_margin": 0.010321291826202764,
      "incr_op_margin_yoy": 0.6792956243329776,
      "rev_growth_yoy": 0.4534236631986451,
      "rev_growth_yoy_accel": -0.3778691869482697,
      "fcf_margin_change": -0.1636324453044297
    },
    {
      "date": "2024-06-30T00:00:00",
      "quarter_label": "2024-06 (Q2)",
      "revenue": 4127000,
      "gross_profit": 2105000,
      "operating_income": -1517000,
      "net_income": -1550000,
      "opex": 3622000,
      "cogs": 2022000,
      "rd": 1527000,
      "sga": 2095000,
      "fcf": -4188000,
      "ocf": -220000,
      "capex": -3968000,
      "gross_margin": 0.5100557305548825,
      "op_margin": -0.36757935546401743,
      "fcf_margin": -1.0147807123818755,
      "incr_op_margin_yoy": 0.587893864013267,
      "rev_growth_yoy": 0.4128723040054776,
      "rev_growth_yoy_accel": -0.04055135919316749,
      "fcf_margin_change": -1.0251020042080783
    },
    {
      "date": "2024-09-29T00:00:00",
      "quarter_label": "2024-09 (Q3)",
      "revenue": 4273000,
      "gross_profit": 2385000,
      "operating_income": -1861000,
      "net_income": -2094000,
      "opex": 4246000,
      "cogs": 1888000,
      "rd": 1954000,
      "sga": 2292000,
      "fcf": -83000,
      "ocf": -16000,
      "capex": -67000,
      "gross_margin": 0.5581558623917622,
      "op_margin": -0.43552539199625556,
      "fcf_margin": -0.019424292066463844,
      "incr_op_margin_yoy": 1.3131270903010033,
      "rev_growth_yoy": -0.3588897224306076,
      "rev_growth_yoy_accel": -0.7717620264360852,
      "op_leverage_ratio": 0.2053441066646785,
      "fcf_margin_change": 0.9953564203154117
    },
    {
      "date": "2024-12-29T00:00:00",
      "quarter_label": "2024-12 (Q4)",
      "revenue": 5705000,
      "gross_profit": 3413000,
      "operating_income": -226000,
      "net_income": -305000,
      "opex": 3639000,
      "cogs": 2292000,
      "rd": 1604000,
      "sga": 2035000,
      "fcf": -1168000,
      "ocf": 116000,
      "capex": -1284000,
      "gross_margin": 0.5982471516213848,
      "op_margin": -0.039614373356704646,
      "fcf_margin": -0.20473269062226118,
      "incr_op_margin_yoy": 1.3201803833145433,
      "rev_growth_yoy": -0.2371974862949592,
      "rev_growth_yoy_accel": 0.12169223613564842,
      "op_leverage_ratio": Infinity,
      "fcf_margin_change": -0.18530839855579734
    },
    {
      "date": "2025-03-30T00:00:00",
      "quarter_label": "2025-03 (Q1)",
      "revenue": 4325000,
      "gross_profit": 1877000,
      "operating_income": -1981000,
      "net_income": -2191000,
      "opex": 3858000,
      "cogs": 2448000,
      "rd": 1268000,
      "sga": 2536000,
      "fcf": -3475000,
      "ocf": -2126000,
      "capex": -1349000,
      "gross_margin": 0.4339884393063584,
      "op_margin": -0.45803468208092485,
      "fcf_margin": -0.8034682080924855,
      "incr_op_margin_yoy": 1.2806183115338883,
      "rev_growth_yoy": -0.2800066588979524,
      "rev_growth_yoy_accel": -0.04280917260299319,
      "fcf_margin_change": -0.5987355174702244
    },
    {
      "date": "2025-06-29T00:00:00",
      "quarter_label": "2025-06 (Q2)",
      "revenue": 3687000,
      "gross_profit": 954000,
      "operating_income": -2522000,
      "net_income": -2670000,
      "opex": 3476000,
      "cogs": 2733000,
      "rd": 1193000,
      "sga": 1962000,
      "fcf": null,
      "ocf": null,
      "capex": null,
      "gross_margin": 0.25874694873881204,
      "op_margin": -0.6840249525359371,
      "fcf_margin": null,
      "rev_growth_yoy": -0.10661497455779016,
      "rev_growth_yoy_accel": 0.17339168434016222
    },
    {
      "date": "2025-09-28T00:00:00",
      "quarter_label": "2025-09 (Q3)",
      "revenue": 2029000,
      "gross_profit": -472000,
      "operating_income": -3927000,
      "net_income": -4007000,
      "opex": 3455000,
      "cogs": 2501000,
      "rd": 1398000,
      "sga": 2057000,
      "fcf": -1254000,
      "ocf": 131000,
      "capex": -1385000,
      "gross_margin": -0.23262690980778708,
      "op_margin": -1.9354361754558895,
      "fcf_margin": -0.618038442582553,
      "incr_op_margin_yoy": 0.9206773618538324,
      "rev_growth_yoy": -0.5251579686402995,
      "rev_growth_yoy_accel": -0.41854299408250933
    }
  ],
  "signals": [
    {
      "quarter": "2025-09 (Q3)",
      "signal": "YoY REVENUE GROWTH DECELERATION",
      "detail": "YoY growth: -52.5% vs prior quarter YoY: -10.7% (decel: -41.9%)",
      "severity": "WARNING"
    },
    {
      "quarter": "2025-06 (Q2)",
      "signal": "YoY REVENUE GROWTH ACCELERATION",
      "detail": "YoY growth: -10.7% vs prior quarter YoY: -28.0% (accel: +17.3%)",
      "severity": "HIGH"
    },
    {
      "quarter": "2024-12 (Q4)",
      "signal": "YoY REVENUE GROWTH ACCELERATION",
      "detail": "YoY growth: -23.7% vs prior quarter YoY: -35.9% (accel: +12.2%)",
      "severity": "MEDIUM"
    },
    {
      "quarter": "2024-09 (Q3)",
      "signal": "FCF MARGIN EXPANSION",
      "detail": "FCF margin: -101.5% -> -1.9% (+99.5%)",
      "severity": "MEDIUM"
    },
    {
      "quarter": "2024-09 (Q3)",
      "signal": "GROSS MARGIN INFLECTION",
      "detail": "GM: +66.3% -> +51.0% -> +55.8% (reversal +4.8%)",
      "severity": "MEDIUM"
    },
    {
      "quarter": "2024-09 (Q3)",
      "signal": "YoY REVENUE GROWTH DECELERATION",
      "detail": "YoY growth: -35.9% vs prior quarter YoY: +41.3% (decel: -77.2%)",
      "severity": "WARNING"
    },
    {
      "quarter": "2024-03 (Q1)",
      "signal": "YoY REVENUE GROWTH DECELERATION",
      "detail": "YoY growth: +45.3% vs prior quarter YoY: +83.1% (decel: -37.8%)",
      "severity": "WARNING"
    },
    {
      "quarter": "2024-03 (Q1)",
      "signal": "OP MARGIN TURNED POSITIVE (YoY)",
      "detail": "Op margin: -26.6% (year-ago) -> +2.9%",
      "severity": "HIGH"
    },
    {
      "quarter": "2023-12 (Q4)",
      "signal": "FCF TURNED POSITIVE",
      "detail": "FCF margin: -22.7% -> +17.4%",
      "severity": "HIGH"
    },
    {
      "quarter": "2023-12 (Q4)",
      "signal": "YoY REVENUE GROWTH DECELERATION",
      "detail": "YoY growth: +83.1% vs prior quarter YoY: +92.7% (decel: -9.6%)",
      "severity": "WARNING"
    },
    {
      "quarter": "2023-12 (Q4)",
      "signal": "OP MARGIN TURNED POSITIVE (YoY)",
      "detail": "Op margin: -22.6% (year-ago) -> +28.3%",
      "severity": "HIGH"
    },
    {
      "quarter": "2023-10 (Q4)",
      "signal": "OPERATING LEVERAGE",
      "detail": "Rev growth +128.2% vs OpEx growth +12.2% (leverage: 10.5x)",
      "severity": "MEDIUM"
    },
    {
      "quarter": "2023-10 (Q4)",
      "signal": "GROSS MARGIN INFLECTION",
      "detail": "GM: +57.8% -> +41.2% -> +76.9% (reversal +35.8%)",
      "severity": "HIGH"
    },
    {
      "quarter": "2023-10 (Q4)",
      "signal": "YoY REVENUE GROWTH ACCELERATION",
      "detail": "YoY growth: +92.7% vs prior quarter YoY: -35.7% (accel: +128.4%)",
      "severity": "HIGH"
    },
    {
      "quarter": "2023-10 (Q4)",
      "signal": "OP MARGIN TURNED POSITIVE (YoY)",
      "detail": "Op margin: -35.8% (year-ago) -> +19.2%",
      "severity": "HIGH"
    },
    {
      "quarter": "2023-10 (Q4)",
      "signal": "OP MARGIN TURNED POSITIVE (QoQ)",
      "detail": "Op margin: -76.2% -> +19.2%",
      "severity": "HIGH"
    },
    {
      "quarter": "2023-07 (Q3)",
      "signal": "FCF MARGIN EXPANSION",
      "detail": "FCF margin: -8.7% -> -1.6% (+7.1%)",
      "severity": "MEDIUM"
    },
    {
      "quarter": "2023-07 (Q3)",
      "signal": "YoY REVENUE GROWTH DECELERATION",
      "detail": "YoY growth: -35.7% vs prior quarter YoY: +0.9% (decel: -36.6%)",
      "severity": "WARNING"
    },
    {
      "quarter": "2023-04 (Q2)",
      "signal": "FCF MARGIN EXPANSION",
      "detail": "FCF margin: -15.6% -> -8.7% (+6.8%)",
      "severity": "MEDIUM"
    },
    {
      "quarter": "2023-04 (Q2)",
      "signal": "YoY REVENUE GROWTH DECELERATION",
      "detail": "YoY growth: +0.9% vs prior quarter YoY: +10.2% (decel: -9.3%)",
      "severity": "WARNING"
    },
    {
      "quarter": "2023-01 (Q1)",
      "signal": "FCF MARGIN EXPANSION",
      "detail": "FCF margin: -40.0% -> -15.6% (+24.4%)",
      "severity": "MEDIUM"
    },
    {
      "quarter": "2023-01 (Q1)",
      "signal": "OPERATING LEVERAGE",
      "detail": "Rev growth +18.1% vs OpEx growth +4.3% (leverage: 4.2x)",
      "severity": "MEDIUM"
    },
    {
      "quarter": "2023-01 (Q1)",
      "signal": "GROSS MARGIN INFLECTION",
      "detail": "GM: +56.0% -> +48.5% -> +51.9% (reversal +3.4%)",
      "severity": "MEDIUM"
    },
    {
      "quarter": "2023-01 (Q1)",
      "signal": "YoY REVENUE GROWTH ACCELERATION",
      "detail": "YoY growth: +10.2% vs prior quarter YoY: -10.3% (accel: +20.6%)",
      "severity": "HIGH"
    },
    {
      "quarter": "2022-10 (Q4)",
      "signal": "YoY REVENUE GROWTH DECELERATION",
      "detail": "YoY growth: -10.3% vs prior quarter YoY: +57.6% (decel: -67.9%)",
      "severity": "WARNING"
    },
    {
      "quarter": "2022-07 (Q3)",
      "signal": "YoY REVENUE GROWTH DECELERATION",
      "detail": "YoY growth: +57.6% vs prior quarter YoY: +82.9% (decel: -25.3%)",
      "severity": "WARNING"
    },
    {
      "quarter": "2022-04 (Q2)",
      "signal": "GROSS MARGIN INFLECTION",
      "detail": "GM: +70.8% -> +56.1% -> +60.1% (reversal +4.0%)",
      "severity": "MEDIUM"
    },
    {
      "quarter": "2022-04 (Q2)",
      "signal": "YoY REVENUE GROWTH ACCELERATION",
      "detail": "YoY growth: +82.9% vs prior quarter YoY: +48.2% (accel: +34.7%)",
      "severity": "HIGH"
    },
    {
      "quarter": "2022-01 (Q1)",
      "signal": "FCF TURNED POSITIVE",
      "detail": "FCF margin: -6.4% -> +5.0%",
      "severity": "HIGH"
    },
    {
      "quarter": "2021-10 (Q4)",
      "signal": "FCF MARGIN EXPANSION",
      "detail": "FCF margin: -63.8% -> -6.4% (+57.5%)",
      "severity": "MEDIUM"
    },
    {
      "quarter": "2021-10 (Q4)",
      "signal": "OPERATING LEVERAGE",
      "detail": "Rev growth +33.9% vs OpEx growth +15.9% (leverage: 2.1x)",
      "severity": "MEDIUM"
    },
    {
      "quarter": "2021-10 (Q4)",
      "signal": "GROSS MARGIN INFLECTION",
      "detail": "GM: +51.1% -> +50.9% -> +70.8% (reversal +19.9%)",
      "severity": "HIGH"
    },
    {
      "quarter": "2021-04 (Q2)",
      "signal": "FCF MARGIN EXPANSION",
      "detail": "FCF margin: -67.9% -> -51.2% (+16.7%)",
      "severity": "MEDIUM"
    }
  ],
  "data_quality": {
    "n_quarters": 20,
    "coverage": {
      "revenue": [
        20,
        20
      ],
      "gross_profit": [
        20,
        20
      ],
      "op_income": [
        20,
        20
      ],
      "fcf": [
        19,
        20
      ]
    },
    "gaps": [],
    "warnings": []
  },
  "market_cap": null,
  "source": "SEC EDGAR",
  "last_updated": "2026-02-02T23:11:15.509579"
}