{
  "ticker": "QURE",
  "name": "uniQure N.V.",
  "quarters": [
    {
      "date": "2020-12-31T00:00:00",
      "quarter_label": "2020-12 (Q4)",
      "revenue": 34086000,
      "gross_profit": null,
      "operating_income": -8265000,
      "net_income": null,
      "opex": 42892000,
      "cogs": null,
      "rd": 31684000,
      "sga": 11208000,
      "fcf": -39971000,
      "ocf": -37175000,
      "capex": -2796000,
      "gross_margin": null,
      "op_margin": -0.24247491638795987,
      "fcf_margin": -1.1726515284867687
    },
    {
      "date": "2021-03-31T00:00:00",
      "quarter_label": "2021-03 (Q1)",
      "revenue": 454000,
      "gross_profit": null,
      "operating_income": -44458000,
      "net_income": null,
      "opex": 45031000,
      "cogs": null,
      "rd": 32656000,
      "sga": 12375000,
      "fcf": -45149000,
      "ocf": -41273000,
      "capex": -3876000,
      "gross_margin": null,
      "op_margin": -97.9251101321586,
      "fcf_margin": -99.44713656387665,
      "fcf_margin_change": -98.27448503538989
    },
    {
      "date": "2021-06-30T00:00:00",
      "quarter_label": "2021-06 (Q2)",
      "revenue": 463868000,
      "gross_profit": 440690000,
      "operating_income": 398008000,
      "net_income": null,
      "opex": 73224000,
      "cogs": 23178000,
      "rd": 32747000,
      "sga": 17299000,
      "fcf": 414164000,
      "ocf": 416479000,
      "capex": -2315000,
      "gross_margin": 0.9500331990997439,
      "op_margin": 0.8580199539524175,
      "fcf_margin": 0.8928488276837376,
      "op_leverage_ratio": 1630.3603211094826,
      "fcf_margin_change": 100.33998539156039
    },
    {
      "date": "2021-09-30T00:00:00",
      "quarter_label": "2021-09 (Q3)",
      "revenue": 1989000,
      "gross_profit": null,
      "operating_income": -45000000,
      "net_income": null,
      "opex": 48455000,
      "cogs": null,
      "rd": 36432000,
      "sga": 12023000,
      "fcf": -47851000,
      "ocf": -40157000,
      "capex": -7694000,
      "gross_margin": null,
      "op_margin": -22.624434389140273,
      "fcf_margin": -24.05781799899447,
      "fcf_margin_change": -24.95066682667821
    },
    {
      "date": "2021-12-31T00:00:00",
      "quarter_label": "2021-12 (Q4)",
      "revenue": 57691000,
      "gross_profit": 55893000,
      "operating_income": 2068000,
      "net_income": null,
      "opex": 58104000,
      "cogs": 1798000,
      "rd": 42339000,
      "sga": 13967000,
      "fcf": -50643000,
      "ocf": -47090000,
      "capex": -3553000,
      "gross_margin": 0.968833960236432,
      "op_margin": 0.03584614584597251,
      "fcf_margin": -0.8778318975230105,
      "incr_op_margin_yoy": 0.43774624020334674,
      "rev_growth_yoy": 0.6925130552132841,
      "op_leverage_ratio": 140.6346372558659,
      "fcf_margin_change": 23.17998610147146
    },
    {
      "date": "2022-03-31T00:00:00",
      "quarter_label": "2022-03 (Q1)",
      "revenue": 1792000,
      "gross_profit": null,
      "operating_income": -54080000,
      "net_income": null,
      "opex": 55990000,
      "cogs": null,
      "rd": 45003000,
      "sga": 10987000,
      "fcf": -29769000,
      "ocf": -25711000,
      "capex": -4058000,
      "gross_margin": null,
      "op_margin": -30.178571428571427,
      "fcf_margin": -16.612165178571427,
      "incr_op_margin_yoy": -7.191330343796712,
      "rev_growth_yoy": 2.947136563876652,
      "rev_growth_yoy_accel": 2.254623508663368,
      "fcf_margin_change": -15.734333281048416
    },
    {
      "date": "2022-06-30T00:00:00",
      "quarter_label": "2022-06 (Q2)",
      "revenue": 497000,
      "gross_profit": null,
      "operating_income": -56061000,
      "net_income": null,
      "opex": 59515000,
      "cogs": null,
      "rd": 46192000,
      "sga": 12491000,
      "fcf": -20257000,
      "ocf": -15678000,
      "capex": -4579000,
      "gross_margin": null,
      "op_margin": -112.79879275653923,
      "fcf_margin": -40.758551307847085,
      "incr_op_margin_yoy": 0.9799253729732763,
      "rev_growth_yoy": -0.9989285745082653,
      "rev_growth_yoy_accel": -3.9460651383849172,
      "fcf_margin_change": -24.14638612927566
    },
    {
      "date": "2022-09-30T00:00:00",
      "quarter_label": "2022-09 (Q3)",
      "revenue": 1449000,
      "gross_profit": null,
      "operating_income": -59518000,
      "net_income": null,
      "opex": 62253000,
      "cogs": null,
      "rd": 48068000,
      "sga": 13324000,
      "fcf": -52976000,
      "ocf": -48991000,
      "capex": -3985000,
      "gross_margin": null,
      "op_margin": -41.075224292615594,
      "fcf_margin": -36.56038647342995,
      "rev_growth_yoy": -0.27149321266968324,
      "rev_growth_yoy_accel": 0.727435361838582,
      "op_leverage_ratio": 41.63643658885379,
      "fcf_margin_change": 4.198164834417135
    },
    {
      "date": "2022-12-31T00:00:00",
      "quarter_label": "2022-12 (Q4)",
      "revenue": 102745000,
      "gross_profit": null,
      "operating_income": 26501000,
      "net_income": null,
      "opex": 78235000,
      "cogs": null,
      "rd": 58328000,
      "sga": 18257000,
      "fcf": -59746000,
      "ocf": -54680000,
      "capex": -5066000,
      "gross_margin": null,
      "op_margin": 0.2579298262689182,
      "fcf_margin": -0.5814978831086671,
      "incr_op_margin_yoy": 0.5423047898077862,
      "rev_growth_yoy": 0.7809537016172367,
      "rev_growth_yoy_accel": 1.05244691428692,
      "op_leverage_ratio": 272.303403440672,
      "fcf_margin_change": 35.97888859032128
    },
    {
      "date": "2023-03-31T00:00:00",
      "quarter_label": "2023-03 (Q1)",
      "revenue": 5325000,
      "gross_profit": null,
      "operating_income": -74172000,
      "net_income": null,
      "opex": 81092000,
      "cogs": null,
      "rd": 60809000,
      "sga": 17848000,
      "fcf": -80644000,
      "ocf": -78302000,
      "capex": -2342000,
      "gross_margin": null,
      "op_margin": -13.929014084507042,
      "fcf_margin": -15.144413145539906,
      "incr_op_margin_yoy": -5.686951599207473,
      "rev_growth_yoy": 1.9715401785714286,
      "rev_growth_yoy_accel": 1.1905864769541918,
      "fcf_margin_change": -14.562915262431238
    },
    {
      "date": "2023-06-30T00:00:00",
      "quarter_label": "2023-06 (Q2)",
      "revenue": 2422000,
      "gross_profit": null,
      "operating_income": -65074000,
      "net_income": null,
      "opex": 68569000,
      "cogs": null,
      "rd": 46036000,
      "sga": 21181000,
      "fcf": -58071000,
      "ocf": -56997000,
      "capex": -1074000,
      "gross_margin": null,
      "op_margin": -26.86787778695293,
      "fcf_margin": -23.976465730800992,
      "incr_op_margin_yoy": -4.682077922077922,
      "rev_growth_yoy": 3.8732394366197185,
      "rev_growth_yoy_accel": 1.9016992580482899,
      "fcf_margin_change": -8.832052585261087
    },
    {
      "date": "2023-09-30T00:00:00",
      "quarter_label": "2023-09 (Q3)",
      "revenue": 1407000,
      "gross_profit": null,
      "operating_income": -81877000,
      "net_income": null,
      "opex": 84480000,
      "cogs": null,
      "rd": 65400000,
      "sga": 18074000,
      "fcf": 37211000,
      "ocf": 38911000,
      "capex": -1700000,
      "gross_margin": null,
      "op_margin": -58.192608386638234,
      "fcf_margin": 26.447050461975834,
      "rev_growth_yoy": -0.028985507246376812,
      "rev_growth_yoy_accel": -3.9022249438660954,
      "fcf_margin_change": 50.42351619277683
    },
    {
      "date": "2023-12-31T00:00:00",
      "quarter_label": "2023-12 (Q4)",
      "revenue": 6689000,
      "gross_profit": null,
      "operating_income": -61748000,
      "net_income": null,
      "opex": 68942000,
      "cogs": null,
      "rd": 42619000,
      "sga": 17488000,
      "fcf": -51579000,
      "ocf": -49541000,
      "capex": -2038000,
      "gross_margin": null,
      "op_margin": -9.231275227986247,
      "fcf_margin": -7.7110180894005085,
      "incr_op_margin_yoy": 0.9187244940451403,
      "rev_growth_yoy": -0.9348970752834688,
      "rev_growth_yoy_accel": -0.9059115680370919,
      "op_leverage_ratio": Infinity,
      "fcf_margin_change": -34.158068551376346
    },
    {
      "date": "2024-03-31T00:00:00",
      "quarter_label": "2024-03 (Q1)",
      "revenue": 8485000,
      "gross_profit": 8335000,
      "operating_income": -54228000,
      "net_income": null,
      "opex": 63855000,
      "cogs": 150000,
      "rd": 40692000,
      "sga": 13937000,
      "fcf": -62919000,
      "ocf": -60575000,
      "capex": -2344000,
      "gross_margin": 0.9823217442545669,
      "op_margin": -6.391043017088981,
      "fcf_margin": -7.415321154979376,
      "incr_op_margin_yoy": 6.311392405063291,
      "rev_growth_yoy": 0.5934272300469483,
      "rev_growth_yoy_accel": 1.528324305330417,
      "op_leverage_ratio": Infinity,
      "fcf_margin_change": 0.2956969344211329
    },
    {
      "date": "2024-06-30T00:00:00",
      "quarter_label": "2024-06 (Q2)",
      "revenue": 11126000,
      "gross_profit": 10892000,
      "operating_income": -44010000,
      "net_income": -56299000,
      "opex": 56883000,
      "cogs": 234000,
      "rd": 33655000,
      "sga": 15767000,
      "fcf": -33315000,
      "ocf": -32711000,
      "capex": -604000,
      "gross_margin": 0.9789681826352687,
      "op_margin": -3.955599496674456,
      "fcf_margin": -2.994337587632572,
      "incr_op_margin_yoy": 2.4200367647058822,
      "rev_growth_yoy": 3.5937241948802643,
      "rev_growth_yoy_accel": 3.000296964833316,
      "op_leverage_ratio": Infinity,
      "fcf_margin_change": 4.420983567346804
    },
    {
      "date": "2024-09-30T00:00:00",
      "quarter_label": "2024-09 (Q3)",
      "revenue": 2287000,
      "gross_profit": 2023000,
      "operating_income": -40228000,
      "net_income": -44378000,
      "opex": 43191000,
      "cogs": 264000,
      "rd": 30595000,
      "sga": 11575000,
      "fcf": -36978000,
      "ocf": -36598000,
      "capex": -380000,
      "gross_margin": 0.884564932225623,
      "op_margin": -17.58985570616528,
      "fcf_margin": -16.168780061215568,
      "rev_growth_yoy": 0.6254442075337597,
      "rev_growth_yoy_accel": -2.9682799873465044,
      "fcf_margin_change": -13.174442473582996
    },
    {
      "date": "2024-12-31T00:00:00",
      "quarter_label": "2024-12 (Q4)",
      "revenue": 5221000,
      "gross_profit": 4602000,
      "operating_income": -45828000,
      "net_income": null,
      "opex": 50837000,
      "cogs": 619000,
      "rd": 38840000,
      "sga": 11378000,
      "fcf": -52884000,
      "ocf": -52844000,
      "capex": -40000,
      "gross_margin": 0.8814403371001723,
      "op_margin": -8.777628806742003,
      "fcf_margin": -10.129094043286727,
      "incr_op_margin_yoy": -10.844686648501362,
      "rev_growth_yoy": -0.2194647929436388,
      "rev_growth_yoy_accel": -0.8449090004773985,
      "op_leverage_ratio": 7.246910713822088,
      "fcf_margin_change": 6.03968601792884
    },
    {
      "date": "2025-03-31T00:00:00",
      "quarter_label": "2025-03 (Q1)",
      "revenue": 1567000,
      "gross_profit": 1370000,
      "operating_income": -39331000,
      "net_income": null,
      "opex": 47245000,
      "cogs": 197000,
      "rd": 36140000,
      "sga": 10908000,
      "fcf": -44226000,
      "ocf": -44100000,
      "capex": -126000,
      "gross_margin": 0.8742820676451819,
      "op_margin": -25.09955328653478,
      "fcf_margin": -28.223356732610082,
      "incr_op_margin_yoy": -2.1533680254408787,
      "rev_growth_yoy": -0.8153211549793754,
      "rev_growth_yoy_accel": -0.5958563620357367,
      "fcf_margin_change": -18.094262689323354
    },
    {
      "date": "2025-06-30T00:00:00",
      "quarter_label": "2025-06 (Q2)",
      "revenue": 5262000,
      "gross_profit": 4606000,
      "operating_income": -43865000,
      "net_income": -37719000,
      "opex": 49539000,
      "cogs": 656000,
      "rd": 35383000,
      "sga": 13500000,
      "fcf": -40155000,
      "ocf": -39895000,
      "capex": -260000,
      "gross_margin": 0.8753325731660966,
      "op_margin": -8.336183960471304,
      "fcf_margin": -7.631128848346636,
      "incr_op_margin_yoy": -0.024727148703956345,
      "rev_growth_yoy": -0.5270537479777099,
      "rev_growth_yoy_accel": 0.28826740700166553,
      "op_leverage_ratio": 48.563265954469614,
      "fcf_margin_change": 20.592227884263444
    },
    {
      "date": "2025-09-30T00:00:00",
      "quarter_label": "2025-09 (Q3)",
      "revenue": 3701000,
      "gross_profit": 3303000,
      "operating_income": -51035000,
      "net_income": -80529000,
      "opex": 54202000,
      "cogs": 398000,
      "rd": 34366000,
      "sga": 19438000,
      "fcf": -16333000,
      "ocf": -16399000,
      "capex": 66000,
      "gross_margin": 0.8924614968927317,
      "op_margin": -13.789516346933262,
      "fcf_margin": -4.413131586057823,
      "incr_op_margin_yoy": -7.642857142857143,
      "rev_growth_yoy": 0.6182772190642764,
      "rev_growth_yoy_accel": 1.1453309670419862,
      "fcf_margin_change": 3.2179972622888133
    }
  ],
  "signals": [
    {
      "quarter": "2025-09 (Q3)",
      "signal": "FCF MARGIN EXPANSION",
      "detail": "FCF margin: -763.1% -> -441.3% (+321.8%)",
      "severity": "MEDIUM"
    },
    {
      "quarter": "2025-09 (Q3)",
      "signal": "YoY REVENUE GROWTH ACCELERATION",
      "detail": "YoY growth: +61.8% vs prior quarter YoY: -52.7% (accel: +114.5%)",
      "severity": "HIGH"
    },
    {
      "quarter": "2025-06 (Q2)",
      "signal": "FCF MARGIN EXPANSION",
      "detail": "FCF margin: -2822.3% -> -763.1% (+2059.2%)",
      "severity": "MEDIUM"
    },
    {
      "quarter": "2025-06 (Q2)",
      "signal": "OPERATING LEVERAGE",
      "detail": "Rev growth +235.8% vs OpEx growth +4.9% (leverage: 48.6x)",
      "severity": "MEDIUM"
    },
    {
      "quarter": "2025-06 (Q2)",
      "signal": "YoY REVENUE GROWTH ACCELERATION",
      "detail": "YoY growth: -52.7% vs prior quarter YoY: -81.5% (accel: +28.8%)",
      "severity": "HIGH"
    },
    {
      "quarter": "2025-03 (Q1)",
      "signal": "YoY REVENUE GROWTH DECELERATION",
      "detail": "YoY growth: -81.5% vs prior quarter YoY: -21.9% (decel: -59.6%)",
      "severity": "WARNING"
    },
    {
      "quarter": "2024-12 (Q4)",
      "signal": "FCF MARGIN EXPANSION",
      "detail": "FCF margin: -1616.9% -> -1012.9% (+604.0%)",
      "severity": "MEDIUM"
    },
    {
      "quarter": "2024-12 (Q4)",
      "signal": "OPERATING LEVERAGE",
      "detail": "Rev growth +128.3% vs OpEx growth +17.7% (leverage: 7.2x)",
      "severity": "MEDIUM"
    },
    {
      "quarter": "2024-12 (Q4)",
      "signal": "YoY REVENUE GROWTH DECELERATION",
      "detail": "YoY growth: -21.9% vs prior quarter YoY: +62.5% (decel: -84.5%)",
      "severity": "WARNING"
    },
    {
      "quarter": "2024-09 (Q3)",
      "signal": "YoY REVENUE GROWTH DECELERATION",
      "detail": "YoY growth: +62.5% vs prior quarter YoY: +359.4% (decel: -296.8%)",
      "severity": "WARNING"
    },
    {
      "quarter": "2024-06 (Q2)",
      "signal": "FCF MARGIN EXPANSION",
      "detail": "FCF margin: -741.5% -> -299.4% (+442.1%)",
      "severity": "MEDIUM"
    },
    {
      "quarter": "2024-06 (Q2)",
      "signal": "YoY REVENUE GROWTH ACCELERATION",
      "detail": "YoY growth: +359.4% vs prior quarter YoY: +59.3% (accel: +300.0%)",
      "severity": "HIGH"
    },
    {
      "quarter": "2024-03 (Q1)",
      "signal": "FCF MARGIN EXPANSION",
      "detail": "FCF margin: -771.1% -> -741.5% (+29.6%)",
      "severity": "MEDIUM"
    },
    {
      "quarter": "2024-03 (Q1)",
      "signal": "YoY REVENUE GROWTH ACCELERATION",
      "detail": "YoY growth: +59.3% vs prior quarter YoY: -93.5% (accel: +152.8%)",
      "severity": "HIGH"
    },
    {
      "quarter": "2023-12 (Q4)",
      "signal": "YoY REVENUE GROWTH DECELERATION",
      "detail": "YoY growth: -93.5% vs prior quarter YoY: -2.9% (decel: -90.6%)",
      "severity": "WARNING"
    },
    {
      "quarter": "2023-09 (Q3)",
      "signal": "FCF TURNED POSITIVE",
      "detail": "FCF margin: -2397.6% -> +2644.7%",
      "severity": "HIGH"
    },
    {
      "quarter": "2023-09 (Q3)",
      "signal": "YoY REVENUE GROWTH DECELERATION",
      "detail": "YoY growth: -2.9% vs prior quarter YoY: +387.3% (decel: -390.2%)",
      "severity": "WARNING"
    },
    {
      "quarter": "2023-06 (Q2)",
      "signal": "YoY REVENUE GROWTH ACCELERATION",
      "detail": "YoY growth: +387.3% vs prior quarter YoY: +197.2% (accel: +190.2%)",
      "severity": "HIGH"
    },
    {
      "quarter": "2023-03 (Q1)",
      "signal": "YoY REVENUE GROWTH ACCELERATION",
      "detail": "YoY growth: +197.2% vs prior quarter YoY: +78.1% (accel: +119.1%)",
      "severity": "HIGH"
    },
    {
      "quarter": "2022-12 (Q4)",
      "signal": "FCF MARGIN EXPANSION",
      "detail": "FCF margin: -3656.0% -> -58.1% (+3597.9%)",
      "severity": "MEDIUM"
    },
    {
      "quarter": "2022-12 (Q4)",
      "signal": "OPERATING LEVERAGE",
      "detail": "Rev growth +6990.8% vs OpEx growth +25.7% (leverage: 272.3x)",
      "severity": "MEDIUM"
    },
    {
      "quarter": "2022-12 (Q4)",
      "signal": "YoY REVENUE GROWTH ACCELERATION",
      "detail": "YoY growth: +78.1% vs prior quarter YoY: -27.1% (accel: +105.2%)",
      "severity": "HIGH"
    },
    {
      "quarter": "2022-12 (Q4)",
      "signal": "INCREMENTAL MARGIN (YoY)",
      "detail": "YoY Incr OPM: +54.2% vs year-ago OPM: +3.6%",
      "severity": "HIGH"
    },
    {
      "quarter": "2022-12 (Q4)",
      "signal": "OP MARGIN TURNED POSITIVE (QoQ)",
      "detail": "Op margin: -4107.5% -> +25.8%",
      "severity": "HIGH"
    },
    {
      "quarter": "2022-09 (Q3)",
      "signal": "FCF MARGIN EXPANSION",
      "detail": "FCF margin: -4075.9% -> -3656.0% (+419.8%)",
      "severity": "MEDIUM"
    },
    {
      "quarter": "2022-09 (Q3)",
      "signal": "OPERATING LEVERAGE",
      "detail": "Rev growth +191.5% vs OpEx growth +4.6% (leverage: 41.6x)",
      "severity": "MEDIUM"
    },
    {
      "quarter": "2022-09 (Q3)",
      "signal": "YoY REVENUE GROWTH ACCELERATION",
      "detail": "YoY growth: -27.1% vs prior quarter YoY: -99.9% (accel: +72.7%)",
      "severity": "HIGH"
    },
    {
      "quarter": "2022-06 (Q2)",
      "signal": "YoY REVENUE GROWTH DECELERATION",
      "detail": "YoY growth: -99.9% vs prior quarter YoY: +294.7% (decel: -394.6%)",
      "severity": "WARNING"
    },
    {
      "quarter": "2022-03 (Q1)",
      "signal": "YoY REVENUE GROWTH ACCELERATION",
      "detail": "YoY growth: +294.7% vs prior quarter YoY: +69.3% (accel: +225.5%)",
      "severity": "HIGH"
    },
    {
      "quarter": "2021-12 (Q4)",
      "signal": "FCF MARGIN EXPANSION",
      "detail": "FCF margin: -2405.8% -> -87.8% (+2318.0%)",
      "severity": "MEDIUM"
    },
    {
      "quarter": "2021-12 (Q4)",
      "signal": "OPERATING LEVERAGE",
      "detail": "Rev growth +2800.5% vs OpEx growth +19.9% (leverage: 140.6x)",
      "severity": "MEDIUM"
    },
    {
      "quarter": "2021-12 (Q4)",
      "signal": "OP MARGIN TURNED POSITIVE (YoY)",
      "detail": "Op margin: -24.2% (year-ago) -> +3.6%",
      "severity": "HIGH"
    },
    {
      "quarter": "2021-12 (Q4)",
      "signal": "OP MARGIN TURNED POSITIVE (QoQ)",
      "detail": "Op margin: -2262.4% -> +3.6%",
      "severity": "HIGH"
    },
    {
      "quarter": "2021-06 (Q2)",
      "signal": "FCF TURNED POSITIVE",
      "detail": "FCF margin: -9944.7% -> +89.3%",
      "severity": "HIGH"
    },
    {
      "quarter": "2021-06 (Q2)",
      "signal": "OPERATING LEVERAGE",
      "detail": "Rev growth +102073.6% vs OpEx growth +62.6% (leverage: 1630.4x)",
      "severity": "MEDIUM"
    },
    {
      "quarter": "2021-06 (Q2)",
      "signal": "OP MARGIN TURNED POSITIVE (QoQ)",
      "detail": "Op margin: -9792.5% -> +85.8%",
      "severity": "HIGH"
    }
  ],
  "data_quality": {
    "n_quarters": 20,
    "coverage": {
      "revenue": [
        20,
        20
      ],
      "gross_profit": [
        9,
        20
      ],
      "op_income": [
        20,
        20
      ],
      "fcf": [
        20,
        20
      ]
    },
    "gaps": [],
    "warnings": [
      "gross_profit: 9/20Q"
    ]
  },
  "market_cap": null,
  "source": "SEC EDGAR",
  "last_updated": "2026-02-02T21:47:58.781449"
}