{
  "ticker": "QXO",
  "name": "QXO,     INC.",
  "quarters": [
    {
      "date": "2020-12-31T00:00:00",
      "quarter_label": "2020-12 (Q4)",
      "revenue": 11308787,
      "gross_profit": 4736177,
      "operating_income": 480391,
      "net_income": 379043,
      "opex": 4255786,
      "cogs": 6572610,
      "rd": null,
      "sga": null,
      "fcf": 1455169,
      "ocf": 1481956,
      "capex": -26787,
      "gross_margin": 0.4188050407174527,
      "op_margin": 0.042479445408247586,
      "fcf_margin": 0.1286759579077756
    },
    {
      "date": "2021-03-31T00:00:00",
      "quarter_label": "2021-03 (Q1)",
      "revenue": 10879468,
      "gross_profit": 4746537,
      "operating_income": 493273,
      "net_income": 354679,
      "opex": 4253264,
      "cogs": 6132931,
      "rd": null,
      "sga": null,
      "fcf": -500461,
      "ocf": -500461,
      "capex": null,
      "gross_margin": 0.4362839249125049,
      "op_margin": 0.04533980889506729,
      "fcf_margin": -0.04600050296577002,
      "fcf_margin_change": -0.17467646087354563
    },
    {
      "date": "2021-06-30T00:00:00",
      "quarter_label": "2021-06 (Q2)",
      "revenue": 10229209,
      "gross_profit": 4270680,
      "operating_income": 203904,
      "net_income": 130289,
      "opex": 4066776,
      "cogs": 5958529,
      "rd": null,
      "sga": null,
      "fcf": -410484,
      "ocf": -338363,
      "capex": -72121,
      "gross_margin": 0.4174985573175795,
      "op_margin": 0.01993350610003178,
      "fcf_margin": -0.04012861600540179,
      "fcf_margin_change": 0.005871886960368229
    },
    {
      "date": "2021-09-30T00:00:00",
      "quarter_label": "2021-09 (Q3)",
      "revenue": 10109654,
      "gross_profit": 3939308,
      "operating_income": -290298,
      "net_income": -240029,
      "opex": 4229606,
      "cogs": 6170346,
      "rd": null,
      "sga": null,
      "fcf": 1068460,
      "ocf": 1115468,
      "capex": -47008,
      "gross_margin": 0.38965804368774637,
      "op_margin": -0.028714929314099177,
      "fcf_margin": 0.1056870986880461,
      "fcf_margin_change": 0.1458157146934479
    },
    {
      "date": "2021-12-31T00:00:00",
      "quarter_label": "2021-12 (Q4)",
      "revenue": 10483049,
      "gross_profit": 4251533,
      "operating_income": -637865,
      "net_income": -379373,
      "opex": 4889398,
      "cogs": 6231516,
      "rd": null,
      "sga": null,
      "fcf": -46242,
      "ocf": -50610,
      "capex": 4368,
      "gross_margin": 0.40556263735865394,
      "op_margin": -0.06084727830614929,
      "fcf_margin": -0.0044111212300925046,
      "rev_growth_yoy": -0.07301738020178468,
      "op_leverage_ratio": 0.23676912762510627,
      "fcf_margin_change": -0.1100982199181386
    },
    {
      "date": "2022-03-31T00:00:00",
      "quarter_label": "2022-03 (Q1)",
      "revenue": 11023844,
      "gross_profit": 4704867,
      "operating_income": -19716,
      "net_income": -40656,
      "opex": 4724583,
      "cogs": 6318977,
      "rd": null,
      "sga": null,
      "fcf": -38794,
      "ocf": -8246,
      "capex": -30548,
      "gross_margin": 0.42679005617278326,
      "op_margin": -0.0017884868472376786,
      "fcf_margin": -0.0035190991454523484,
      "rev_growth_yoy": 0.013270501829685054,
      "rev_growth_yoy_accel": 0.08628788203146973,
      "op_leverage_ratio": Infinity,
      "fcf_margin_change": 0.0008920220846401561
    },
    {
      "date": "2022-06-30T00:00:00",
      "quarter_label": "2022-06 (Q2)",
      "revenue": 10638073,
      "gross_profit": 4127268,
      "operating_income": -79246,
      "net_income": -87766,
      "opex": 4206514,
      "cogs": 6510805,
      "rd": null,
      "sga": null,
      "fcf": -477063,
      "ocf": -477062,
      "capex": -1,
      "gross_margin": 0.38797139293930394,
      "op_margin": -0.007449281462911563,
      "fcf_margin": -0.0448448699308606,
      "rev_growth_yoy": 0.039970245988717214,
      "rev_growth_yoy_accel": 0.02669974415903216,
      "fcf_margin_change": -0.04132577078540825
    },
    {
      "date": "2022-09-30T00:00:00",
      "quarter_label": "2022-09 (Q3)",
      "revenue": 10917159,
      "gross_profit": 4428569,
      "operating_income": -117610,
      "net_income": -134237,
      "opex": 4546179,
      "cogs": 6488590,
      "rd": null,
      "sga": null,
      "fcf": 1604418,
      "ocf": 1612610,
      "capex": -8192,
      "gross_margin": 0.40565214814586836,
      "op_margin": -0.010772949262715693,
      "fcf_margin": 0.1469629598689549,
      "rev_growth_yoy": 0.07987464259409867,
      "rev_growth_yoy_accel": 0.039904396605381455,
      "op_leverage_ratio": 0.32489769136124336,
      "fcf_margin_change": 0.1918078297998155
    },
    {
      "date": "2022-12-31T00:00:00",
      "quarter_label": "2022-12 (Q4)",
      "revenue": 12406200,
      "gross_profit": 4700032,
      "operating_income": -168807,
      "net_income": -19560,
      "opex": 4868839,
      "cogs": 7706168,
      "rd": null,
      "sga": null,
      "fcf": 911089,
      "ocf": 911090,
      "capex": -1,
      "gross_margin": 0.3788454160016766,
      "op_margin": -0.013606664409730618,
      "fcf_margin": 0.07343820025471136,
      "incr_op_margin_yoy": 0.2439007649425344,
      "rev_growth_yoy": 0.18345340177270944,
      "rev_growth_yoy_accel": 0.10357875917861077,
      "op_leverage_ratio": 1.9217567825896467,
      "fcf_margin_change": -0.07352475961424355
    },
    {
      "date": "2023-03-31T00:00:00",
      "quarter_label": "2023-03 (Q1)",
      "revenue": 13127738,
      "gross_profit": 5357560,
      "operating_income": 369537,
      "net_income": 277491,
      "opex": 4988023,
      "cogs": 7770178,
      "rd": null,
      "sga": null,
      "fcf": -788041,
      "ocf": -783062,
      "capex": -4979,
      "gross_margin": 0.40810991200464236,
      "op_margin": 0.02814932778213581,
      "fcf_margin": -0.0600286964898294,
      "incr_op_margin_yoy": 0.18501549983031465,
      "rev_growth_yoy": 0.19084939881224736,
      "rev_growth_yoy_accel": 0.007395997039537916,
      "op_leverage_ratio": 2.3758985199010434,
      "fcf_margin_change": -0.13346689674454076
    },
    {
      "date": "2023-06-30T00:00:00",
      "quarter_label": "2023-06 (Q2)",
      "revenue": 13257271,
      "gross_profit": 5185145,
      "operating_income": 456264,
      "net_income": 343361,
      "opex": 4728881,
      "cogs": 8072126,
      "rd": null,
      "sga": 4525000,
      "fcf": 440041,
      "ocf": 459062,
      "capex": -19021,
      "gross_margin": 0.39111707077572755,
      "op_margin": 0.03441613285268137,
      "fcf_margin": 0.033192427008544974,
      "incr_op_margin_yoy": 0.20445571507003288,
      "rev_growth_yoy": 0.24620981638309872,
      "rev_growth_yoy_accel": 0.05536041757085136,
      "fcf_margin_change": 0.09322112349837437
    },
    {
      "date": "2023-09-30T00:00:00",
      "quarter_label": "2023-09 (Q3)",
      "revenue": 13423254,
      "gross_profit": 5350233,
      "operating_income": 427455,
      "net_income": -2110178,
      "opex": 4922778,
      "cogs": 8073021,
      "rd": null,
      "sga": 7712000,
      "fcf": 1091000,
      "ocf": 1142000,
      "capex": -51000,
      "gross_margin": 0.39857943535896734,
      "op_margin": 0.031844365010153274,
      "fcf_margin": 0.08127686476021388,
      "incr_op_margin_yoy": 0.21749574537278116,
      "rev_growth_yoy": 0.2295556014160827,
      "rev_growth_yoy_accel": -0.016654214967016023,
      "op_leverage_ratio": 0.30534918941129036,
      "fcf_margin_change": 0.04808443775166891
    },
    {
      "date": "2023-12-31T00:00:00",
      "quarter_label": "2023-12 (Q4)",
      "revenue": 14708678,
      "gross_profit": 5720871,
      "operating_income": 421003,
      "net_income": 419231,
      "opex": 5299868,
      "cogs": 8987807,
      "rd": null,
      "sga": 5079000,
      "fcf": -280000,
      "ocf": -234000,
      "capex": -46000,
      "gross_margin": 0.3889452879449805,
      "op_margin": 0.02862276269832,
      "fcf_margin": -0.01903638110780588,
      "incr_op_margin_yoy": 0.2561631424925667,
      "rev_growth_yoy": 0.1855909142203092,
      "rev_growth_yoy_accel": -0.04396468719577348,
      "op_leverage_ratio": 1.2501261265693973,
      "fcf_margin_change": -0.10031324586801976
    },
    {
      "date": "2024-03-31T00:00:00",
      "quarter_label": "2024-03 (Q1)",
      "revenue": 14435555,
      "gross_profit": 5657487,
      "operating_income": 227686,
      "net_income": 138087,
      "opex": 5429801,
      "cogs": 8778068,
      "rd": null,
      "sga": 5190000,
      "fcf": 304000,
      "ocf": 365000,
      "capex": -61000,
      "gross_margin": 0.3919133694547941,
      "op_margin": 0.0157725837350902,
      "fcf_margin": 0.021059114110957285,
      "incr_op_margin_yoy": -0.10846395176083504,
      "rev_growth_yoy": 0.0996224178148589,
      "rev_growth_yoy_accel": -0.08596849640545032,
      "fcf_margin_change": 0.04009549521876317
    },
    {
      "date": "2024-06-30T00:00:00",
      "quarter_label": "2024-06 (Q2)",
      "revenue": 14540000,
      "gross_profit": 5800000,
      "operating_income": -4301000,
      "net_income": -591000,
      "opex": 10096000,
      "cogs": 8745000,
      "rd": null,
      "sga": 9835000,
      "fcf": -1066000,
      "ocf": -1065000,
      "capex": -1000,
      "gross_margin": 0.3988995873452545,
      "op_margin": -0.2958046767537827,
      "fcf_margin": -0.0733149931224209,
      "incr_op_margin_yoy": -3.708705424138692,
      "rev_growth_yoy": 0.09675664018635509,
      "rev_growth_yoy_accel": -0.0028657776285038045,
      "fcf_margin_change": -0.09437410723337819
    },
    {
      "date": "2024-09-30T00:00:00",
      "quarter_label": "2024-09 (Q3)",
      "revenue": 13155000,
      "gross_profit": 5500000,
      "operating_income": -33826000,
      "net_income": 17132000,
      "opex": 39268000,
      "cogs": 7713000,
      "rd": null,
      "sga": 39023000,
      "fcf": 31598000,
      "ocf": 31600000,
      "capex": -2000,
      "gross_margin": 0.41809198023565186,
      "op_margin": -2.571341695172938,
      "fcf_margin": 2.4019764348156594,
      "rev_growth_yoy": -0.019984275049850057,
      "rev_growth_yoy_accel": -0.11674091523620514,
      "fcf_margin_change": 2.4752914279380804
    },
    {
      "date": "2024-12-31T00:00:00",
      "quarter_label": "2024-12 (Q4)",
      "revenue": 14743000,
      "gross_profit": 6038000,
      "operating_income": -33101000,
      "net_income": 11289000,
      "opex": 39139000,
      "cogs": 8705000,
      "rd": null,
      "sga": 38896000,
      "fcf": 53945000,
      "ocf": 53983000,
      "capex": -38000,
      "gross_margin": 0.40955029505528046,
      "op_margin": -2.245201112392322,
      "fcf_margin": 3.6590246218544396,
      "rev_growth_yoy": 0.002333452401364691,
      "rev_growth_yoy_accel": 0.02231772745121475,
      "op_leverage_ratio": Infinity,
      "fcf_margin_change": 1.2570481870387802
    },
    {
      "date": "2025-03-31T00:00:00",
      "quarter_label": "2025-03 (Q1)",
      "revenue": 13508000,
      "gross_profit": 5386000,
      "operating_income": -39286000,
      "net_income": 8755000,
      "opex": 44672000,
      "cogs": 8122000,
      "rd": null,
      "sga": 44421000,
      "fcf": 36358000,
      "ocf": 36504000,
      "capex": -146000,
      "gross_margin": 0.39872668048563814,
      "op_margin": -2.9083506070476757,
      "fcf_margin": 2.6915901687888657,
      "rev_growth_yoy": -0.0642548900960164,
      "rev_growth_yoy_accel": -0.06658834249738109,
      "fcf_margin_change": -0.9674344530655739
    },
    {
      "date": "2025-06-30T00:00:00",
      "quarter_label": "2025-06 (Q2)",
      "revenue": 1906400000,
      "gross_profit": 401700000,
      "operating_income": -162100000,
      "net_income": -58500000,
      "opex": 563800000,
      "cogs": 1504700000,
      "rd": null,
      "sga": 456800000,
      "fcf": -174204000,
      "ocf": -174204000,
      "capex": null,
      "gross_margin": 0.2107112882920688,
      "op_margin": -0.08502937473772555,
      "fcf_margin": -0.09137851447754931,
      "incr_op_margin_yoy": -0.08340944890213864,
      "rev_growth_yoy": 130.11416781292985,
      "rev_growth_yoy_accel": 130.17842270302586,
      "op_leverage_ratio": 12.058567715387168,
      "fcf_margin_change": -2.782968683266415
    },
    {
      "date": "2025-09-30T00:00:00",
      "quarter_label": "2025-09 (Q3)",
      "revenue": 2728300000,
      "gross_profit": 635800000,
      "operating_income": 25800000,
      "net_income": -139400000,
      "opex": 610000000,
      "cogs": 2092500000,
      "rd": null,
      "sga": 452500000,
      "fcf": 212500000,
      "ocf": 212500000,
      "capex": null,
      "gross_margin": 0.23303888868526187,
      "op_margin": 0.009456438074991753,
      "fcf_margin": 0.07788732910603673,
      "incr_op_margin_yoy": 0.021960521445447665,
      "rev_growth_yoy": 206.39642721398707,
      "rev_growth_yoy_accel": 76.28225940105722,
      "op_leverage_ratio": 5.261239197926147,
      "fcf_margin_change": 0.16926584358358604
    }
  ],
  "signals": [
    {
      "quarter": "2025-09 (Q3)",
      "signal": "FCF TURNED POSITIVE",
      "detail": "FCF margin: -9.1% -> +7.8%",
      "severity": "HIGH"
    },
    {
      "quarter": "2025-09 (Q3)",
      "signal": "OPERATING LEVERAGE",
      "detail": "Rev growth +43.1% vs OpEx growth +8.2% (leverage: 5.3x)",
      "severity": "MEDIUM"
    },
    {
      "quarter": "2025-09 (Q3)",
      "signal": "GROSS MARGIN INFLECTION",
      "detail": "GM: +39.9% -> +21.1% -> +23.3% (reversal +2.2%)",
      "severity": "MEDIUM"
    },
    {
      "quarter": "2025-09 (Q3)",
      "signal": "YoY REVENUE GROWTH ACCELERATION",
      "detail": "YoY growth: +20639.6% vs prior quarter YoY: +13011.4% (accel: +7628.2%)",
      "severity": "HIGH"
    },
    {
      "quarter": "2025-09 (Q3)",
      "signal": "OP MARGIN TURNED POSITIVE (YoY)",
      "detail": "Op margin: -257.1% (year-ago) -> +0.9%",
      "severity": "HIGH"
    },
    {
      "quarter": "2025-09 (Q3)",
      "signal": "OP MARGIN TURNED POSITIVE (QoQ)",
      "detail": "Op margin: -8.5% -> +0.9%",
      "severity": "HIGH"
    },
    {
      "quarter": "2025-06 (Q2)",
      "signal": "OPERATING LEVERAGE",
      "detail": "Rev growth +14013.1% vs OpEx growth +1162.1% (leverage: 12.1x)",
      "severity": "MEDIUM"
    },
    {
      "quarter": "2025-06 (Q2)",
      "signal": "YoY REVENUE GROWTH ACCELERATION",
      "detail": "YoY growth: +13011.4% vs prior quarter YoY: -6.4% (accel: +13017.8%)",
      "severity": "HIGH"
    },
    {
      "quarter": "2025-03 (Q1)",
      "signal": "YoY REVENUE GROWTH DECELERATION",
      "detail": "YoY growth: -6.4% vs prior quarter YoY: +0.2% (decel: -6.7%)",
      "severity": "WARNING"
    },
    {
      "quarter": "2024-12 (Q4)",
      "signal": "FCF MARGIN EXPANSION",
      "detail": "FCF margin: +240.2% -> +365.9% (+125.7%)",
      "severity": "MEDIUM"
    },
    {
      "quarter": "2024-09 (Q3)",
      "signal": "FCF TURNED POSITIVE",
      "detail": "FCF margin: -7.3% -> +240.2%",
      "severity": "HIGH"
    },
    {
      "quarter": "2024-09 (Q3)",
      "signal": "YoY REVENUE GROWTH DECELERATION",
      "detail": "YoY growth: -2.0% vs prior quarter YoY: +9.7% (decel: -11.7%)",
      "severity": "WARNING"
    },
    {
      "quarter": "2024-03 (Q1)",
      "signal": "FCF TURNED POSITIVE",
      "detail": "FCF margin: -1.9% -> +2.1%",
      "severity": "HIGH"
    },
    {
      "quarter": "2024-03 (Q1)",
      "signal": "YoY REVENUE GROWTH DECELERATION",
      "detail": "YoY growth: +10.0% vs prior quarter YoY: +18.6% (decel: -8.6%)",
      "severity": "WARNING"
    },
    {
      "quarter": "2023-12 (Q4)",
      "signal": "OP MARGIN TURNED POSITIVE (YoY)",
      "detail": "Op margin: -1.4% (year-ago) -> +2.9%",
      "severity": "HIGH"
    },
    {
      "quarter": "2023-09 (Q3)",
      "signal": "OP MARGIN TURNED POSITIVE (YoY)",
      "detail": "Op margin: -1.1% (year-ago) -> +3.2%",
      "severity": "HIGH"
    },
    {
      "quarter": "2023-06 (Q2)",
      "signal": "FCF TURNED POSITIVE",
      "detail": "FCF margin: -6.0% -> +3.3%",
      "severity": "HIGH"
    },
    {
      "quarter": "2023-06 (Q2)",
      "signal": "YoY REVENUE GROWTH ACCELERATION",
      "detail": "YoY growth: +24.6% vs prior quarter YoY: +19.1% (accel: +5.5%)",
      "severity": "MEDIUM"
    },
    {
      "quarter": "2023-06 (Q2)",
      "signal": "OP MARGIN TURNED POSITIVE (YoY)",
      "detail": "Op margin: -0.7% (year-ago) -> +3.4%",
      "severity": "HIGH"
    },
    {
      "quarter": "2023-03 (Q1)",
      "signal": "OPERATING LEVERAGE",
      "detail": "Rev growth +5.8% vs OpEx growth +2.4% (leverage: 2.4x)",
      "severity": "MEDIUM"
    },
    {
      "quarter": "2023-03 (Q1)",
      "signal": "GROSS MARGIN INFLECTION",
      "detail": "GM: +40.6% -> +37.9% -> +40.8% (reversal +2.9%)",
      "severity": "MEDIUM"
    },
    {
      "quarter": "2023-03 (Q1)",
      "signal": "OP MARGIN TURNED POSITIVE (YoY)",
      "detail": "Op margin: -0.2% (year-ago) -> +2.8%",
      "severity": "HIGH"
    },
    {
      "quarter": "2023-03 (Q1)",
      "signal": "OP MARGIN TURNED POSITIVE (QoQ)",
      "detail": "Op margin: -1.4% -> +2.8%",
      "severity": "HIGH"
    },
    {
      "quarter": "2022-12 (Q4)",
      "signal": "OPERATING LEVERAGE",
      "detail": "Rev growth +13.6% vs OpEx growth +7.1% (leverage: 1.9x)",
      "severity": "MEDIUM"
    },
    {
      "quarter": "2022-12 (Q4)",
      "signal": "YoY REVENUE GROWTH ACCELERATION",
      "detail": "YoY growth: +18.3% vs prior quarter YoY: +8.0% (accel: +10.4%)",
      "severity": "MEDIUM"
    },
    {
      "quarter": "2022-09 (Q3)",
      "signal": "FCF TURNED POSITIVE",
      "detail": "FCF margin: -4.5% -> +14.7%",
      "severity": "HIGH"
    },
    {
      "quarter": "2022-03 (Q1)",
      "signal": "YoY REVENUE GROWTH ACCELERATION",
      "detail": "YoY growth: +1.3% vs prior quarter YoY: -7.3% (accel: +8.6%)",
      "severity": "MEDIUM"
    },
    {
      "quarter": "2021-09 (Q3)",
      "signal": "FCF TURNED POSITIVE",
      "detail": "FCF margin: -4.0% -> +10.6%",
      "severity": "HIGH"
    }
  ],
  "data_quality": {
    "n_quarters": 20,
    "coverage": {
      "revenue": [
        20,
        20
      ],
      "gross_profit": [
        20,
        20
      ],
      "op_income": [
        20,
        20
      ],
      "fcf": [
        20,
        20
      ]
    },
    "gaps": [],
    "warnings": []
  },
  "market_cap": null,
  "source": "SEC EDGAR",
  "last_updated": "2026-02-02T20:23:07.698622"
}