{
  "ticker": "RAIL",
  "name": "FREIGHTCAR AMERICA, INC.",
  "quarters": [
    {
      "date": "2020-12-31T00:00:00",
      "quarter_label": "2020-12 (Q4)",
      "revenue": 60590000,
      "gross_profit": 5524000,
      "operating_income": -9212000,
      "net_income": -14383000,
      "opex": 14736000,
      "cogs": 55066000,
      "rd": null,
      "sga": 8710000,
      "fcf": -21506000,
      "ocf": -19924000,
      "capex": -1582000,
      "gross_margin": 0.0911701600924245,
      "op_margin": -0.15203829014688894,
      "fcf_margin": -0.3549430599108764
    },
    {
      "date": "2021-03-31T00:00:00",
      "quarter_label": "2021-03 (Q1)",
      "revenue": 32370000,
      "gross_profit": 1804000,
      "operating_income": -13997000,
      "net_income": -38379000,
      "opex": 15801000,
      "cogs": 30566000,
      "rd": null,
      "sga": 9151000,
      "fcf": -22818000,
      "ocf": -22276000,
      "capex": -542000,
      "gross_margin": 0.05573061476675935,
      "op_margin": -0.43240654927401917,
      "fcf_margin": -0.7049119555143651,
      "fcf_margin_change": -0.34996889560348876
    },
    {
      "date": "2021-06-30T00:00:00",
      "quarter_label": "2021-06 (Q2)",
      "revenue": 37354000,
      "gross_profit": 3638000,
      "operating_income": -2536000,
      "net_income": -2570000,
      "opex": 6174000,
      "cogs": 33716000,
      "rd": null,
      "sga": 6294000,
      "fcf": -22724000,
      "ocf": -21833000,
      "capex": -891000,
      "gross_margin": 0.09739251485784654,
      "op_margin": -0.0678909889168496,
      "fcf_margin": -0.6083418107833164,
      "op_leverage_ratio": Infinity,
      "fcf_margin_change": 0.09657014473104875
    },
    {
      "date": "2021-09-30T00:00:00",
      "quarter_label": "2021-09 (Q3)",
      "revenue": 58307000,
      "gross_profit": 1538000,
      "operating_income": -4163000,
      "net_income": 731000,
      "opex": 5701000,
      "cogs": 56769000,
      "rd": null,
      "sga": 5701000,
      "fcf": -13399000,
      "ocf": -12849000,
      "capex": -550000,
      "gross_margin": 0.026377621897885332,
      "op_margin": -0.07139794535819027,
      "fcf_margin": -0.22980088154080985,
      "op_leverage_ratio": Infinity,
      "fcf_margin_change": 0.37854092924250654
    },
    {
      "date": "2021-12-31T00:00:00",
      "quarter_label": "2021-12 (Q4)",
      "revenue": 75019000,
      "gross_profit": 6607000,
      "operating_income": 63000,
      "net_income": 1165000,
      "opex": 6544000,
      "cogs": 68412000,
      "rd": null,
      "sga": 6386000,
      "fcf": 1254000,
      "ocf": 1561000,
      "capex": -307000,
      "gross_margin": 0.08807102200775803,
      "op_margin": 0.0008397872538956798,
      "fcf_margin": 0.01671576533944734,
      "incr_op_margin_yoy": 0.6428026890290387,
      "rev_growth_yoy": 0.2381416075259944,
      "op_leverage_ratio": 1.9383455278571002,
      "fcf_margin_change": 0.2465166468802572
    },
    {
      "date": "2022-03-31T00:00:00",
      "quarter_label": "2022-03 (Q1)",
      "revenue": 93236000,
      "gross_profit": 10058000,
      "operating_income": -655000,
      "net_income": null,
      "opex": 10713000,
      "cogs": 83178000,
      "rd": null,
      "sga": 10713000,
      "fcf": 6685000,
      "ocf": 7645000,
      "capex": -960000,
      "gross_margin": 0.10787678579089623,
      "op_margin": -0.007025183405551504,
      "fcf_margin": 0.07169977262001802,
      "incr_op_margin_yoy": 0.21920283902342852,
      "rev_growth_yoy": 1.8803212851405622,
      "rev_growth_yoy_accel": 1.6421796776145678,
      "op_leverage_ratio": 0.3811684824924707,
      "fcf_margin_change": 0.05498400728057068
    },
    {
      "date": "2022-06-30T00:00:00",
      "quarter_label": "2022-06 (Q2)",
      "revenue": 56786000,
      "gross_profit": 6589000,
      "operating_income": 2536000,
      "net_income": null,
      "opex": 4053000,
      "cogs": 50197000,
      "rd": null,
      "sga": 4053000,
      "fcf": -11889000,
      "ocf": -10041000,
      "capex": -1848000,
      "gross_margin": 0.11603212059310393,
      "op_margin": 0.0446588947980136,
      "fcf_margin": -0.2093649843271229,
      "incr_op_margin_yoy": 0.26101276245368465,
      "rev_growth_yoy": 0.5202120254858917,
      "rev_growth_yoy_accel": -1.3601092596546704,
      "fcf_margin_change": -0.2810647569471409
    },
    {
      "date": "2022-09-30T00:00:00",
      "quarter_label": "2022-09 (Q3)",
      "revenue": 85743000,
      "gross_profit": 4554000,
      "operating_income": -10663000,
      "net_income": null,
      "opex": 15217000,
      "cogs": 81189000,
      "rd": null,
      "sga": 7112000,
      "fcf": -11761000,
      "ocf": -11189000,
      "capex": -572000,
      "gross_margin": 0.053112207410517476,
      "op_margin": -0.12436000606463501,
      "fcf_margin": -0.13716571615175582,
      "incr_op_margin_yoy": -0.23691500218690772,
      "rev_growth_yoy": 0.47054384550740047,
      "rev_growth_yoy_accel": -0.04966817997849127,
      "op_leverage_ratio": 0.18512670184059754,
      "fcf_margin_change": 0.07219926817536707
    },
    {
      "date": "2022-12-31T00:00:00",
      "quarter_label": "2022-12 (Q4)",
      "revenue": 128989000,
      "gross_profit": 4622000,
      "operating_income": -6242000,
      "net_income": null,
      "opex": 10864000,
      "cogs": 124367000,
      "rd": null,
      "sga": 6349000,
      "fcf": 20652000,
      "ocf": 25088000,
      "capex": -4436000,
      "gross_margin": 0.03583251284993294,
      "op_margin": -0.04839172332524479,
      "fcf_margin": 0.16010667576304957,
      "incr_op_margin_yoy": -0.11682416157124328,
      "rev_growth_yoy": 0.7194177475039657,
      "rev_growth_yoy_accel": 0.24887390199656523,
      "op_leverage_ratio": Infinity,
      "fcf_margin_change": 0.29727239191480537
    },
    {
      "date": "2023-03-31T00:00:00",
      "quarter_label": "2023-03 (Q1)",
      "revenue": 80999000,
      "gross_profit": 7485000,
      "operating_income": 1097000,
      "net_income": null,
      "opex": 6388000,
      "cogs": 73514000,
      "rd": null,
      "sga": 6388000,
      "fcf": -9664000,
      "ocf": -7704000,
      "capex": -1960000,
      "gross_margin": 0.09240854825368214,
      "op_margin": 0.013543377078729367,
      "fcf_margin": -0.11931011493969061,
      "incr_op_margin_yoy": -0.14317234616327532,
      "rev_growth_yoy": -0.13124758676905915,
      "rev_growth_yoy_accel": -0.8506653342730248,
      "fcf_margin_change": -0.27941679070274017
    },
    {
      "date": "2023-06-30T00:00:00",
      "quarter_label": "2023-06 (Q2)",
      "revenue": 88596000,
      "gross_profit": 12955000,
      "operating_income": 7726000,
      "net_income": null,
      "opex": 5229000,
      "cogs": 75641000,
      "rd": null,
      "sga": 5851000,
      "fcf": -20866000,
      "ocf": -17872000,
      "capex": -2994000,
      "gross_margin": 0.14622556323084562,
      "op_margin": 0.08720483994762743,
      "fcf_margin": -0.23551853356810692,
      "incr_op_margin_yoy": 0.16315624017604527,
      "rev_growth_yoy": 0.560173282147008,
      "rev_growth_yoy_accel": 0.6914208689160671,
      "op_leverage_ratio": Infinity,
      "fcf_margin_change": -0.11620841862841631
    },
    {
      "date": "2023-09-30T00:00:00",
      "quarter_label": "2023-09 (Q3)",
      "revenue": 61894000,
      "gross_profit": 9225000,
      "operating_income": 1401000,
      "net_income": null,
      "opex": 7824000,
      "cogs": 52669000,
      "rd": null,
      "sga": 7511000,
      "fcf": -4851000,
      "ocf": -834000,
      "capex": -4017000,
      "gross_margin": 0.1490451416938637,
      "op_margin": 0.022635473551555887,
      "fcf_margin": -0.07837593304682199,
      "incr_op_margin_yoy": -0.5058493018575202,
      "rev_growth_yoy": -0.27814515470650664,
      "rev_growth_yoy_accel": -0.8383184368535146,
      "fcf_margin_change": 0.15714260052128493
    },
    {
      "date": "2023-12-31T00:00:00",
      "quarter_label": "2023-12 (Q4)",
      "revenue": 126604000,
      "gross_profit": 12098000,
      "operating_income": 268000,
      "net_income": null,
      "opex": 11830000,
      "cogs": 114506000,
      "rd": null,
      "sga": 7739000,
      "fcf": 27428000,
      "ocf": 31179000,
      "capex": -3751000,
      "gross_margin": 0.09555780228112856,
      "op_margin": 0.0021168367508135606,
      "fcf_margin": 0.21664402388550125,
      "incr_op_margin_yoy": -2.729559748427673,
      "rev_growth_yoy": -0.018489948755320222,
      "rev_growth_yoy_accel": 0.2596552059511864,
      "op_leverage_ratio": 2.041929512104029,
      "fcf_margin_change": 0.29501995693232325
    },
    {
      "date": "2024-03-31T00:00:00",
      "quarter_label": "2024-03 (Q1)",
      "revenue": 161058000,
      "gross_profit": 11403000,
      "operating_income": 3910000,
      "net_income": null,
      "opex": 7493000,
      "cogs": 149655000,
      "rd": null,
      "sga": 7493000,
      "fcf": -26288000,
      "ocf": -25322000,
      "capex": -966000,
      "gross_margin": 0.07080058115709868,
      "op_margin": 0.024276968545492928,
      "fcf_margin": -0.16322070310074632,
      "incr_op_margin_yoy": 0.03513658676725915,
      "rev_growth_yoy": 0.9883949184557834,
      "rev_growth_yoy_accel": 1.0068848672111037,
      "op_leverage_ratio": Infinity,
      "fcf_margin_change": -0.37986472698624757
    },
    {
      "date": "2024-06-30T00:00:00",
      "quarter_label": "2024-06 (Q2)",
      "revenue": 147416000,
      "gross_profit": 18430000,
      "operating_income": 13134000,
      "net_income": null,
      "opex": 5296000,
      "cogs": 128986000,
      "rd": null,
      "sga": 8510000,
      "fcf": 55894000,
      "ocf": 57197000,
      "capex": -1303000,
      "gross_margin": 0.12502035057252944,
      "op_margin": 0.08909480653389049,
      "fcf_margin": 0.37915830032018233,
      "incr_op_margin_yoy": 0.09194151649098946,
      "rev_growth_yoy": 0.663912591990609,
      "rev_growth_yoy_accel": -0.3244823264651744,
      "fcf_margin_change": 0.5423790034209286
    },
    {
      "date": "2024-09-30T00:00:00",
      "quarter_label": "2024-09 (Q3)",
      "revenue": 113255000,
      "gross_profit": 16196000,
      "operating_income": 8658000,
      "net_income": null,
      "opex": 7538000,
      "cogs": 97059000,
      "rd": null,
      "sga": 7538000,
      "fcf": 5710000,
      "ocf": 7172000,
      "capex": -1462000,
      "gross_margin": 0.14300472385325153,
      "op_margin": 0.07644695598428325,
      "fcf_margin": 0.05041720012361485,
      "incr_op_margin_yoy": 0.14129397792099063,
      "rev_growth_yoy": 0.8298219536627137,
      "rev_growth_yoy_accel": 0.16590936167210468,
      "fcf_margin_change": -0.3287411001965675
    },
    {
      "date": "2024-12-31T00:00:00",
      "quarter_label": "2024-12 (Q4)",
      "revenue": 137696000,
      "gross_profit": 21013000,
      "operating_income": 11639000,
      "net_income": null,
      "opex": 9374000,
      "cogs": 116683000,
      "rd": null,
      "sga": 9374000,
      "fcf": 4598000,
      "ocf": 5886000,
      "capex": -1288000,
      "gross_margin": 0.15260428770625145,
      "op_margin": 0.08452678363932141,
      "fcf_margin": 0.03339240065070881,
      "incr_op_margin_yoy": 1.025153263613415,
      "rev_growth_yoy": 0.08761176582098512,
      "rev_growth_yoy_accel": -0.7422101878417287,
      "op_leverage_ratio": 0.8860230961249744,
      "fcf_margin_change": -0.01702479947290604
    },
    {
      "date": "2025-03-31T00:00:00",
      "quarter_label": "2025-03 (Q1)",
      "revenue": 96290000,
      "gross_profit": 14394000,
      "operating_income": 3871000,
      "net_income": null,
      "opex": 10523000,
      "cogs": 81896000,
      "rd": null,
      "sga": 10523000,
      "fcf": 12464000,
      "ocf": 12794000,
      "capex": -330000,
      "gross_margin": 0.1494859279260567,
      "op_margin": 0.04020147471180808,
      "fcf_margin": 0.1294423096894797,
      "incr_op_margin_yoy": 0.000602149209486166,
      "rev_growth_yoy": -0.40214084367122405,
      "rev_growth_yoy_accel": -0.48975260949220917,
      "fcf_margin_change": 0.09604990903877089
    },
    {
      "date": "2025-06-30T00:00:00",
      "quarter_label": "2025-06 (Q2)",
      "revenue": 118623000,
      "gross_profit": 17821000,
      "operating_income": 7707000,
      "net_income": null,
      "opex": 10114000,
      "cogs": 100802000,
      "rd": null,
      "sga": 10114000,
      "fcf": 7920000,
      "ocf": 8528000,
      "capex": -608000,
      "gross_margin": 0.15023224838353438,
      "op_margin": 0.06497053691105435,
      "fcf_margin": 0.06676614147340736,
      "incr_op_margin_yoy": 0.18848331191609072,
      "rev_growth_yoy": -0.19531801161339338,
      "rev_growth_yoy_accel": 0.20682283205783067,
      "op_leverage_ratio": Infinity,
      "fcf_margin_change": -0.06267616821607234
    },
    {
      "date": "2025-09-30T00:00:00",
      "quarter_label": "2025-09 (Q3)",
      "revenue": 160511000,
      "gross_profit": 24205000,
      "operating_income": 14558000,
      "net_income": null,
      "opex": 9647000,
      "cogs": 136306000,
      "rd": null,
      "sga": 9647000,
      "fcf": 2246000,
      "ocf": 3410000,
      "capex": -1164000,
      "gross_margin": 0.15079963366996654,
      "op_margin": 0.09069783379332258,
      "fcf_margin": 0.013992810461588302,
      "incr_op_margin_yoy": 0.12485187066192653,
      "rev_growth_yoy": 0.41725310140832633,
      "rev_growth_yoy_accel": 0.6125711130217197,
      "op_leverage_ratio": Infinity,
      "fcf_margin_change": -0.05277333101181905
    }
  ],
  "signals": [
    {
      "quarter": "2025-09 (Q3)",
      "signal": "YoY REVENUE GROWTH ACCELERATION",
      "detail": "YoY growth: +41.7% vs prior quarter YoY: -19.5% (accel: +61.3%)",
      "severity": "HIGH"
    },
    {
      "quarter": "2025-06 (Q2)",
      "signal": "YoY REVENUE GROWTH ACCELERATION",
      "detail": "YoY growth: -19.5% vs prior quarter YoY: -40.2% (accel: +20.7%)",
      "severity": "HIGH"
    },
    {
      "quarter": "2025-03 (Q1)",
      "signal": "FCF MARGIN EXPANSION",
      "detail": "FCF margin: +3.3% -> +12.9% (+9.6%)",
      "severity": "MEDIUM"
    },
    {
      "quarter": "2025-03 (Q1)",
      "signal": "YoY REVENUE GROWTH DECELERATION",
      "detail": "YoY growth: -40.2% vs prior quarter YoY: +8.8% (decel: -49.0%)",
      "severity": "WARNING"
    },
    {
      "quarter": "2024-12 (Q4)",
      "signal": "YoY REVENUE GROWTH DECELERATION",
      "detail": "YoY growth: +8.8% vs prior quarter YoY: +83.0% (decel: -74.2%)",
      "severity": "WARNING"
    },
    {
      "quarter": "2024-12 (Q4)",
      "signal": "INCREMENTAL MARGIN (YoY)",
      "detail": "YoY Incr OPM: +102.5% vs year-ago OPM: +0.2%",
      "severity": "HIGH"
    },
    {
      "quarter": "2024-09 (Q3)",
      "signal": "YoY REVENUE GROWTH ACCELERATION",
      "detail": "YoY growth: +83.0% vs prior quarter YoY: +66.4% (accel: +16.6%)",
      "severity": "HIGH"
    },
    {
      "quarter": "2024-09 (Q3)",
      "signal": "INCREMENTAL MARGIN (YoY)",
      "detail": "YoY Incr OPM: +14.1% vs year-ago OPM: +2.3%",
      "severity": "MEDIUM"
    },
    {
      "quarter": "2024-06 (Q2)",
      "signal": "FCF TURNED POSITIVE",
      "detail": "FCF margin: -16.3% -> +37.9%",
      "severity": "HIGH"
    },
    {
      "quarter": "2024-06 (Q2)",
      "signal": "GROSS MARGIN INFLECTION",
      "detail": "GM: +9.6% -> +7.1% -> +12.5% (reversal +5.4%)",
      "severity": "HIGH"
    },
    {
      "quarter": "2024-06 (Q2)",
      "signal": "YoY REVENUE GROWTH DECELERATION",
      "detail": "YoY growth: +66.4% vs prior quarter YoY: +98.8% (decel: -32.4%)",
      "severity": "WARNING"
    },
    {
      "quarter": "2024-03 (Q1)",
      "signal": "YoY REVENUE GROWTH ACCELERATION",
      "detail": "YoY growth: +98.8% vs prior quarter YoY: -1.8% (accel: +100.7%)",
      "severity": "HIGH"
    },
    {
      "quarter": "2023-12 (Q4)",
      "signal": "FCF TURNED POSITIVE",
      "detail": "FCF margin: -7.8% -> +21.7%",
      "severity": "HIGH"
    },
    {
      "quarter": "2023-12 (Q4)",
      "signal": "OPERATING LEVERAGE",
      "detail": "Rev growth +104.5% vs OpEx growth +51.2% (leverage: 2.0x)",
      "severity": "MEDIUM"
    },
    {
      "quarter": "2023-12 (Q4)",
      "signal": "YoY REVENUE GROWTH ACCELERATION",
      "detail": "YoY growth: -1.8% vs prior quarter YoY: -27.8% (accel: +26.0%)",
      "severity": "HIGH"
    },
    {
      "quarter": "2023-12 (Q4)",
      "signal": "OP MARGIN TURNED POSITIVE (YoY)",
      "detail": "Op margin: -4.8% (year-ago) -> +0.2%",
      "severity": "HIGH"
    },
    {
      "quarter": "2023-09 (Q3)",
      "signal": "FCF MARGIN EXPANSION",
      "detail": "FCF margin: -23.6% -> -7.8% (+15.7%)",
      "severity": "MEDIUM"
    },
    {
      "quarter": "2023-09 (Q3)",
      "signal": "YoY REVENUE GROWTH DECELERATION",
      "detail": "YoY growth: -27.8% vs prior quarter YoY: +56.0% (decel: -83.8%)",
      "severity": "WARNING"
    },
    {
      "quarter": "2023-09 (Q3)",
      "signal": "OP MARGIN TURNED POSITIVE (YoY)",
      "detail": "Op margin: -12.4% (year-ago) -> +2.3%",
      "severity": "HIGH"
    },
    {
      "quarter": "2023-06 (Q2)",
      "signal": "YoY REVENUE GROWTH ACCELERATION",
      "detail": "YoY growth: +56.0% vs prior quarter YoY: -13.1% (accel: +69.1%)",
      "severity": "HIGH"
    },
    {
      "quarter": "2023-06 (Q2)",
      "signal": "INCREMENTAL MARGIN (YoY)",
      "detail": "YoY Incr OPM: +16.3% vs year-ago OPM: +4.5%",
      "severity": "MEDIUM"
    },
    {
      "quarter": "2023-03 (Q1)",
      "signal": "GROSS MARGIN INFLECTION",
      "detail": "GM: +5.3% -> +3.6% -> +9.2% (reversal +5.7%)",
      "severity": "HIGH"
    },
    {
      "quarter": "2023-03 (Q1)",
      "signal": "YoY REVENUE GROWTH DECELERATION",
      "detail": "YoY growth: -13.1% vs prior quarter YoY: +71.9% (decel: -85.1%)",
      "severity": "WARNING"
    },
    {
      "quarter": "2023-03 (Q1)",
      "signal": "OP MARGIN TURNED POSITIVE (YoY)",
      "detail": "Op margin: -0.7% (year-ago) -> +1.4%",
      "severity": "HIGH"
    },
    {
      "quarter": "2023-03 (Q1)",
      "signal": "OP MARGIN TURNED POSITIVE (QoQ)",
      "detail": "Op margin: -4.8% -> +1.4%",
      "severity": "HIGH"
    },
    {
      "quarter": "2022-12 (Q4)",
      "signal": "FCF TURNED POSITIVE",
      "detail": "FCF margin: -13.7% -> +16.0%",
      "severity": "HIGH"
    },
    {
      "quarter": "2022-12 (Q4)",
      "signal": "YoY REVENUE GROWTH ACCELERATION",
      "detail": "YoY growth: +71.9% vs prior quarter YoY: +47.1% (accel: +24.9%)",
      "severity": "HIGH"
    },
    {
      "quarter": "2022-09 (Q3)",
      "signal": "FCF MARGIN EXPANSION",
      "detail": "FCF margin: -20.9% -> -13.7% (+7.2%)",
      "severity": "MEDIUM"
    },
    {
      "quarter": "2022-06 (Q2)",
      "signal": "YoY REVENUE GROWTH DECELERATION",
      "detail": "YoY growth: +52.0% vs prior quarter YoY: +188.0% (decel: -136.0%)",
      "severity": "WARNING"
    },
    {
      "quarter": "2022-06 (Q2)",
      "signal": "OP MARGIN TURNED POSITIVE (YoY)",
      "detail": "Op margin: -6.8% (year-ago) -> +4.5%",
      "severity": "HIGH"
    },
    {
      "quarter": "2022-06 (Q2)",
      "signal": "OP MARGIN TURNED POSITIVE (QoQ)",
      "detail": "Op margin: -0.7% -> +4.5%",
      "severity": "HIGH"
    },
    {
      "quarter": "2022-03 (Q1)",
      "signal": "FCF MARGIN EXPANSION",
      "detail": "FCF margin: +1.7% -> +7.2% (+5.5%)",
      "severity": "MEDIUM"
    },
    {
      "quarter": "2022-03 (Q1)",
      "signal": "YoY REVENUE GROWTH ACCELERATION",
      "detail": "YoY growth: +188.0% vs prior quarter YoY: +23.8% (accel: +164.2%)",
      "severity": "HIGH"
    },
    {
      "quarter": "2021-12 (Q4)",
      "signal": "FCF TURNED POSITIVE",
      "detail": "FCF margin: -23.0% -> +1.7%",
      "severity": "HIGH"
    },
    {
      "quarter": "2021-12 (Q4)",
      "signal": "OPERATING LEVERAGE",
      "detail": "Rev growth +28.7% vs OpEx growth +14.8% (leverage: 1.9x)",
      "severity": "MEDIUM"
    },
    {
      "quarter": "2021-12 (Q4)",
      "signal": "GROSS MARGIN INFLECTION",
      "detail": "GM: +9.7% -> +2.6% -> +8.8% (reversal +6.2%)",
      "severity": "HIGH"
    },
    {
      "quarter": "2021-12 (Q4)",
      "signal": "OP MARGIN TURNED POSITIVE (YoY)",
      "detail": "Op margin: -15.2% (year-ago) -> +0.1%",
      "severity": "HIGH"
    },
    {
      "quarter": "2021-12 (Q4)",
      "signal": "OP MARGIN TURNED POSITIVE (QoQ)",
      "detail": "Op margin: -7.1% -> +0.1%",
      "severity": "HIGH"
    },
    {
      "quarter": "2021-09 (Q3)",
      "signal": "FCF MARGIN EXPANSION",
      "detail": "FCF margin: -60.8% -> -23.0% (+37.9%)",
      "severity": "MEDIUM"
    },
    {
      "quarter": "2021-06 (Q2)",
      "signal": "FCF MARGIN EXPANSION",
      "detail": "FCF margin: -70.5% -> -60.8% (+9.7%)",
      "severity": "MEDIUM"
    },
    {
      "quarter": "2021-06 (Q2)",
      "signal": "GROSS MARGIN INFLECTION",
      "detail": "GM: +9.1% -> +5.6% -> +9.7% (reversal +4.2%)",
      "severity": "MEDIUM"
    }
  ],
  "data_quality": {
    "n_quarters": 20,
    "coverage": {
      "revenue": [
        20,
        20
      ],
      "gross_profit": [
        20,
        20
      ],
      "op_income": [
        20,
        20
      ],
      "fcf": [
        20,
        20
      ]
    },
    "gaps": [],
    "warnings": []
  },
  "market_cap": null,
  "source": "SEC EDGAR",
  "last_updated": "2026-02-02T22:56:19.596638"
}