{
  "ticker": "RBBN",
  "name": "RIBBON COMMUNICATIONS\u00a0INC.",
  "quarters": [
    {
      "date": "2020-12-31T00:00:00",
      "quarter_label": "2020-12 (Q4)",
      "revenue": 244202000,
      "gross_profit": 144362000,
      "operating_income": 16900000,
      "net_income": 123760000,
      "opex": 159009000,
      "cogs": 99840000,
      "rd": 51321000,
      "sga": null,
      "fcf": 28280000,
      "ocf": 36316000,
      "capex": -8036000,
      "gross_margin": 0.5911581395729765,
      "op_margin": 0.06920500241603263,
      "fcf_margin": 0.11580576735653271
    },
    {
      "date": "2021-03-31T00:00:00",
      "quarter_label": "2021-03 (Q1)",
      "revenue": 192772000,
      "gross_profit": 110547000,
      "operating_income": -12604000,
      "net_income": -44687000,
      "opex": 123151000,
      "cogs": 92286000,
      "rd": 47410000,
      "sga": null,
      "fcf": -11569000,
      "ocf": -6212000,
      "capex": -5357000,
      "gross_margin": 0.5734598385657668,
      "op_margin": -0.0653829394310377,
      "fcf_margin": -0.060013902433963436,
      "fcf_margin_change": -0.17581966979049615
    },
    {
      "date": "2021-06-30T00:00:00",
      "quarter_label": "2021-06 (Q2)",
      "revenue": 211210000,
      "gross_profit": 128427000,
      "operating_income": 12952000,
      "net_income": 23241000,
      "opex": 115475000,
      "cogs": 92483000,
      "rd": 46797000,
      "sga": null,
      "fcf": 9029000,
      "ocf": 14242000,
      "capex": -5213000,
      "gross_margin": 0.6080535959471616,
      "op_margin": 0.0613228540315326,
      "fcf_margin": 0.04274892287297003,
      "op_leverage_ratio": Infinity,
      "fcf_margin_change": 0.10276282530693347
    },
    {
      "date": "2021-09-30T00:00:00",
      "quarter_label": "2021-09 (Q3)",
      "revenue": 210398000,
      "gross_profit": 120328000,
      "operating_income": 1992000,
      "net_income": -59431000,
      "opex": 118336000,
      "cogs": 99744000,
      "rd": 49132000,
      "sga": null,
      "fcf": -3840000,
      "ocf": -131000,
      "capex": -3709000,
      "gross_margin": 0.5719065770587173,
      "op_margin": 0.00946777060618447,
      "fcf_margin": -0.01825112406011464,
      "fcf_margin_change": -0.06100004693308467
    },
    {
      "date": "2021-12-31T00:00:00",
      "quarter_label": "2021-12 (Q4)",
      "revenue": 230577000,
      "gross_profit": 114793000,
      "operating_income": -120136000,
      "net_income": -96308000,
      "opex": 205494000,
      "cogs": 115784000,
      "rd": 51609000,
      "sga": null,
      "fcf": 8430000,
      "ocf": 11283000,
      "capex": -2853000,
      "gross_margin": 0.49785104325236257,
      "op_margin": -0.5210233457803684,
      "fcf_margin": 0.03656045485889746,
      "incr_op_margin_yoy": 10.057688073394495,
      "rev_growth_yoy": -0.05579397384132808,
      "op_leverage_ratio": 0.13021699299439707,
      "fcf_margin_change": 0.0548115789190121
    },
    {
      "date": "2022-03-31T00:00:00",
      "quarter_label": "2022-03 (Q1)",
      "revenue": 173198000,
      "gross_profit": 78055000,
      "operating_income": -39054000,
      "net_income": -69975000,
      "opex": 117109000,
      "cogs": 95143000,
      "rd": 52690000,
      "sga": null,
      "fcf": 11559000,
      "ocf": 15030000,
      "capex": -3471000,
      "gross_margin": 0.45066917631843323,
      "op_margin": -0.22548759223547615,
      "fcf_margin": 0.0667386459427938,
      "incr_op_margin_yoy": 1.3512823132727088,
      "rev_growth_yoy": -0.10153964268669724,
      "rev_growth_yoy_accel": -0.04574566884536916,
      "fcf_margin_change": 0.03017819108389634
    },
    {
      "date": "2022-06-30T00:00:00",
      "quarter_label": "2022-06 (Q2)",
      "revenue": 205796000,
      "gross_profit": 104550000,
      "operating_income": -7239000,
      "net_income": -30180000,
      "opex": 111789000,
      "cogs": 101246000,
      "rd": 51103000,
      "sga": null,
      "fcf": -42461000,
      "ocf": -39417000,
      "capex": -3044000,
      "gross_margin": 0.5080273669070342,
      "op_margin": -0.035175610799043716,
      "fcf_margin": -0.20632568174308538,
      "incr_op_margin_yoy": 3.7294052456594016,
      "rev_growth_yoy": -0.02563325600113631,
      "rev_growth_yoy_accel": 0.07590638668556093,
      "op_leverage_ratio": Infinity,
      "fcf_margin_change": -0.2730643276858792
    },
    {
      "date": "2022-09-30T00:00:00",
      "quarter_label": "2022-09 (Q3)",
      "revenue": 207127000,
      "gross_profit": 104318000,
      "operating_income": -3296000,
      "net_income": -18416000,
      "opex": 107614000,
      "cogs": 102809000,
      "rd": 49366000,
      "sga": null,
      "fcf": -21304000,
      "ocf": -18075000,
      "capex": -3229000,
      "gross_margin": 0.5036426926475062,
      "op_margin": -0.01591294230110029,
      "fcf_margin": -0.10285477026172349,
      "incr_op_margin_yoy": 1.6166309996942831,
      "rev_growth_yoy": -0.015546725729332028,
      "rev_growth_yoy_accel": 0.010086530271804282,
      "fcf_margin_change": 0.1034709114813619
    },
    {
      "date": "2022-12-31T00:00:00",
      "quarter_label": "2022-12 (Q4)",
      "revenue": 233639000,
      "gross_profit": 114013000,
      "operating_income": 1265000,
      "net_income": 20488000,
      "opex": 112748000,
      "cogs": 119626000,
      "rd": 50517000,
      "sga": null,
      "fcf": 15588000,
      "ocf": 16098000,
      "capex": -510000,
      "gross_margin": 0.4879878787359987,
      "op_margin": 0.005414335791541652,
      "fcf_margin": 0.06671831329529744,
      "incr_op_margin_yoy": 39.64761593729588,
      "rev_growth_yoy": 0.013279728680657655,
      "rev_growth_yoy_accel": 0.028826454409989682,
      "op_leverage_ratio": 2.6829877276504583,
      "fcf_margin_change": 0.16957308355702094
    },
    {
      "date": "2023-03-31T00:00:00",
      "quarter_label": "2023-03 (Q1)",
      "revenue": 186159000,
      "gross_profit": 81402000,
      "operating_income": -35189000,
      "net_income": -38305000,
      "opex": 116591000,
      "cogs": 104757000,
      "rd": 51304000,
      "sga": null,
      "fcf": 8720000,
      "ocf": 11133000,
      "capex": -2413000,
      "gross_margin": 0.43727136480105716,
      "op_margin": -0.1890265848011646,
      "fcf_margin": 0.04684167835022749,
      "incr_op_margin_yoy": 0.2982022992053082,
      "rev_growth_yoy": 0.07483342763773254,
      "rev_growth_yoy_accel": 0.06155369895707489,
      "fcf_margin_change": -0.01987663494506995
    },
    {
      "date": "2023-06-30T00:00:00",
      "quarter_label": "2023-06 (Q2)",
      "revenue": 210618000,
      "gross_profit": 101470000,
      "operating_income": -6622000,
      "net_income": -21479000,
      "opex": 108092000,
      "cogs": 109148000,
      "rd": 47776000,
      "sga": null,
      "fcf": -4237000,
      "ocf": -2559000,
      "capex": -1678000,
      "gross_margin": 0.48177268799437845,
      "op_margin": -0.031440807528321416,
      "fcf_margin": -0.020116989051268172,
      "incr_op_margin_yoy": 0.12795520530900042,
      "rev_growth_yoy": 0.023430970475616632,
      "rev_growth_yoy_accel": -0.05140245716211591,
      "op_leverage_ratio": Infinity,
      "fcf_margin_change": -0.06695866740149567
    },
    {
      "date": "2023-09-30T00:00:00",
      "quarter_label": "2023-09 (Q3)",
      "revenue": 203161000,
      "gross_profit": 103503000,
      "operating_income": 856000,
      "net_income": -13501000,
      "opex": 102647000,
      "cogs": 99658000,
      "rd": 46229000,
      "sga": null,
      "fcf": -14155000,
      "ocf": -11626000,
      "capex": -2529000,
      "gross_margin": 0.5094629382607883,
      "op_margin": 0.004213407100772294,
      "fcf_margin": -0.06967380550400913,
      "incr_op_margin_yoy": -1.0468986384266263,
      "rev_growth_yoy": -0.019147672683908906,
      "rev_growth_yoy_accel": -0.04257864315952554,
      "fcf_margin_change": -0.04955681645274096
    },
    {
      "date": "2023-12-31T00:00:00",
      "quarter_label": "2023-12 (Q4)",
      "revenue": 226401000,
      "gross_profit": 121708000,
      "operating_income": 16670000,
      "net_income": 7079000,
      "opex": 105038000,
      "cogs": 104693000,
      "rd": 45351000,
      "sga": null,
      "fcf": 17378000,
      "ocf": 20139000,
      "capex": -2761000,
      "gross_margin": 0.5375771308430617,
      "op_margin": 0.0736304168267808,
      "fcf_margin": 0.07675761149464888,
      "incr_op_margin_yoy": -2.128350373031224,
      "rev_growth_yoy": -0.030979416963777453,
      "rev_growth_yoy_accel": -0.011831744279868547,
      "op_leverage_ratio": 4.910915560083133,
      "fcf_margin_change": 0.14643141699865803
    },
    {
      "date": "2024-03-31T00:00:00",
      "quarter_label": "2024-03 (Q1)",
      "revenue": 179664000,
      "gross_profit": 91955000,
      "operating_income": -13486000,
      "net_income": -30361000,
      "opex": 105441000,
      "cogs": 87709000,
      "rd": 45763000,
      "sga": null,
      "fcf": 10587000,
      "ocf": 13100000,
      "capex": -2513000,
      "gross_margin": 0.5118165019146852,
      "op_margin": -0.07506233858758572,
      "fcf_margin": 0.05892666310446166,
      "incr_op_margin_yoy": -3.341493456505004,
      "rev_growth_yoy": -0.034889529917973346,
      "rev_growth_yoy_accel": -0.003910112954195893,
      "fcf_margin_change": -0.017830948390187222
    },
    {
      "date": "2024-06-30T00:00:00",
      "quarter_label": "2024-06 (Q2)",
      "revenue": 192620000,
      "gross_profit": 97867000,
      "operating_income": -1935000,
      "net_income": -16816000,
      "opex": 99802000,
      "cogs": 94753000,
      "rd": 43489000,
      "sga": null,
      "fcf": -12878000,
      "ocf": -9778000,
      "capex": -3100000,
      "gross_margin": 0.5080832727650296,
      "op_margin": -0.010045685806250648,
      "fcf_margin": -0.06685702419271104,
      "incr_op_margin_yoy": -0.26041782420268916,
      "rev_growth_yoy": -0.08545328509434141,
      "rev_growth_yoy_accel": -0.05056375517636807,
      "op_leverage_ratio": Infinity,
      "fcf_margin_change": -0.1257836872971727
    },
    {
      "date": "2024-09-30T00:00:00",
      "quarter_label": "2024-09 (Q3)",
      "revenue": 210238000,
      "gross_profit": 109617000,
      "operating_income": -927000,
      "net_income": -13422000,
      "opex": 110544000,
      "cogs": 100621000,
      "rd": 45645000,
      "sga": null,
      "fcf": -23664000,
      "ocf": -14849000,
      "capex": -8815000,
      "gross_margin": 0.5213948001788449,
      "op_margin": -0.004409288520629002,
      "fcf_margin": -0.11255814838421217,
      "incr_op_margin_yoy": -0.2519429136639819,
      "rev_growth_yoy": 0.03483444164972608,
      "rev_growth_yoy_accel": 0.12028772674406749,
      "op_leverage_ratio": 0.8497855140671025,
      "fcf_margin_change": -0.04570112419150113
    },
    {
      "date": "2024-12-31T00:00:00",
      "quarter_label": "2024-12 (Q4)",
      "revenue": 251359000,
      "gross_profit": 140073000,
      "operating_income": 33220000,
      "net_income": 6364000,
      "opex": 106853000,
      "cogs": 111286000,
      "rd": 45044000,
      "sga": null,
      "fcf": 53789000,
      "ocf": 61767000,
      "capex": -7978000,
      "gross_margin": 0.557262719854869,
      "op_margin": 0.13216156970707235,
      "fcf_margin": 0.21399273548987702,
      "incr_op_margin_yoy": 0.6631140315730427,
      "rev_growth_yoy": 0.11023802898397092,
      "rev_growth_yoy_accel": 0.07540358733424485,
      "op_leverage_ratio": Infinity,
      "fcf_margin_change": 0.3265508838740892
    },
    {
      "date": "2025-03-31T00:00:00",
      "quarter_label": "2025-03 (Q1)",
      "revenue": 181279000,
      "gross_profit": 82370000,
      "operating_income": -19610000,
      "net_income": -26227000,
      "opex": 101980000,
      "cogs": 98909000,
      "rd": 43568000,
      "sga": null,
      "fcf": -15684000,
      "ocf": -3535000,
      "capex": -12149000,
      "gross_margin": 0.45438247121839814,
      "op_margin": -0.1081757953210245,
      "fcf_margin": -0.08651857082177196,
      "incr_op_margin_yoy": -3.791950464396285,
      "rev_growth_yoy": 0.008989001692047378,
      "rev_growth_yoy_accel": -0.10124902729192355,
      "fcf_margin_change": -0.30051130631164896
    },
    {
      "date": "2025-06-30T00:00:00",
      "quarter_label": "2025-06 (Q2)",
      "revenue": 220583000,
      "gross_profit": 109307000,
      "operating_income": 4226000,
      "net_income": -11093000,
      "opex": 105081000,
      "cogs": 111276000,
      "rd": 44696000,
      "sga": null,
      "fcf": -6477000,
      "ocf": -795000,
      "capex": -5682000,
      "gross_margin": 0.4955368274073705,
      "op_margin": 0.01915832135749355,
      "fcf_margin": -0.02936309688416605,
      "incr_op_margin_yoy": 0.2203268604942245,
      "rev_growth_yoy": 0.14517184093032914,
      "rev_growth_yoy_accel": 0.13618283923828176,
      "op_leverage_ratio": 7.130212869418081,
      "fcf_margin_change": 0.05715547393760591
    },
    {
      "date": "2025-09-30T00:00:00",
      "quarter_label": "2025-09 (Q3)",
      "revenue": 215371000,
      "gross_profit": 107966000,
      "operating_income": 2763000,
      "net_income": -12109000,
      "opex": 105203000,
      "cogs": 107405000,
      "rd": 45894000,
      "sga": null,
      "fcf": 20952000,
      "ocf": 26489000,
      "capex": -5537000,
      "gross_margin": 0.5013024037590947,
      "op_margin": 0.012829025263382721,
      "fcf_margin": 0.0972832925509934,
      "incr_op_margin_yoy": 0.7188778492109877,
      "rev_growth_yoy": 0.024415186598046024,
      "rev_growth_yoy_accel": -0.12075665433228312,
      "fcf_margin_change": 0.12664638943515943
    }
  ],
  "signals": [
    {
      "quarter": "2025-09 (Q3)",
      "signal": "FCF TURNED POSITIVE",
      "detail": "FCF margin: -2.9% -> +9.7%",
      "severity": "HIGH"
    },
    {
      "quarter": "2025-09 (Q3)",
      "signal": "YoY REVENUE GROWTH DECELERATION",
      "detail": "YoY growth: +2.4% vs prior quarter YoY: +14.5% (decel: -12.1%)",
      "severity": "WARNING"
    },
    {
      "quarter": "2025-09 (Q3)",
      "signal": "OP MARGIN TURNED POSITIVE (YoY)",
      "detail": "Op margin: -0.4% (year-ago) -> +1.3%",
      "severity": "HIGH"
    },
    {
      "quarter": "2025-06 (Q2)",
      "signal": "FCF MARGIN EXPANSION",
      "detail": "FCF margin: -8.7% -> -2.9% (+5.7%)",
      "severity": "MEDIUM"
    },
    {
      "quarter": "2025-06 (Q2)",
      "signal": "OPERATING LEVERAGE",
      "detail": "Rev growth +21.7% vs OpEx growth +3.0% (leverage: 7.1x)",
      "severity": "MEDIUM"
    },
    {
      "quarter": "2025-06 (Q2)",
      "signal": "GROSS MARGIN INFLECTION",
      "detail": "GM: +55.7% -> +45.4% -> +49.6% (reversal +4.1%)",
      "severity": "MEDIUM"
    },
    {
      "quarter": "2025-06 (Q2)",
      "signal": "YoY REVENUE GROWTH ACCELERATION",
      "detail": "YoY growth: +14.5% vs prior quarter YoY: +0.9% (accel: +13.6%)",
      "severity": "MEDIUM"
    },
    {
      "quarter": "2025-06 (Q2)",
      "signal": "OP MARGIN TURNED POSITIVE (YoY)",
      "detail": "Op margin: -1.0% (year-ago) -> +1.9%",
      "severity": "HIGH"
    },
    {
      "quarter": "2025-06 (Q2)",
      "signal": "OP MARGIN TURNED POSITIVE (QoQ)",
      "detail": "Op margin: -10.8% -> +1.9%",
      "severity": "HIGH"
    },
    {
      "quarter": "2025-03 (Q1)",
      "signal": "YoY REVENUE GROWTH DECELERATION",
      "detail": "YoY growth: +0.9% vs prior quarter YoY: +11.0% (decel: -10.1%)",
      "severity": "WARNING"
    },
    {
      "quarter": "2024-12 (Q4)",
      "signal": "FCF TURNED POSITIVE",
      "detail": "FCF margin: -11.3% -> +21.4%",
      "severity": "HIGH"
    },
    {
      "quarter": "2024-12 (Q4)",
      "signal": "YoY REVENUE GROWTH ACCELERATION",
      "detail": "YoY growth: +11.0% vs prior quarter YoY: +3.5% (accel: +7.5%)",
      "severity": "MEDIUM"
    },
    {
      "quarter": "2024-12 (Q4)",
      "signal": "INCREMENTAL MARGIN (YoY)",
      "detail": "YoY Incr OPM: +66.3% vs year-ago OPM: +7.4%",
      "severity": "HIGH"
    },
    {
      "quarter": "2024-12 (Q4)",
      "signal": "OP MARGIN TURNED POSITIVE (QoQ)",
      "detail": "Op margin: -0.4% -> +13.2%",
      "severity": "HIGH"
    },
    {
      "quarter": "2024-09 (Q3)",
      "signal": "YoY REVENUE GROWTH ACCELERATION",
      "detail": "YoY growth: +3.5% vs prior quarter YoY: -8.5% (accel: +12.0%)",
      "severity": "MEDIUM"
    },
    {
      "quarter": "2024-06 (Q2)",
      "signal": "YoY REVENUE GROWTH DECELERATION",
      "detail": "YoY growth: -8.5% vs prior quarter YoY: -3.5% (decel: -5.1%)",
      "severity": "WARNING"
    },
    {
      "quarter": "2023-12 (Q4)",
      "signal": "FCF TURNED POSITIVE",
      "detail": "FCF margin: -7.0% -> +7.7%",
      "severity": "HIGH"
    },
    {
      "quarter": "2023-12 (Q4)",
      "signal": "OPERATING LEVERAGE",
      "detail": "Rev growth +11.4% vs OpEx growth +2.3% (leverage: 4.9x)",
      "severity": "MEDIUM"
    },
    {
      "quarter": "2023-09 (Q3)",
      "signal": "OP MARGIN TURNED POSITIVE (YoY)",
      "detail": "Op margin: -1.6% (year-ago) -> +0.4%",
      "severity": "HIGH"
    },
    {
      "quarter": "2023-09 (Q3)",
      "signal": "OP MARGIN TURNED POSITIVE (QoQ)",
      "detail": "Op margin: -3.1% -> +0.4%",
      "severity": "HIGH"
    },
    {
      "quarter": "2023-06 (Q2)",
      "signal": "GROSS MARGIN INFLECTION",
      "detail": "GM: +48.8% -> +43.7% -> +48.2% (reversal +4.5%)",
      "severity": "MEDIUM"
    },
    {
      "quarter": "2023-06 (Q2)",
      "signal": "YoY REVENUE GROWTH DECELERATION",
      "detail": "YoY growth: +2.3% vs prior quarter YoY: +7.5% (decel: -5.1%)",
      "severity": "WARNING"
    },
    {
      "quarter": "2023-03 (Q1)",
      "signal": "YoY REVENUE GROWTH ACCELERATION",
      "detail": "YoY growth: +7.5% vs prior quarter YoY: +1.3% (accel: +6.2%)",
      "severity": "MEDIUM"
    },
    {
      "quarter": "2022-12 (Q4)",
      "signal": "FCF TURNED POSITIVE",
      "detail": "FCF margin: -10.3% -> +6.7%",
      "severity": "HIGH"
    },
    {
      "quarter": "2022-12 (Q4)",
      "signal": "OPERATING LEVERAGE",
      "detail": "Rev growth +12.8% vs OpEx growth +4.8% (leverage: 2.7x)",
      "severity": "MEDIUM"
    },
    {
      "quarter": "2022-12 (Q4)",
      "signal": "OP MARGIN TURNED POSITIVE (YoY)",
      "detail": "Op margin: -52.1% (year-ago) -> +0.5%",
      "severity": "HIGH"
    },
    {
      "quarter": "2022-12 (Q4)",
      "signal": "OP MARGIN TURNED POSITIVE (QoQ)",
      "detail": "Op margin: -1.6% -> +0.5%",
      "severity": "HIGH"
    },
    {
      "quarter": "2022-09 (Q3)",
      "signal": "FCF MARGIN EXPANSION",
      "detail": "FCF margin: -20.6% -> -10.3% (+10.3%)",
      "severity": "MEDIUM"
    },
    {
      "quarter": "2022-06 (Q2)",
      "signal": "GROSS MARGIN INFLECTION",
      "detail": "GM: +49.8% -> +45.1% -> +50.8% (reversal +5.7%)",
      "severity": "HIGH"
    },
    {
      "quarter": "2022-06 (Q2)",
      "signal": "YoY REVENUE GROWTH ACCELERATION",
      "detail": "YoY growth: -2.6% vs prior quarter YoY: -10.2% (accel: +7.6%)",
      "severity": "MEDIUM"
    },
    {
      "quarter": "2021-12 (Q4)",
      "signal": "FCF TURNED POSITIVE",
      "detail": "FCF margin: -1.8% -> +3.7%",
      "severity": "HIGH"
    },
    {
      "quarter": "2021-06 (Q2)",
      "signal": "FCF TURNED POSITIVE",
      "detail": "FCF margin: -6.0% -> +4.3%",
      "severity": "HIGH"
    },
    {
      "quarter": "2021-06 (Q2)",
      "signal": "GROSS MARGIN INFLECTION",
      "detail": "GM: +59.1% -> +57.3% -> +60.8% (reversal +3.5%)",
      "severity": "MEDIUM"
    },
    {
      "quarter": "2021-06 (Q2)",
      "signal": "OP MARGIN TURNED POSITIVE (QoQ)",
      "detail": "Op margin: -6.5% -> +6.1%",
      "severity": "HIGH"
    }
  ],
  "data_quality": {
    "n_quarters": 20,
    "coverage": {
      "revenue": [
        20,
        20
      ],
      "gross_profit": [
        20,
        20
      ],
      "op_income": [
        20,
        20
      ],
      "fcf": [
        20,
        20
      ]
    },
    "gaps": [],
    "warnings": []
  },
  "market_cap": null,
  "source": "SEC EDGAR",
  "last_updated": "2026-02-02T22:26:19.626277"
}