{
  "ticker": "RBC",
  "name": "RBC BEARINGS INCORPORATED",
  "quarters": [
    {
      "date": "2020-12-26T00:00:00",
      "quarter_label": "2020-12 (Q4)",
      "revenue": 145861000,
      "gross_profit": 55588000,
      "operating_income": 26541000,
      "net_income": 21569000,
      "opex": 29047000,
      "cogs": 90273000,
      "rd": null,
      "sga": 25739000,
      "fcf": 33306000,
      "ocf": 36107000,
      "capex": -2801000,
      "gross_margin": 0.38110255654355857,
      "op_margin": 0.18196090798774175,
      "fcf_margin": 0.22834068051089737
    },
    {
      "date": "2021-04-03T00:00:00",
      "quarter_label": "2021-04 (Q2)",
      "revenue": 160295000,
      "gross_profit": 62469000,
      "operating_income": 29740000,
      "net_income": 24954000,
      "opex": 32729000,
      "cogs": 97826000,
      "rd": null,
      "sga": 27409000,
      "fcf": 38823000,
      "ocf": 41814000,
      "capex": -2991000,
      "gross_margin": 0.3897127171777036,
      "op_margin": 0.1855329236719798,
      "fcf_margin": 0.2421971989145014,
      "op_leverage_ratio": 0.7806655500420043,
      "fcf_margin_change": 0.013856518403604023
    },
    {
      "date": "2021-07-03T00:00:00",
      "quarter_label": "2021-07 (Q3)",
      "revenue": 156205000,
      "gross_profit": 63773000,
      "operating_income": 30723000,
      "net_income": 24038000,
      "opex": 33050000,
      "cogs": 92432000,
      "rd": null,
      "sga": 29802000,
      "fcf": 49926000,
      "ocf": 53293000,
      "capex": -3367000,
      "gross_margin": 0.4082647802567139,
      "op_margin": 0.19668384494734484,
      "fcf_margin": 0.3196184501136327,
      "fcf_margin_change": 0.07742125119913132
    },
    {
      "date": "2021-10-02T00:00:00",
      "quarter_label": "2021-10 (Q4)",
      "revenue": 160900000,
      "gross_profit": 62464000,
      "operating_income": 27123000,
      "net_income": 6929000,
      "opex": 35341000,
      "cogs": 98436000,
      "rd": null,
      "sga": 29674000,
      "fcf": 36666000,
      "ocf": 40181000,
      "capex": -3515000,
      "gross_margin": 0.38821628340584213,
      "op_margin": 0.1685705407085146,
      "fcf_margin": 0.22788067122436295,
      "op_leverage_ratio": 0.4335977700905665,
      "fcf_margin_change": -0.09173777888926976
    },
    {
      "date": "2022-01-01T00:00:00",
      "quarter_label": "2022-01 (Q1)",
      "revenue": 266953000,
      "gross_profit": 93345000,
      "operating_income": 14371000,
      "net_income": -63000,
      "opex": 78974000,
      "cogs": 173608000,
      "rd": null,
      "sga": 43196000,
      "fcf": 25073000,
      "ocf": 39952000,
      "capex": -14879000,
      "gross_margin": 0.34966829366967217,
      "op_margin": 0.053833446336995654,
      "fcf_margin": 0.09392290028581811,
      "incr_op_margin_yoy": -0.10050209757870049,
      "rev_growth_yoy": 0.8301876444011764,
      "op_leverage_ratio": 0.5338640467141768,
      "fcf_margin_change": -0.13395777093854483
    },
    {
      "date": "2022-04-02T00:00:00",
      "quarter_label": "2022-04 (Q2)",
      "revenue": 358879000,
      "gross_profit": 137486000,
      "operating_income": 57846000,
      "net_income": 32200000,
      "opex": 79640000,
      "cogs": 475893000,
      "rd": null,
      "sga": 55962000,
      "fcf": 38835000,
      "ocf": 46874000,
      "capex": -8039000,
      "gross_margin": 0.3830984816609498,
      "op_margin": 0.16118524628077988,
      "fcf_margin": 0.10821196001995101,
      "incr_op_margin_yoy": 0.14153204689199533,
      "rev_growth_yoy": 1.2388658411054618,
      "rev_growth_yoy_accel": 0.4086781967042854,
      "op_leverage_ratio": 40.833204468323764,
      "fcf_margin_change": 0.0142890597341329
    },
    {
      "date": "2022-07-02T00:00:00",
      "quarter_label": "2022-07 (Q3)",
      "revenue": 354080000,
      "gross_profit": 141152000,
      "operating_income": 64470000,
      "net_income": 37438000,
      "opex": 76682000,
      "cogs": 212928000,
      "rd": null,
      "sga": 55828000,
      "fcf": 51143000,
      "ocf": 59000000,
      "capex": -7857000,
      "gross_margin": 0.39864437415273385,
      "op_margin": 0.1820774966109354,
      "fcf_margin": 0.14443910980569363,
      "incr_op_margin_yoy": 0.170547062539482,
      "rev_growth_yoy": 1.266764828270542,
      "rev_growth_yoy_accel": 0.027898987165080102,
      "fcf_margin_change": 0.036227149785742624
    },
    {
      "date": "2022-10-01T00:00:00",
      "quarter_label": "2022-10 (Q4)",
      "revenue": 369167000,
      "gross_profit": 151147000,
      "operating_income": 72017000,
      "net_income": 43802000,
      "opex": 79130000,
      "cogs": 192267,
      "rd": null,
      "sga": 57519000,
      "fcf": 29400000,
      "ocf": 29400000,
      "capex": null,
      "gross_margin": 0.40942716981745386,
      "op_margin": 0.19507973356231734,
      "fcf_margin": 0.07963875427651984,
      "incr_op_margin_yoy": 0.2155598342512256,
      "rev_growth_yoy": 1.2943878185208204,
      "rev_growth_yoy_accel": 0.02762299025027848,
      "op_leverage_ratio": 1.334699543085422,
      "fcf_margin_change": -0.06480035552917379
    },
    {
      "date": "2022-12-31T00:00:00",
      "quarter_label": "2022-12 (Q4)",
      "revenue": 351625000,
      "gross_profit": 146040000,
      "operating_income": 70392000,
      "net_income": 36264000,
      "opex": 75648000,
      "cogs": 174765000,
      "rd": null,
      "sga": 56782000,
      "fcf": 60900000,
      "ocf": 60900000,
      "capex": null,
      "gross_margin": 0.41532883043014573,
      "op_margin": 0.20019054390330607,
      "fcf_margin": 0.1731958762886598,
      "incr_op_margin_yoy": 0.6616236772486772,
      "rev_growth_yoy": 0.317179428588553,
      "rev_growth_yoy_accel": -0.9772083899322674,
      "fcf_margin_change": 0.09355712201213995
    },
    {
      "date": "2023-04-01T00:00:00",
      "quarter_label": "2023-04 (Q2)",
      "revenue": 394428000,
      "gross_profit": 166461000,
      "operating_income": 86121000,
      "net_income": 49196000,
      "opex": 80340000,
      "cogs": 319995000,
      "rd": null,
      "sga": 59571000,
      "fcf": 71300000,
      "ocf": 71300000,
      "capex": null,
      "gross_margin": 0.4220313973652986,
      "op_margin": 0.218344032370927,
      "fcf_margin": 0.18076809962781548,
      "incr_op_margin_yoy": 0.795381023376185,
      "rev_growth_yoy": 0.09905567057420468,
      "rev_growth_yoy_accel": -0.21812375801434836,
      "op_leverage_ratio": 1.9626095648355324,
      "fcf_margin_change": 0.007572223339155693
    },
    {
      "date": "2023-07-01T00:00:00",
      "quarter_label": "2023-07 (Q3)",
      "revenue": 387100000,
      "gross_profit": 167900000,
      "operating_income": 85000000,
      "net_income": 50000000,
      "opex": 82900000,
      "cogs": 219200000,
      "rd": null,
      "sga": 64700000,
      "fcf": 61700000,
      "ocf": 61700000,
      "capex": null,
      "gross_margin": 0.43373805218289846,
      "op_margin": 0.21958150348747094,
      "fcf_margin": 0.15939033841384656,
      "incr_op_margin_yoy": 0.6217443973349485,
      "rev_growth_yoy": 0.09325576140985088,
      "rev_growth_yoy_accel": -0.0057999091643538,
      "fcf_margin_change": -0.02137776121396892
    },
    {
      "date": "2023-09-30T00:00:00",
      "quarter_label": "2023-09 (Q3)",
      "revenue": 385600000,
      "gross_profit": 166300000,
      "operating_income": 87800000,
      "net_income": 51700000,
      "opex": 78500000,
      "cogs": 219300000,
      "rd": null,
      "sga": 60500000,
      "fcf": 53100000,
      "ocf": 53100000,
      "capex": null,
      "gross_margin": 0.43127593360995853,
      "op_margin": 0.22769709543568464,
      "fcf_margin": 0.13770746887966806,
      "incr_op_margin_yoy": 0.960445445140875,
      "rev_growth_yoy": 0.0445137295587092,
      "rev_growth_yoy_accel": -0.04874203185114168,
      "fcf_margin_change": -0.0216828695341785
    },
    {
      "date": "2023-12-30T00:00:00",
      "quarter_label": "2023-12 (Q4)",
      "revenue": 373900000,
      "gross_profit": 158000000,
      "operating_income": 75200000,
      "net_income": 46600000,
      "opex": 82800000,
      "cogs": 215900000,
      "rd": null,
      "sga": 63900000,
      "fcf": 80400000,
      "ocf": 80400000,
      "capex": null,
      "gross_margin": 0.422572880449318,
      "op_margin": 0.20112329499866274,
      "fcf_margin": 0.21503075688686815,
      "incr_op_margin_yoy": 0.21584736251402917,
      "rev_growth_yoy": 0.06334873800213295,
      "rev_growth_yoy_accel": 0.01883500844342375,
      "fcf_margin_change": 0.07732328800720009
    },
    {
      "date": "2024-03-30T00:00:00",
      "quarter_label": "2024-03 (Q1)",
      "revenue": 413700000,
      "gross_profit": 178300000,
      "operating_income": 94200000,
      "net_income": 61600000,
      "opex": 84100000,
      "cogs": 235400000,
      "rd": null,
      "sga": 64400000,
      "fcf": 79500000,
      "ocf": 79500000,
      "capex": null,
      "gross_margin": 0.43098863911046653,
      "op_margin": 0.22770123277737492,
      "fcf_margin": 0.19216823785351705,
      "incr_op_margin_yoy": 0.41920921544209216,
      "rev_growth_yoy": 0.04886062855578204,
      "rev_growth_yoy_accel": -0.014488109446350907,
      "op_leverage_ratio": 6.779764231489291,
      "fcf_margin_change": -0.022862519033351097
    },
    {
      "date": "2024-06-29T00:00:00",
      "quarter_label": "2024-06 (Q2)",
      "revenue": 406300000,
      "gross_profit": 184000000,
      "operating_income": 97500000,
      "net_income": 61400000,
      "opex": 86500000,
      "cogs": 222300000,
      "rd": null,
      "sga": 67600000,
      "fcf": 97400000,
      "ocf": 97400000,
      "capex": null,
      "gross_margin": 0.452867339404381,
      "op_margin": 0.2399704651735171,
      "fcf_margin": 0.239724341619493,
      "incr_op_margin_yoy": 0.6510416666666666,
      "rev_growth_yoy": 0.049599586670111086,
      "rev_growth_yoy_accel": 0.0007389581143290441,
      "fcf_margin_change": 0.04755610376597594
    },
    {
      "date": "2024-09-28T00:00:00",
      "quarter_label": "2024-09 (Q3)",
      "revenue": 397900000,
      "gross_profit": 173800000,
      "operating_income": 86100000,
      "net_income": 54200000,
      "opex": 87700000,
      "cogs": 224100000,
      "rd": null,
      "sga": 69500000,
      "fcf": 43000000,
      "ocf": 43000000,
      "capex": null,
      "gross_margin": 0.4367931641115858,
      "op_margin": 0.21638602663985926,
      "fcf_margin": 0.10806735360643378,
      "incr_op_margin_yoy": -0.13821138211382114,
      "rev_growth_yoy": 0.03189834024896265,
      "rev_growth_yoy_accel": -0.017701246421148432,
      "fcf_margin_change": -0.1316569880130592
    },
    {
      "date": "2024-12-28T00:00:00",
      "quarter_label": "2024-12 (Q4)",
      "revenue": 394400000,
      "gross_profit": 174900000,
      "operating_income": 85600000,
      "net_income": 57900000,
      "opex": 89300000,
      "cogs": 219500000,
      "rd": null,
      "sga": 70100000,
      "fcf": 84000000,
      "ocf": 84000000,
      "capex": null,
      "gross_margin": 0.4434584178498986,
      "op_margin": 0.21703853955375255,
      "fcf_margin": 0.2129817444219067,
      "incr_op_margin_yoy": 0.5073170731707317,
      "rev_growth_yoy": 0.05482749398234822,
      "rev_growth_yoy_accel": 0.02292915373338557,
      "fcf_margin_change": 0.10491439081547292
    },
    {
      "date": "2025-03-29T00:00:00",
      "quarter_label": "2025-03 (Q1)",
      "revenue": 437700000,
      "gross_profit": 193400000,
      "operating_income": 100700000,
      "net_income": 72700000,
      "opex": 92700000,
      "cogs": 244300000,
      "rd": null,
      "sga": 72100000,
      "fcf": 69200000,
      "ocf": 69200000,
      "capex": null,
      "gross_margin": 0.44185515193054603,
      "op_margin": 0.23006625542609094,
      "fcf_margin": 0.15809915467214988,
      "incr_op_margin_yoy": 0.2708333333333333,
      "rev_growth_yoy": 0.05801305293691081,
      "rev_growth_yoy_accel": 0.0031855589545625868,
      "op_leverage_ratio": 2.8835237441832717,
      "fcf_margin_change": -0.05488258974975682
    },
    {
      "date": "2025-06-28T00:00:00",
      "quarter_label": "2025-06 (Q2)",
      "revenue": 436000000,
      "gross_profit": 195200000,
      "operating_income": 101100000,
      "net_income": 68500000,
      "opex": 94100000,
      "cogs": 240800000,
      "rd": null,
      "sga": 73900000,
      "fcf": 120000000,
      "ocf": 120000000,
      "capex": null,
      "gross_margin": 0.44770642201834865,
      "op_margin": 0.23188073394495412,
      "fcf_margin": 0.27522935779816515,
      "incr_op_margin_yoy": 0.12121212121212122,
      "rev_growth_yoy": 0.07309869554516367,
      "rev_growth_yoy_accel": 0.015085642608252861,
      "fcf_margin_change": 0.11713020312601527
    },
    {
      "date": "2025-09-27T00:00:00",
      "quarter_label": "2025-09 (Q3)",
      "revenue": 455300000,
      "gross_profit": 200600000,
      "operating_income": 97800000,
      "net_income": 60000000,
      "opex": 102800000,
      "cogs": 254700000,
      "rd": null,
      "sga": 77400000,
      "fcf": 88400000,
      "ocf": 88400000,
      "capex": null,
      "gross_margin": 0.44058862288600925,
      "op_margin": 0.21480342631232155,
      "fcf_margin": 0.19415769822095322,
      "incr_op_margin_yoy": 0.2038327526132404,
      "rev_growth_yoy": 0.1442573510932395,
      "rev_growth_yoy_accel": 0.07115865554807584,
      "op_leverage_ratio": 0.4787857218179901,
      "fcf_margin_change": -0.08107165957721194
    }
  ],
  "signals": [
    {
      "quarter": "2025-09 (Q3)",
      "signal": "YoY REVENUE GROWTH ACCELERATION",
      "detail": "YoY growth: +14.4% vs prior quarter YoY: +7.3% (accel: +7.1%)",
      "severity": "MEDIUM"
    },
    {
      "quarter": "2025-06 (Q2)",
      "signal": "FCF MARGIN EXPANSION",
      "detail": "FCF margin: +15.8% -> +27.5% (+11.7%)",
      "severity": "MEDIUM"
    },
    {
      "quarter": "2025-03 (Q1)",
      "signal": "OPERATING LEVERAGE",
      "detail": "Rev growth +11.0% vs OpEx growth +3.8% (leverage: 2.9x)",
      "severity": "MEDIUM"
    },
    {
      "quarter": "2024-12 (Q4)",
      "signal": "FCF MARGIN EXPANSION",
      "detail": "FCF margin: +10.8% -> +21.3% (+10.5%)",
      "severity": "MEDIUM"
    },
    {
      "quarter": "2024-12 (Q4)",
      "signal": "INCREMENTAL MARGIN (YoY)",
      "detail": "YoY Incr OPM: +50.7% vs year-ago OPM: +20.1%",
      "severity": "HIGH"
    },
    {
      "quarter": "2024-06 (Q2)",
      "signal": "INCREMENTAL MARGIN (YoY)",
      "detail": "YoY Incr OPM: +65.1% vs year-ago OPM: +22.0%",
      "severity": "HIGH"
    },
    {
      "quarter": "2024-03 (Q1)",
      "signal": "OPERATING LEVERAGE",
      "detail": "Rev growth +10.6% vs OpEx growth +1.6% (leverage: 6.8x)",
      "severity": "MEDIUM"
    },
    {
      "quarter": "2024-03 (Q1)",
      "signal": "INCREMENTAL MARGIN (YoY)",
      "detail": "YoY Incr OPM: +41.9% vs year-ago OPM: +21.8%",
      "severity": "HIGH"
    },
    {
      "quarter": "2023-12 (Q4)",
      "signal": "FCF MARGIN EXPANSION",
      "detail": "FCF margin: +13.8% -> +21.5% (+7.7%)",
      "severity": "MEDIUM"
    },
    {
      "quarter": "2023-09 (Q3)",
      "signal": "INCREMENTAL MARGIN (YoY)",
      "detail": "YoY Incr OPM: +96.0% vs year-ago OPM: +19.5%",
      "severity": "HIGH"
    },
    {
      "quarter": "2023-07 (Q3)",
      "signal": "INCREMENTAL MARGIN (YoY)",
      "detail": "YoY Incr OPM: +62.2% vs year-ago OPM: +18.2%",
      "severity": "HIGH"
    },
    {
      "quarter": "2023-04 (Q2)",
      "signal": "OPERATING LEVERAGE",
      "detail": "Rev growth +12.2% vs OpEx growth +6.2% (leverage: 2.0x)",
      "severity": "MEDIUM"
    },
    {
      "quarter": "2023-04 (Q2)",
      "signal": "YoY REVENUE GROWTH DECELERATION",
      "detail": "YoY growth: +9.9% vs prior quarter YoY: +31.7% (decel: -21.8%)",
      "severity": "WARNING"
    },
    {
      "quarter": "2023-04 (Q2)",
      "signal": "INCREMENTAL MARGIN (YoY)",
      "detail": "YoY Incr OPM: +79.5% vs year-ago OPM: +16.1%",
      "severity": "HIGH"
    },
    {
      "quarter": "2022-12 (Q4)",
      "signal": "FCF MARGIN EXPANSION",
      "detail": "FCF margin: +8.0% -> +17.3% (+9.4%)",
      "severity": "MEDIUM"
    },
    {
      "quarter": "2022-12 (Q4)",
      "signal": "YoY REVENUE GROWTH DECELERATION",
      "detail": "YoY growth: +31.7% vs prior quarter YoY: +129.4% (decel: -97.7%)",
      "severity": "WARNING"
    },
    {
      "quarter": "2022-12 (Q4)",
      "signal": "INCREMENTAL MARGIN (YoY)",
      "detail": "YoY Incr OPM: +66.2% vs year-ago OPM: +5.4%",
      "severity": "HIGH"
    },
    {
      "quarter": "2022-04 (Q2)",
      "signal": "OPERATING LEVERAGE",
      "detail": "Rev growth +34.4% vs OpEx growth +0.8% (leverage: 40.8x)",
      "severity": "MEDIUM"
    },
    {
      "quarter": "2022-04 (Q2)",
      "signal": "GROSS MARGIN INFLECTION",
      "detail": "GM: +38.8% -> +35.0% -> +38.3% (reversal +3.3%)",
      "severity": "MEDIUM"
    },
    {
      "quarter": "2022-04 (Q2)",
      "signal": "YoY REVENUE GROWTH ACCELERATION",
      "detail": "YoY growth: +123.9% vs prior quarter YoY: +83.0% (accel: +40.9%)",
      "severity": "HIGH"
    },
    {
      "quarter": "2021-07 (Q3)",
      "signal": "FCF MARGIN EXPANSION",
      "detail": "FCF margin: +24.2% -> +32.0% (+7.7%)",
      "severity": "MEDIUM"
    }
  ],
  "data_quality": {
    "n_quarters": 20,
    "coverage": {
      "revenue": [
        20,
        20
      ],
      "gross_profit": [
        20,
        20
      ],
      "op_income": [
        20,
        20
      ],
      "fcf": [
        20,
        20
      ]
    },
    "gaps": [],
    "warnings": []
  },
  "market_cap": null,
  "source": "SEC EDGAR",
  "last_updated": "2026-02-02T20:24:25.841325"
}