{
  "ticker": "RBLX",
  "name": "Roblox Corporation",
  "sector": "Communication Services",
  "industry": "Electronic Gaming & Multimedia",
  "quarters": [
    {
      "date": "2021-03-31T00:00:00",
      "quarter_label": "2021-03 (Q1)",
      "revenue": 386976000,
      "gross_profit": 289039000,
      "operating_income": -135056000,
      "net_income": -134217000,
      "opex": 522032000,
      "cogs": 97937000,
      "rd": 96644000,
      "sga": null,
      "fcf": 142336000,
      "ocf": 164469000,
      "capex": -22133000,
      "gross_margin": 0.7469171214752336,
      "op_margin": -0.3490035557760688,
      "fcf_margin": 0.367816091954023
    },
    {
      "date": "2021-06-30T00:00:00",
      "quarter_label": "2021-06 (Q2)",
      "revenue": 454100000,
      "gross_profit": 337170000,
      "operating_income": -142946000,
      "net_income": -140134000,
      "opex": 597046000,
      "cogs": 116930000,
      "rd": 124748000,
      "sga": null,
      "fcf": 168016000,
      "ocf": 191251000,
      "capex": -23235000,
      "gross_margin": 0.7425016516185862,
      "op_margin": -0.31478969390002204,
      "fcf_margin": 0.369997797841885,
      "op_leverage_ratio": 1.2071148675968864,
      "fcf_margin_change": 0.00218170588786204
    },
    {
      "date": "2021-09-30T00:00:00",
      "quarter_label": "2021-09 (Q3)",
      "revenue": 509336000,
      "gross_profit": 379321000,
      "operating_income": -77446000,
      "net_income": -74002000,
      "opex": 586782000,
      "cogs": 130015000,
      "rd": 138245000,
      "sga": null,
      "fcf": 178203000,
      "ocf": 181166000,
      "capex": -2963000,
      "gross_margin": 0.7447362841032246,
      "op_margin": -0.15205286883314748,
      "fcf_margin": 0.3498731682033078,
      "op_leverage_ratio": null,
      "fcf_margin_change": -0.020124629638577196
    },
    {
      "date": "2021-12-31T00:00:00",
      "quarter_label": "2021-12 (Q4)",
      "revenue": 568769000,
      "gross_profit": 416781000,
      "operating_income": -139650000,
      "net_income": -143298000,
      "opex": 708419000,
      "cogs": 151988000,
      "rd": 173570000,
      "sga": null,
      "fcf": 77281000,
      "ocf": 122223000,
      "capex": -44942000,
      "gross_margin": 0.7327772786491529,
      "op_margin": -0.24553025920892313,
      "fcf_margin": 0.1358741422264575,
      "op_leverage_ratio": 0.5629040353951549,
      "fcf_margin_change": -0.21399902597685033
    },
    {
      "date": "2022-03-31T00:00:00",
      "quarter_label": "2022-03 (Q1)",
      "revenue": 537134000,
      "gross_profit": 401502000,
      "operating_income": -151611000,
      "net_income": -160202000,
      "opex": 688745000,
      "cogs": 135632000,
      "rd": 177762000,
      "sga": null,
      "fcf": 104646000,
      "ocf": 156436000,
      "capex": -51790000,
      "gross_margin": 0.7474894532835382,
      "op_margin": -0.28225917555023516,
      "fcf_margin": 0.19482289335622024,
      "incr_op_margin_yoy": -0.1102505361019726,
      "rev_growth_yoy": 0.38802923178698423,
      "fcf_margin_change": 0.05894875112976275
    },
    {
      "date": "2022-06-30T00:00:00",
      "quarter_label": "2022-06 (Q2)",
      "revenue": 591207000,
      "gross_profit": 448050000,
      "operating_income": -170267000,
      "net_income": -176440000,
      "opex": 761474000,
      "cogs": 143157000,
      "rd": 211757000,
      "sga": null,
      "fcf": -57315000,
      "ocf": 26497000,
      "capex": -83812000,
      "gross_margin": 0.7578563853269666,
      "op_margin": -0.2879989580637577,
      "fcf_margin": -0.0969457398170184,
      "incr_op_margin_yoy": -0.19926772520731983,
      "rev_growth_yoy": 0.30193129266681346,
      "rev_growth_yoy_accel": -0.08609793912017077,
      "op_leverage_ratio": 0.953341863624247,
      "fcf_margin_change": -0.29176863317323865
    },
    {
      "date": "2022-09-30T00:00:00",
      "quarter_label": "2022-09 (Q3)",
      "revenue": 517707000,
      "gross_profit": 391270000,
      "operating_income": -300007000,
      "net_income": -297798000,
      "opex": 817714000,
      "cogs": 126437000,
      "rd": 235551000,
      "sga": null,
      "fcf": -66212000,
      "ocf": 67144000,
      "capex": -133356000,
      "gross_margin": 0.7557749846921135,
      "op_margin": -0.5794918747476855,
      "fcf_margin": -0.12789473582547659,
      "incr_op_margin_yoy": -26.587146099629674,
      "rev_growth_yoy": 0.0164351233763174,
      "rev_growth_yoy_accel": -0.28549616929049604,
      "fcf_margin_change": -0.030948996008458185
    },
    {
      "date": "2022-12-31T00:00:00",
      "quarter_label": "2022-12 (Q4)",
      "revenue": 579004000,
      "gross_profit": 436572000,
      "operating_income": -301899000,
      "net_income": -289926000,
      "opex": 880903000,
      "cogs": 142432000,
      "rd": 248407000,
      "sga": null,
      "fcf": -37986000,
      "ocf": 119219000,
      "capex": -157205000,
      "gross_margin": 0.7540051536776948,
      "op_margin": -0.5214109056241407,
      "fcf_margin": -0.06560576438159321,
      "incr_op_margin_yoy": -15.852369320957498,
      "rev_growth_yoy": 0.017995003243847677,
      "rev_growth_yoy_accel": 0.001559879867530277,
      "op_leverage_ratio": 1.5321988549654035,
      "fcf_margin_change": 0.06228897144388337
    },
    {
      "date": "2023-03-31T00:00:00",
      "quarter_label": "2023-03 (Q1)",
      "revenue": 655344000,
      "gross_profit": 503503000,
      "operating_income": -289847000,
      "net_income": -268313000,
      "opex": 945191000,
      "cogs": 151841000,
      "rd": 275537000,
      "sga": null,
      "fcf": 82422000,
      "ocf": 173781000,
      "capex": -91359000,
      "gross_margin": 0.7683033643399497,
      "op_margin": -0.4422822212456359,
      "fcf_margin": 0.1257690617446715,
      "incr_op_margin_yoy": -1.1694103713729802,
      "rev_growth_yoy": 0.22007543741412758,
      "rev_growth_yoy_accel": 0.2020804341702799,
      "op_leverage_ratio": 1.8066281193278204,
      "fcf_margin_change": 0.19137482612626472
    },
    {
      "date": "2023-06-30T00:00:00",
      "quarter_label": "2023-06 (Q2)",
      "revenue": 680766000,
      "gross_profit": 518737000,
      "operating_income": -313989000,
      "net_income": -282777000,
      "opex": 994755000,
      "cogs": 162029000,
      "rd": 315319000,
      "sga": null,
      "fcf": -82525000,
      "ocf": 28390000,
      "capex": -110915000,
      "gross_margin": 0.7619901698968515,
      "op_margin": -0.4612289685442575,
      "fcf_margin": -0.12122373914090892,
      "incr_op_margin_yoy": -1.6047745061914491,
      "rev_growth_yoy": 0.15148501286351482,
      "rev_growth_yoy_accel": -0.06859042455061276,
      "op_leverage_ratio": 0.7397647209366992,
      "fcf_margin_change": -0.24699280088558043
    },
    {
      "date": "2023-09-30T00:00:00",
      "quarter_label": "2023-09 (Q3)",
      "revenue": 713225000,
      "gross_profit": 549644000,
      "operating_income": -300038000,
      "net_income": -277158000,
      "opex": 1013263000,
      "cogs": 163581000,
      "rd": 321613000,
      "sga": null,
      "fcf": 59508000,
      "ocf": 112704000,
      "capex": -53196000,
      "gross_margin": 0.7706460093238459,
      "op_margin": -0.4206779066914368,
      "fcf_margin": 0.08343510112517089,
      "incr_op_margin_yoy": -0.00015855317668961425,
      "rev_growth_yoy": 0.37766149578815816,
      "rev_growth_yoy_accel": 0.22617648292464335,
      "op_leverage_ratio": 2.5626772795536015,
      "fcf_margin_change": 0.2046588402660798
    },
    {
      "date": "2023-12-31T00:00:00",
      "quarter_label": "2023-12 (Q4)",
      "revenue": 749939000,
      "gross_profit": 578275000,
      "operating_income": -355193000,
      "net_income": -323698000,
      "opex": 1105132000,
      "cogs": 171664000,
      "rd": 341129000,
      "sga": null,
      "fcf": 78108000,
      "ocf": 143305000,
      "capex": -65197000,
      "gross_margin": 0.7710960491453305,
      "op_margin": -0.47362918850733193,
      "fcf_margin": 0.10415247106764683,
      "incr_op_margin_yoy": -0.3117793313247726,
      "rev_growth_yoy": 0.29522248550959923,
      "rev_growth_yoy_accel": -0.08243901027855893,
      "op_leverage_ratio": 0.5677515665378899,
      "fcf_margin_change": 0.020717369942475944
    },
    {
      "date": "2024-03-31T00:00:00",
      "quarter_label": "2024-03 (Q1)",
      "revenue": 801300000,
      "gross_profit": 622434000,
      "operating_income": -302328000,
      "net_income": -270604000,
      "opex": 1103628000,
      "cogs": 178866000,
      "rd": 362065000,
      "sga": null,
      "fcf": 192266000,
      "ocf": 238946000,
      "capex": -46680000,
      "gross_margin": 0.7767802321228005,
      "op_margin": -0.3772968925496069,
      "fcf_margin": 0.2399425932859104,
      "incr_op_margin_yoy": -0.08551207213132725,
      "rev_growth_yoy": 0.22271661905808246,
      "rev_growth_yoy_accel": -0.07250586645151677,
      "op_leverage_ratio": null,
      "fcf_margin_change": 0.13579012221826356
    },
    {
      "date": "2024-06-30T00:00:00",
      "quarter_label": "2024-06 (Q2)",
      "revenue": 893543000,
      "gross_profit": 694986000,
      "operating_income": -237949000,
      "net_income": -205883000,
      "opex": 1131492000,
      "cogs": 198557000,
      "rd": 361684000,
      "sga": null,
      "fcf": 111748000,
      "ocf": 151449000,
      "capex": -39701000,
      "gross_margin": 0.7777868552492717,
      "op_margin": -0.26629832028229194,
      "fcf_margin": 0.12506169261020456,
      "incr_op_margin_yoy": 0.3573694525254139,
      "rev_growth_yoy": 0.31255526862387367,
      "rev_growth_yoy_accel": 0.08983864956579121,
      "op_leverage_ratio": 4.559503203396978,
      "fcf_margin_change": -0.11488090067570583
    },
    {
      "date": "2024-09-30T00:00:00",
      "quarter_label": "2024-09 (Q3)",
      "revenue": 918953000,
      "gross_profit": 713955000,
      "operating_income": -278928000,
      "net_income": -239324000,
      "opex": 1197881000,
      "cogs": 204998000,
      "rd": 365424000,
      "sga": null,
      "fcf": 218025000,
      "ocf": 247430000,
      "capex": -29405000,
      "gross_margin": 0.7769222147378593,
      "op_margin": -0.3035280367983999,
      "fcf_margin": 0.23725370067892482,
      "incr_op_margin_yoy": 0.1026112148079017,
      "rev_growth_yoy": 0.28844754460373656,
      "rev_growth_yoy_accel": -0.02410772402013711,
      "op_leverage_ratio": 0.4846682480286349,
      "fcf_margin_change": 0.11219200806872026
    },
    {
      "date": "2024-12-31T00:00:00",
      "quarter_label": "2024-12 (Q4)",
      "revenue": 988183000,
      "gross_profit": 769442000,
      "operating_income": -244112000,
      "net_income": -219573000,
      "opex": 1232295000,
      "cogs": 218741000,
      "rd": 355034000,
      "sga": null,
      "fcf": 120631000,
      "ocf": 184491000,
      "capex": -63860000,
      "gross_margin": 0.77864322701362,
      "op_margin": -0.24703116730403174,
      "fcf_margin": 0.12207354305832017,
      "incr_op_margin_yoy": 0.4662488876949682,
      "rev_growth_yoy": 0.3176845050064072,
      "rev_growth_yoy_accel": 0.029236960402670653,
      "op_leverage_ratio": 2.6222829658729943,
      "fcf_margin_change": -0.11518015762060464
    },
    {
      "date": "2025-03-31T00:00:00",
      "quarter_label": "2025-03 (Q1)",
      "revenue": 1035207000,
      "gross_profit": 810482000,
      "operating_income": -254709000,
      "net_income": -215056000,
      "opex": 1289916000,
      "cogs": 224725000,
      "rd": 374600000,
      "sga": null,
      "fcf": 426549000,
      "ocf": 443914000,
      "capex": -17365000,
      "gross_margin": 0.7829178125727512,
      "op_margin": -0.24604644288533598,
      "fcf_margin": 0.41204222923531236,
      "incr_op_margin_yoy": 0.20358091036181047,
      "rev_growth_yoy": 0.29190939722950204,
      "rev_growth_yoy_accel": -0.02577510777690517,
      "op_leverage_ratio": 1.0176913557783585,
      "fcf_margin_change": 0.2899686861769922
    },
    {
      "date": "2025-06-30T00:00:00",
      "quarter_label": "2025-06 (Q2)",
      "revenue": 1080677000,
      "gross_profit": 844564000,
      "operating_income": -322460000,
      "net_income": -278375000,
      "opex": 1403137000,
      "cogs": 236113000,
      "rd": 384996000,
      "sga": null,
      "fcf": 176652000,
      "ocf": 199262000,
      "capex": -22610000,
      "gross_margin": 0.781513810324454,
      "op_margin": -0.2983870296119932,
      "fcf_margin": 0.16346419883091803,
      "incr_op_margin_yoy": -0.451606869943463,
      "rev_growth_yoy": 0.2094292048619932,
      "rev_growth_yoy_accel": -0.08248019236750884,
      "op_leverage_ratio": 0.500417164289277,
      "fcf_margin_change": -0.24857803040439433
    },
    {
      "date": "2025-09-30T00:00:00",
      "quarter_label": "2025-09 (Q3)",
      "revenue": 1359646000,
      "gross_profit": 1063190000,
      "operating_income": -296535000,
      "net_income": -255626000,
      "opex": 1656181000,
      "cogs": 296456000,
      "rd": 398306000,
      "sga": null,
      "fcf": 443602000,
      "ocf": 546184000,
      "capex": -102582000,
      "gross_margin": 0.7819608927617924,
      "op_margin": -0.21809721059746434,
      "fcf_margin": 0.326262865481162,
      "incr_op_margin_yoy": -0.039952983142459715,
      "rev_growth_yoy": 0.47955989044053393,
      "rev_growth_yoy_accel": 0.2701306855785407,
      "op_leverage_ratio": 1.4314100759702981,
      "fcf_margin_change": 0.16279866665024398
    },
    {
      "date": "2025-12-31T00:00:00",
      "quarter_label": "2025-12 (Q4)",
      "revenue": 1415021000,
      "gross_profit": 1100016000,
      "operating_income": -358638000,
      "net_income": -316000000,
      "opex": 1773659000,
      "cogs": 315005000,
      "rd": 409845000,
      "sga": null,
      "fcf": 308577000,
      "ocf": 606998000,
      "capex": -298421000,
      "gross_margin": 0.7773849292696009,
      "op_margin": -0.2534506555026392,
      "fcf_margin": 0.2180723819646493,
      "incr_op_margin_yoy": -0.2683125682343184,
      "rev_growth_yoy": 0.4319422617065867,
      "rev_growth_yoy_accel": -0.047617628733947204,
      "op_leverage_ratio": 0.5741682105316279,
      "fcf_margin_change": -0.10819048351651273
    }
  ],
  "signals": [
    {
      "quarter": "2025-09 (Q3)",
      "signal": "FCF MARGIN EXPANSION",
      "detail": "FCF margin: +16.3% -> +32.6% (+16.3%)",
      "severity": "MEDIUM"
    },
    {
      "quarter": "2025-09 (Q3)",
      "signal": "YoY REVENUE GROWTH ACCELERATION",
      "detail": "YoY growth: +48.0% vs prior quarter YoY: +20.9% (accel: +27.0%)",
      "severity": "HIGH"
    },
    {
      "quarter": "2025-06 (Q2)",
      "signal": "YoY REVENUE GROWTH DECELERATION",
      "detail": "YoY growth: +20.9% vs prior quarter YoY: +29.2% (decel: -8.2%)",
      "severity": "WARNING"
    },
    {
      "quarter": "2025-03 (Q1)",
      "signal": "FCF MARGIN EXPANSION",
      "detail": "FCF margin: +12.2% -> +41.2% (+29.0%)",
      "severity": "MEDIUM"
    },
    {
      "quarter": "2024-12 (Q4)",
      "signal": "OPERATING LEVERAGE",
      "detail": "Rev growth +7.5% vs OpEx growth +2.9% (leverage: 2.6x)",
      "severity": "MEDIUM"
    },
    {
      "quarter": "2024-09 (Q3)",
      "signal": "FCF MARGIN EXPANSION",
      "detail": "FCF margin: +12.5% -> +23.7% (+11.2%)",
      "severity": "MEDIUM"
    },
    {
      "quarter": "2024-06 (Q2)",
      "signal": "OPERATING LEVERAGE",
      "detail": "Rev growth +11.5% vs OpEx growth +2.5% (leverage: 4.6x)",
      "severity": "MEDIUM"
    },
    {
      "quarter": "2024-06 (Q2)",
      "signal": "YoY REVENUE GROWTH ACCELERATION",
      "detail": "YoY growth: +31.3% vs prior quarter YoY: +22.3% (accel: +9.0%)",
      "severity": "MEDIUM"
    },
    {
      "quarter": "2024-03 (Q1)",
      "signal": "FCF MARGIN EXPANSION",
      "detail": "FCF margin: +10.4% -> +24.0% (+13.6%)",
      "severity": "MEDIUM"
    },
    {
      "quarter": "2024-03 (Q1)",
      "signal": "YoY REVENUE GROWTH DECELERATION",
      "detail": "YoY growth: +22.3% vs prior quarter YoY: +29.5% (decel: -7.3%)",
      "severity": "WARNING"
    },
    {
      "quarter": "2023-12 (Q4)",
      "signal": "YoY REVENUE GROWTH DECELERATION",
      "detail": "YoY growth: +29.5% vs prior quarter YoY: +37.8% (decel: -8.2%)",
      "severity": "WARNING"
    },
    {
      "quarter": "2023-09 (Q3)",
      "signal": "FCF TURNED POSITIVE",
      "detail": "FCF margin: -12.1% -> +8.3%",
      "severity": "HIGH"
    },
    {
      "quarter": "2023-09 (Q3)",
      "signal": "OPERATING LEVERAGE",
      "detail": "Rev growth +4.8% vs OpEx growth +1.9% (leverage: 2.6x)",
      "severity": "MEDIUM"
    },
    {
      "quarter": "2023-09 (Q3)",
      "signal": "YoY REVENUE GROWTH ACCELERATION",
      "detail": "YoY growth: +37.8% vs prior quarter YoY: +15.1% (accel: +22.6%)",
      "severity": "HIGH"
    },
    {
      "quarter": "2023-06 (Q2)",
      "signal": "YoY REVENUE GROWTH DECELERATION",
      "detail": "YoY growth: +15.1% vs prior quarter YoY: +22.0% (decel: -6.9%)",
      "severity": "WARNING"
    },
    {
      "quarter": "2023-03 (Q1)",
      "signal": "FCF TURNED POSITIVE",
      "detail": "FCF margin: -6.6% -> +12.6%",
      "severity": "HIGH"
    },
    {
      "quarter": "2023-03 (Q1)",
      "signal": "OPERATING LEVERAGE",
      "detail": "Rev growth +13.2% vs OpEx growth +7.3% (leverage: 1.8x)",
      "severity": "MEDIUM"
    },
    {
      "quarter": "2023-03 (Q1)",
      "signal": "YoY REVENUE GROWTH ACCELERATION",
      "detail": "YoY growth: +22.0% vs prior quarter YoY: +1.8% (accel: +20.2%)",
      "severity": "HIGH"
    },
    {
      "quarter": "2022-12 (Q4)",
      "signal": "FCF MARGIN EXPANSION",
      "detail": "FCF margin: -12.8% -> -6.6% (+6.2%)",
      "severity": "MEDIUM"
    },
    {
      "quarter": "2022-12 (Q4)",
      "signal": "OPERATING LEVERAGE",
      "detail": "Rev growth +11.8% vs OpEx growth +7.7% (leverage: 1.5x)",
      "severity": "MEDIUM"
    },
    {
      "quarter": "2022-09 (Q3)",
      "signal": "YoY REVENUE GROWTH DECELERATION",
      "detail": "YoY growth: +1.6% vs prior quarter YoY: +30.2% (decel: -28.5%)",
      "severity": "WARNING"
    },
    {
      "quarter": "2022-06 (Q2)",
      "signal": "YoY REVENUE GROWTH DECELERATION",
      "detail": "YoY growth: +30.2% vs prior quarter YoY: +38.8% (decel: -8.6%)",
      "severity": "WARNING"
    },
    {
      "quarter": "2022-03 (Q1)",
      "signal": "FCF MARGIN EXPANSION",
      "detail": "FCF margin: +13.6% -> +19.5% (+5.9%)",
      "severity": "MEDIUM"
    }
  ],
  "data_quality": {
    "n_quarters": 20,
    "coverage": {
      "revenue": [
        20,
        20
      ],
      "gross_profit": [
        20,
        20
      ],
      "op_income": [
        20,
        20
      ],
      "fcf": [
        20,
        20
      ]
    },
    "gaps": [],
    "warnings": []
  },
  "market_cap": null,
  "source": "SEC EDGAR",
  "last_updated": "2026-02-24T11:01:35.342944"
}