{
  "ticker": "RBRK",
  "name": "RUBRIK, INC.",
  "quarters": [
    {
      "date": "2023-04-30T00:00:00",
      "quarter_label": "2023-04 (Q2)",
      "revenue": 135740000,
      "gross_profit": 99849000,
      "operating_income": -84596000,
      "net_income": -89273000,
      "opex": 184445000,
      "cogs": 35891000,
      "rd": 46266000,
      "sga": null,
      "fcf": -20830000,
      "ocf": -17457000,
      "capex": -3373000,
      "gross_margin": 0.7355900987181376,
      "op_margin": -0.6232208634153529,
      "fcf_margin": -0.15345513481656106
    },
    {
      "date": "2023-07-31T00:00:00",
      "quarter_label": "2023-07 (Q3)",
      "revenue": 151535000,
      "gross_profit": 116145000,
      "operating_income": -73520000,
      "net_income": -81121000,
      "opex": 189665000,
      "cogs": 35390000,
      "rd": 49762000,
      "sga": null,
      "fcf": -11242000,
      "ocf": -6748000,
      "capex": -4494000,
      "gross_margin": 0.7664565941861616,
      "op_margin": -0.48516844293397565,
      "fcf_margin": -0.07418748143993137,
      "op_leverage_ratio": 4.111574549214269,
      "fcf_margin_change": 0.0792676533766297
    },
    {
      "date": "2023-10-31T00:00:00",
      "quarter_label": "2023-10 (Q4)",
      "revenue": 165604000,
      "gross_profit": 131896000,
      "operating_income": -65279000,
      "net_income": -86267000,
      "opex": 197175000,
      "cogs": 33708000,
      "rd": 51372000,
      "sga": null,
      "fcf": 5449000,
      "ocf": 6917000,
      "capex": -1468000,
      "gross_margin": 0.7964541919277313,
      "op_margin": -0.39418733847008525,
      "fcf_margin": 0.03290379459433347,
      "op_leverage_ratio": 2.344755345837978,
      "fcf_margin_change": 0.10709127603426484
    },
    {
      "date": "2024-01-31T00:00:00",
      "quarter_label": "2024-01 (Q1)",
      "revenue": 175013000,
      "gross_profit": 135040000,
      "operating_income": -83111000,
      "net_income": -97497000,
      "opex": 218151000,
      "cogs": 39973000,
      "rd": 59127000,
      "sga": null,
      "fcf": 9772000,
      "ocf": 12770000,
      "capex": -2998000,
      "gross_margin": 0.7715998240130734,
      "op_margin": -0.4748847228491598,
      "fcf_margin": 0.05583585219383703,
      "op_leverage_ratio": 0.5340744736609961,
      "fcf_margin_change": 0.022932057599503557
    },
    {
      "date": "2024-04-30T00:00:00",
      "quarter_label": "2024-04 (Q2)",
      "revenue": 187315000,
      "gross_profit": 91336000,
      "operating_income": -724837000,
      "net_income": -732091000,
      "opex": 816173000,
      "cogs": 95979000,
      "rd": 285379000,
      "sga": null,
      "fcf": -35020000,
      "ocf": -31381000,
      "capex": -3639000,
      "gross_margin": 0.48760643835250783,
      "op_margin": -3.8696153538157647,
      "fcf_margin": -0.18695779836104956,
      "incr_op_margin_yoy": -12.413785748909355,
      "rev_growth_yoy": 0.37995432444378957,
      "op_leverage_ratio": 0.02564162003320813,
      "fcf_margin_change": -0.24279365055488658
    },
    {
      "date": "2024-07-31T00:00:00",
      "quarter_label": "2024-07 (Q3)",
      "revenue": 204951000,
      "gross_profit": 149783000,
      "operating_income": -168293000,
      "net_income": -176930000,
      "opex": 318076000,
      "cogs": 55168000,
      "rd": 86228000,
      "sga": null,
      "fcf": -29671000,
      "ocf": -27083000,
      "capex": -2588000,
      "gross_margin": 0.7308234651209313,
      "op_margin": -0.8211377353611351,
      "fcf_margin": -0.14477118921107973,
      "incr_op_margin_yoy": -1.7742436723079227,
      "rev_growth_yoy": 0.3524994225756426,
      "rev_growth_yoy_accel": -0.027454901868146975,
      "op_leverage_ratio": Infinity,
      "fcf_margin_change": 0.04218660914996983
    },
    {
      "date": "2024-10-31T00:00:00",
      "quarter_label": "2024-10 (Q4)",
      "revenue": 236178000,
      "gross_profit": 180032000,
      "operating_income": -124787000,
      "net_income": -130910000,
      "opex": 304819000,
      "cogs": 56146000,
      "rd": 80050000,
      "sga": null,
      "fcf": 18026000,
      "ocf": 23095000,
      "capex": -5069000,
      "gross_margin": 0.76227252326635,
      "op_margin": -0.5283599657885154,
      "fcf_margin": 0.07632378968405186,
      "incr_op_margin_yoy": -0.8432000453424774,
      "rev_growth_yoy": 0.42616120383565614,
      "rev_growth_yoy_accel": 0.07366178126001355,
      "op_leverage_ratio": Infinity,
      "fcf_margin_change": 0.22109497889513158
    },
    {
      "date": "2025-01-31T00:00:00",
      "quarter_label": "2025-01 (Q1)",
      "revenue": 258100000,
      "gross_profit": 199645000,
      "operating_income": -116115000,
      "net_income": -114889000,
      "opex": 315760000,
      "cogs": 58455000,
      "rd": 79958000,
      "sga": null,
      "fcf": 78008000,
      "ocf": 83597000,
      "capex": -5589000,
      "gross_margin": 0.7735180162727625,
      "op_margin": -0.44988376598217744,
      "fcf_margin": 0.30223944207671444,
      "incr_op_margin_yoy": -0.39722218879006344,
      "rev_growth_yoy": 0.4747475901790153,
      "rev_growth_yoy_accel": 0.048586386343359156,
      "op_leverage_ratio": 2.585983495572686,
      "fcf_margin_change": 0.2259156523926626
    },
    {
      "date": "2025-04-30T00:00:00",
      "quarter_label": "2025-04 (Q2)",
      "revenue": 278481000,
      "gross_profit": 217998000,
      "operating_income": -93091000,
      "net_income": -102104000,
      "opex": 311089000,
      "cogs": 60483000,
      "rd": 81815000,
      "sga": null,
      "fcf": 36805000,
      "ocf": 39655000,
      "capex": -2850000,
      "gross_margin": 0.7828110355823198,
      "op_margin": -0.33428133337642424,
      "fcf_margin": 0.13216341509833704,
      "incr_op_margin_yoy": 6.929622885724942,
      "rev_growth_yoy": 0.48669887622454155,
      "rev_growth_yoy_accel": 0.011951286045526255,
      "op_leverage_ratio": Infinity,
      "fcf_margin_change": -0.1700760269783774
    },
    {
      "date": "2025-07-31T00:00:00",
      "quarter_label": "2025-07 (Q3)",
      "revenue": 309860000,
      "gross_profit": 246301000,
      "operating_income": -94463000,
      "net_income": -95929000,
      "opex": 340764000,
      "cogs": 63559000,
      "rd": 92107000,
      "sga": null,
      "fcf": 61226000,
      "ocf": 64724000,
      "capex": -3498000,
      "gross_margin": 0.7948783321500033,
      "op_margin": -0.30485703220809396,
      "fcf_margin": 0.1975924611114697,
      "incr_op_margin_yoy": 0.7037527762155773,
      "rev_growth_yoy": 0.5118735697800938,
      "rev_growth_yoy_accel": 0.02517469355555224,
      "op_leverage_ratio": 1.1812381279041764,
      "fcf_margin_change": 0.06542904601313265
    },
    {
      "date": "2025-10-31T00:00:00",
      "quarter_label": "2025-10 (Q4)",
      "revenue": 350166000,
      "gross_profit": 282029000,
      "operating_income": -75483000,
      "net_income": -63829000,
      "opex": 357512000,
      "cogs": 68137000,
      "rd": 97581000,
      "sga": null,
      "fcf": 80745000,
      "ocf": 85484000,
      "capex": -4739000,
      "gross_margin": 0.805415145959345,
      "op_margin": -0.2155634756087113,
      "fcf_margin": 0.23059063415637154,
      "incr_op_margin_yoy": 0.43253675825525495,
      "rev_growth_yoy": 0.4826359779488352,
      "rev_growth_yoy_accel": -0.02923759183125857,
      "op_leverage_ratio": 2.6466404105455856,
      "fcf_margin_change": 0.03299817304490185
    }
  ],
  "signals": [
    {
      "quarter": "2025-10 (Q4)",
      "signal": "OPERATING LEVERAGE",
      "detail": "Rev growth +13.0% vs OpEx growth +4.9% (leverage: 2.6x)",
      "severity": "MEDIUM"
    },
    {
      "quarter": "2025-07 (Q3)",
      "signal": "FCF MARGIN EXPANSION",
      "detail": "FCF margin: +13.2% -> +19.8% (+6.5%)",
      "severity": "MEDIUM"
    },
    {
      "quarter": "2025-01 (Q1)",
      "signal": "FCF MARGIN EXPANSION",
      "detail": "FCF margin: +7.6% -> +30.2% (+22.6%)",
      "severity": "MEDIUM"
    },
    {
      "quarter": "2025-01 (Q1)",
      "signal": "OPERATING LEVERAGE",
      "detail": "Rev growth +9.3% vs OpEx growth +3.6% (leverage: 2.6x)",
      "severity": "MEDIUM"
    },
    {
      "quarter": "2024-10 (Q4)",
      "signal": "FCF TURNED POSITIVE",
      "detail": "FCF margin: -14.5% -> +7.6%",
      "severity": "HIGH"
    },
    {
      "quarter": "2024-10 (Q4)",
      "signal": "YoY REVENUE GROWTH ACCELERATION",
      "detail": "YoY growth: +42.6% vs prior quarter YoY: +35.2% (accel: +7.4%)",
      "severity": "MEDIUM"
    },
    {
      "quarter": "2024-07 (Q3)",
      "signal": "GROSS MARGIN INFLECTION",
      "detail": "GM: +77.2% -> +48.8% -> +73.1% (reversal +24.3%)",
      "severity": "HIGH"
    },
    {
      "quarter": "2023-10 (Q4)",
      "signal": "FCF TURNED POSITIVE",
      "detail": "FCF margin: -7.4% -> +3.3%",
      "severity": "HIGH"
    },
    {
      "quarter": "2023-10 (Q4)",
      "signal": "OPERATING LEVERAGE",
      "detail": "Rev growth +9.3% vs OpEx growth +4.0% (leverage: 2.3x)",
      "severity": "MEDIUM"
    },
    {
      "quarter": "2023-07 (Q3)",
      "signal": "FCF MARGIN EXPANSION",
      "detail": "FCF margin: -15.3% -> -7.4% (+7.9%)",
      "severity": "MEDIUM"
    },
    {
      "quarter": "2023-07 (Q3)",
      "signal": "OPERATING LEVERAGE",
      "detail": "Rev growth +11.6% vs OpEx growth +2.8% (leverage: 4.1x)",
      "severity": "MEDIUM"
    }
  ],
  "data_quality": {
    "n_quarters": 11,
    "coverage": {
      "revenue": [
        11,
        11
      ],
      "gross_profit": [
        11,
        11
      ],
      "op_income": [
        11,
        11
      ],
      "fcf": [
        11,
        11
      ]
    },
    "gaps": [],
    "warnings": []
  },
  "market_cap": null,
  "source": "SEC EDGAR",
  "last_updated": "2026-02-02T20:32:11.821901"
}