{
  "ticker": "RCEL",
  "name": "AVITA MEDICAL, INC.",
  "sector": "Healthcare",
  "industry": "Medical Devices",
  "quarters": [
    {
      "date": "2020-12-31T00:00:00",
      "quarter_label": "2020-12 (Q4)",
      "revenue": 5103000,
      "gross_profit": 4282000,
      "operating_income": -5631000,
      "net_income": -5641000,
      "opex": 10362000,
      "cogs": 821000,
      "rd": 3361000,
      "sga": null,
      "fcf": null,
      "ocf": null,
      "capex": null,
      "gross_margin": 0.8391142465216539,
      "op_margin": -1.1034685479129924,
      "fcf_margin": null
    },
    {
      "date": "2021-03-31T00:00:00",
      "quarter_label": "2021-03 (Q1)",
      "revenue": 8765000,
      "gross_profit": 6619000,
      "operating_income": -5991000,
      "net_income": -5997000,
      "opex": 13180000,
      "cogs": 2146000,
      "rd": 4109000,
      "sga": null,
      "fcf": -8867000,
      "ocf": -8541000,
      "capex": -326000,
      "gross_margin": 0.7551625784369652,
      "op_margin": -0.6835139760410724,
      "fcf_margin": -1.0116371933827724,
      "op_leverage_ratio": 2.6387325286465733
    },
    {
      "date": "2021-06-30T00:00:00",
      "quarter_label": "2021-06 (Q2)",
      "revenue": 10304000,
      "gross_profit": 8251000,
      "operating_income": -4704000,
      "net_income": -4718000,
      "opex": 13395000,
      "cogs": 2053000,
      "rd": 3974000,
      "sga": null,
      "fcf": -4091000,
      "ocf": -3995000,
      "capex": -96000,
      "gross_margin": 0.8007569875776398,
      "op_margin": -0.45652173913043476,
      "fcf_margin": -0.3970302795031056,
      "op_leverage_ratio": 10.763751177383622,
      "fcf_margin_change": 0.6146069138796668
    },
    {
      "date": "2021-09-30T00:00:00",
      "quarter_label": "2021-09 (Q3)",
      "revenue": 7020000,
      "gross_profit": 5932000,
      "operating_income": -5949000,
      "net_income": -5948000,
      "opex": 12255000,
      "cogs": 1088000,
      "rd": 3388000,
      "sga": null,
      "fcf": -639000,
      "ocf": -572000,
      "capex": -67000,
      "gross_margin": 0.845014245014245,
      "op_margin": -0.8474358974358974,
      "fcf_margin": -0.09102564102564102,
      "fcf_margin_change": 0.30600463847746456
    },
    {
      "date": "2022-03-31T00:00:00",
      "quarter_label": "2022-03 (Q1)",
      "revenue": 7539000,
      "gross_profit": 5761000,
      "operating_income": -9487000,
      "net_income": -9463000,
      "opex": 15982000,
      "cogs": 1778000,
      "rd": 3620000,
      "sga": null,
      "fcf": -9434000,
      "ocf": -9370000,
      "capex": -64000,
      "gross_margin": 0.7641597028783659,
      "op_margin": -1.2583897068576735,
      "fcf_margin": -1.2513595967634965,
      "incr_op_margin_yoy": 2.8515497553017943,
      "rev_growth_yoy": -0.139874500855676,
      "op_leverage_ratio": 0.24309955762866953,
      "fcf_margin_change": -1.1603339557378556
    },
    {
      "date": "2022-06-30T00:00:00",
      "quarter_label": "2022-06 (Q2)",
      "revenue": 8335000,
      "gross_profit": 6949000,
      "operating_income": -6362000,
      "net_income": -6261000,
      "opex": 13862000,
      "cogs": 1386000,
      "rd": 3059000,
      "sga": null,
      "fcf": -3721000,
      "ocf": -3507000,
      "capex": -214000,
      "gross_margin": 0.8337132573485303,
      "op_margin": -0.7632873425314937,
      "fcf_margin": -0.44643071385722854,
      "incr_op_margin_yoy": 0.8420518029456577,
      "rev_growth_yoy": -0.19109083850931677,
      "rev_growth_yoy_accel": -0.05121633765364078,
      "op_leverage_ratio": null,
      "fcf_margin_change": 0.804928882906268
    },
    {
      "date": "2022-09-30T00:00:00",
      "quarter_label": "2022-09 (Q3)",
      "revenue": 9092000,
      "gross_profit": 7562000,
      "operating_income": -5748000,
      "net_income": -5588000,
      "opex": 14214000,
      "cogs": 1530000,
      "rd": 3799000,
      "sga": null,
      "fcf": -2881000,
      "ocf": -2777000,
      "capex": -104000,
      "gross_margin": 0.8317201935767707,
      "op_margin": -0.6322041355037396,
      "fcf_margin": -0.31687197536295647,
      "incr_op_margin_yoy": 0.09700772200772201,
      "rev_growth_yoy": 0.2951566951566952,
      "rev_growth_yoy_accel": 0.4862475336660119,
      "op_leverage_ratio": 3.576625811201396,
      "fcf_margin_change": 0.12955873849427207
    },
    {
      "date": "2022-12-31T00:00:00",
      "quarter_label": "2022-12 (Q4)",
      "revenue": 9455000,
      "gross_profit": 8108000,
      "operating_income": -5908000,
      "net_income": -5353000,
      "opex": 15042000,
      "cogs": 1347000,
      "rd": 3379000,
      "sga": null,
      "fcf": -3506000,
      "ocf": -3436000,
      "capex": -70000,
      "gross_margin": 0.8575356953992597,
      "op_margin": -0.6248545742993126,
      "fcf_margin": -0.3708090957165521,
      "op_leverage_ratio": 0.6853827540695115,
      "fcf_margin_change": -0.0539371203535956
    },
    {
      "date": "2023-03-31T00:00:00",
      "quarter_label": "2023-03 (Q1)",
      "revenue": 10550000,
      "gross_profit": 8883000,
      "operating_income": -9911000,
      "net_income": -9220000,
      "opex": 19421000,
      "cogs": 1667000,
      "rd": 4586000,
      "sga": null,
      "fcf": -9357000,
      "ocf": -9073000,
      "capex": -284000,
      "gross_margin": 0.8419905213270142,
      "op_margin": -0.939431279620853,
      "fcf_margin": -0.8869194312796208,
      "incr_op_margin_yoy": -0.1408170043175025,
      "rev_growth_yoy": 0.3993898395012601,
      "op_leverage_ratio": 0.3978168966374658,
      "fcf_margin_change": -0.5161103355630687
    },
    {
      "date": "2023-06-30T00:00:00",
      "quarter_label": "2023-06 (Q2)",
      "revenue": 11753000,
      "gross_profit": 9549000,
      "operating_income": -11165000,
      "net_income": -10384000,
      "opex": 21244000,
      "cogs": 2204000,
      "rd": 5076000,
      "sga": null,
      "fcf": -9400000,
      "ocf": -9101000,
      "capex": -299000,
      "gross_margin": 0.8124734110439887,
      "op_margin": -0.9499702203692674,
      "fcf_margin": -0.7997957968178337,
      "incr_op_margin_yoy": -1.4052077238150966,
      "rev_growth_yoy": 0.4100779844031194,
      "rev_growth_yoy_accel": 0.010688144901859264,
      "op_leverage_ratio": 1.2147812703917558,
      "fcf_margin_change": 0.08712363446178706
    },
    {
      "date": "2023-09-30T00:00:00",
      "quarter_label": "2023-09 (Q3)",
      "revenue": 13645000,
      "gross_profit": 11532000,
      "operating_income": -9306000,
      "net_income": -8712000,
      "opex": 21050000,
      "cogs": 2113000,
      "rd": 4394000,
      "sga": null,
      "fcf": -9476000,
      "ocf": -8974000,
      "capex": -502000,
      "gross_margin": 0.8451447416636131,
      "op_margin": -0.6820080615610113,
      "fcf_margin": -0.694466837669476,
      "incr_op_margin_yoy": -0.781462771798814,
      "rev_growth_yoy": 0.5007699076110866,
      "rev_growth_yoy_accel": 0.09069192320796726,
      "op_leverage_ratio": null,
      "fcf_margin_change": 0.10532895914835771
    },
    {
      "date": "2023-12-31T00:00:00",
      "quarter_label": "2023-12 (Q4)",
      "revenue": 14195000,
      "gross_profit": 12399000,
      "operating_income": -12273000,
      "net_income": -7065000,
      "opex": 24731000,
      "cogs": 1796000,
      "rd": 6765000,
      "sga": null,
      "fcf": -11159000,
      "ocf": -10863000,
      "capex": -296000,
      "gross_margin": 0.8734765762592462,
      "op_margin": -0.8646002113420218,
      "fcf_margin": -0.7861218738992602,
      "incr_op_margin_yoy": -1.3428270042194093,
      "rev_growth_yoy": 0.5013220518244316,
      "rev_growth_yoy_accel": 0.0005521442133449295,
      "op_leverage_ratio": 0.230502389689102,
      "fcf_margin_change": -0.09165503622978421
    },
    {
      "date": "2024-03-31T00:00:00",
      "quarter_label": "2024-03 (Q1)",
      "revenue": 11104000,
      "gross_profit": 9591000,
      "operating_income": -17206000,
      "net_income": -18658000,
      "opex": 26797000,
      "cogs": 1513000,
      "rd": 5194000,
      "sga": null,
      "fcf": -22011000,
      "ocf": -20864000,
      "capex": -1147000,
      "gross_margin": 0.863742795389049,
      "op_margin": -1.5495317002881845,
      "fcf_margin": -1.9822586455331412,
      "rev_growth_yoy": 0.05251184834123223,
      "rev_growth_yoy_accel": -0.44881020348319933,
      "fcf_margin_change": -1.1961367716338809
    },
    {
      "date": "2024-06-30T00:00:00",
      "quarter_label": "2024-06 (Q2)",
      "revenue": 15195000,
      "gross_profit": 13084000,
      "operating_income": -15624000,
      "net_income": -15393000,
      "opex": 28708000,
      "cogs": 2111000,
      "rd": 4887000,
      "sga": null,
      "fcf": -15432000,
      "ocf": -12780000,
      "capex": -2652000,
      "gross_margin": 0.861072721289898,
      "op_margin": -1.0282329713721619,
      "fcf_margin": -1.0155972359328727,
      "incr_op_margin_yoy": -1.2954677513073793,
      "rev_growth_yoy": 0.29286139709010467,
      "rev_growth_yoy_accel": 0.24034954874887243,
      "op_leverage_ratio": 5.166251157412644,
      "fcf_margin_change": 0.9666614096002686
    },
    {
      "date": "2024-09-30T00:00:00",
      "quarter_label": "2024-09 (Q3)",
      "revenue": 19546000,
      "gross_profit": 16356000,
      "operating_income": -13806000,
      "net_income": -16205000,
      "opex": 30162000,
      "cogs": 3190000,
      "rd": 5428000,
      "sga": null,
      "fcf": -10974000,
      "ocf": -7214000,
      "capex": -3760000,
      "gross_margin": 0.8367952522255193,
      "op_margin": -0.7063337767318122,
      "fcf_margin": -0.5614447968893891,
      "incr_op_margin_yoy": -0.762582613116421,
      "rev_growth_yoy": 0.4324661048002931,
      "rev_growth_yoy_accel": 0.13960470771018846,
      "op_leverage_ratio": 5.653623843722573,
      "fcf_margin_change": 0.45415243904348357
    },
    {
      "date": "2024-12-31T00:00:00",
      "quarter_label": "2024-12 (Q4)",
      "revenue": 18406000,
      "gross_profit": 16126000,
      "operating_income": -9957000,
      "net_income": -11589000,
      "opex": 26083000,
      "cogs": 2280000,
      "rd": 4850000,
      "sga": null,
      "fcf": -9693000,
      "ocf": -8081000,
      "capex": -1612000,
      "gross_margin": 0.8761273497772466,
      "op_margin": -0.5409649027491036,
      "fcf_margin": -0.5266217537759427,
      "incr_op_margin_yoy": 0.5499881263357872,
      "rev_growth_yoy": 0.2966537513208876,
      "rev_growth_yoy_accel": -0.1358123534794055,
      "fcf_margin_change": 0.03482304311344642
    },
    {
      "date": "2025-03-31T00:00:00",
      "quarter_label": "2025-03 (Q1)",
      "revenue": 18514000,
      "gross_profit": 15681000,
      "operating_income": -11827000,
      "net_income": -13859000,
      "opex": 27508000,
      "cogs": 2833000,
      "rd": 6284000,
      "sga": null,
      "fcf": -10530000,
      "ocf": -10309000,
      "capex": -221000,
      "gross_margin": 0.8469806632818407,
      "op_margin": -0.6388138705844226,
      "fcf_margin": -0.5687587771416226,
      "incr_op_margin_yoy": 0.7259109311740891,
      "rev_growth_yoy": 0.6673270893371758,
      "rev_growth_yoy_accel": 0.37067333801628816,
      "fcf_margin_change": -0.042137023365679926
    },
    {
      "date": "2025-06-30T00:00:00",
      "quarter_label": "2025-06 (Q2)",
      "revenue": 18418000,
      "gross_profit": 14949000,
      "operating_income": -11148000,
      "net_income": -9920000,
      "opex": 26097000,
      "cogs": 3469000,
      "rd": 5117000,
      "sga": null,
      "fcf": -10753000,
      "ocf": -10229000,
      "capex": -524000,
      "gross_margin": 0.8116516451297644,
      "op_margin": -0.6052774459767619,
      "fcf_margin": -0.5838310348572049,
      "incr_op_margin_yoy": 1.388768228358672,
      "rev_growth_yoy": 0.2121092464626522,
      "rev_growth_yoy_accel": -0.4552178428745236,
      "fcf_margin_change": -0.015072257715582293
    },
    {
      "date": "2025-09-30T00:00:00",
      "quarter_label": "2025-09 (Q3)",
      "revenue": 17062000,
      "gross_profit": 13875000,
      "operating_income": -9153000,
      "net_income": -13187000,
      "opex": 23028000,
      "cogs": 3187000,
      "rd": 3748000,
      "sga": null,
      "fcf": -6153000,
      "ocf": -5219000,
      "capex": -934000,
      "gross_margin": 0.8132106435353417,
      "op_margin": -0.5364552807408276,
      "fcf_margin": -0.3606259524088618,
      "incr_op_margin_yoy": -1.8731884057971016,
      "rev_growth_yoy": -0.12708482553975237,
      "rev_growth_yoy_accel": -0.3391940720024046,
      "fcf_margin_change": 0.22320508244834308
    },
    {
      "date": "2025-12-31T00:00:00",
      "quarter_label": "2025-12 (Q4)",
      "revenue": 17615000,
      "gross_profit": 14311000,
      "operating_income": -10408000,
      "net_income": -11621000,
      "opex": 24719000,
      "cogs": 3304000,
      "rd": 5691000,
      "sga": null,
      "fcf": -4764000,
      "ocf": -5438000,
      "capex": 674000,
      "gross_margin": 0.8124325858643202,
      "op_margin": -0.5908600624467784,
      "fcf_margin": -0.27045131989781435,
      "rev_growth_yoy": -0.04297511680973595,
      "rev_growth_yoy_accel": 0.08410970873001641,
      "op_leverage_ratio": 0.4413750775427094,
      "fcf_margin_change": 0.09017463251104746
    }
  ],
  "signals": [
    {
      "quarter": "2025-12 (Q4)",
      "signal": "FCF MARGIN EXPANSION",
      "detail": "FCF margin: -36.1% -> -27.0% (+9.0%)",
      "severity": "MEDIUM"
    },
    {
      "quarter": "2025-12 (Q4)",
      "signal": "YoY REVENUE GROWTH ACCELERATION",
      "detail": "YoY growth: -4.3% vs prior quarter YoY: -12.7% (accel: +8.4%)",
      "severity": "MEDIUM"
    },
    {
      "quarter": "2025-09 (Q3)",
      "signal": "FCF MARGIN EXPANSION",
      "detail": "FCF margin: -58.4% -> -36.1% (+22.3%)",
      "severity": "MEDIUM"
    },
    {
      "quarter": "2025-09 (Q3)",
      "signal": "YoY REVENUE GROWTH DECELERATION",
      "detail": "YoY growth: -12.7% vs prior quarter YoY: +21.2% (decel: -33.9%)",
      "severity": "WARNING"
    },
    {
      "quarter": "2025-06 (Q2)",
      "signal": "YoY REVENUE GROWTH DECELERATION",
      "detail": "YoY growth: +21.2% vs prior quarter YoY: +66.7% (decel: -45.5%)",
      "severity": "WARNING"
    },
    {
      "quarter": "2025-03 (Q1)",
      "signal": "YoY REVENUE GROWTH ACCELERATION",
      "detail": "YoY growth: +66.7% vs prior quarter YoY: +29.7% (accel: +37.1%)",
      "severity": "HIGH"
    },
    {
      "quarter": "2024-12 (Q4)",
      "signal": "GROSS MARGIN INFLECTION",
      "detail": "GM: +86.1% -> +83.7% -> +87.6% (reversal +3.9%)",
      "severity": "MEDIUM"
    },
    {
      "quarter": "2024-12 (Q4)",
      "signal": "YoY REVENUE GROWTH DECELERATION",
      "detail": "YoY growth: +29.7% vs prior quarter YoY: +43.2% (decel: -13.6%)",
      "severity": "WARNING"
    },
    {
      "quarter": "2024-09 (Q3)",
      "signal": "FCF MARGIN EXPANSION",
      "detail": "FCF margin: -101.6% -> -56.1% (+45.4%)",
      "severity": "MEDIUM"
    },
    {
      "quarter": "2024-09 (Q3)",
      "signal": "OPERATING LEVERAGE",
      "detail": "Rev growth +28.6% vs OpEx growth +5.1% (leverage: 5.7x)",
      "severity": "MEDIUM"
    },
    {
      "quarter": "2024-09 (Q3)",
      "signal": "YoY REVENUE GROWTH ACCELERATION",
      "detail": "YoY growth: +43.2% vs prior quarter YoY: +29.3% (accel: +14.0%)",
      "severity": "MEDIUM"
    },
    {
      "quarter": "2024-06 (Q2)",
      "signal": "FCF MARGIN EXPANSION",
      "detail": "FCF margin: -198.2% -> -101.6% (+96.7%)",
      "severity": "MEDIUM"
    },
    {
      "quarter": "2024-06 (Q2)",
      "signal": "OPERATING LEVERAGE",
      "detail": "Rev growth +36.8% vs OpEx growth +7.1% (leverage: 5.2x)",
      "severity": "MEDIUM"
    },
    {
      "quarter": "2024-06 (Q2)",
      "signal": "YoY REVENUE GROWTH ACCELERATION",
      "detail": "YoY growth: +29.3% vs prior quarter YoY: +5.3% (accel: +24.0%)",
      "severity": "HIGH"
    },
    {
      "quarter": "2024-03 (Q1)",
      "signal": "YoY REVENUE GROWTH DECELERATION",
      "detail": "YoY growth: +5.3% vs prior quarter YoY: +50.1% (decel: -44.9%)",
      "severity": "WARNING"
    },
    {
      "quarter": "2023-09 (Q3)",
      "signal": "FCF MARGIN EXPANSION",
      "detail": "FCF margin: -80.0% -> -69.4% (+10.5%)",
      "severity": "MEDIUM"
    },
    {
      "quarter": "2023-09 (Q3)",
      "signal": "GROSS MARGIN INFLECTION",
      "detail": "GM: +84.2% -> +81.2% -> +84.5% (reversal +3.3%)",
      "severity": "MEDIUM"
    },
    {
      "quarter": "2023-09 (Q3)",
      "signal": "YoY REVENUE GROWTH ACCELERATION",
      "detail": "YoY growth: +50.1% vs prior quarter YoY: +41.0% (accel: +9.1%)",
      "severity": "MEDIUM"
    },
    {
      "quarter": "2023-06 (Q2)",
      "signal": "FCF MARGIN EXPANSION",
      "detail": "FCF margin: -88.7% -> -80.0% (+8.7%)",
      "severity": "MEDIUM"
    },
    {
      "quarter": "2022-12 (Q4)",
      "signal": "GROSS MARGIN INFLECTION",
      "detail": "GM: +83.4% -> +83.2% -> +85.8% (reversal +2.6%)",
      "severity": "MEDIUM"
    },
    {
      "quarter": "2022-09 (Q3)",
      "signal": "FCF MARGIN EXPANSION",
      "detail": "FCF margin: -44.6% -> -31.7% (+13.0%)",
      "severity": "MEDIUM"
    },
    {
      "quarter": "2022-09 (Q3)",
      "signal": "OPERATING LEVERAGE",
      "detail": "Rev growth +9.1% vs OpEx growth +2.5% (leverage: 3.6x)",
      "severity": "MEDIUM"
    },
    {
      "quarter": "2022-09 (Q3)",
      "signal": "YoY REVENUE GROWTH ACCELERATION",
      "detail": "YoY growth: +29.5% vs prior quarter YoY: -19.1% (accel: +48.6%)",
      "severity": "HIGH"
    },
    {
      "quarter": "2022-06 (Q2)",
      "signal": "FCF MARGIN EXPANSION",
      "detail": "FCF margin: -125.1% -> -44.6% (+80.5%)",
      "severity": "MEDIUM"
    },
    {
      "quarter": "2022-06 (Q2)",
      "signal": "GROSS MARGIN INFLECTION",
      "detail": "GM: +84.5% -> +76.4% -> +83.4% (reversal +7.0%)",
      "severity": "HIGH"
    },
    {
      "quarter": "2022-06 (Q2)",
      "signal": "YoY REVENUE GROWTH DECELERATION",
      "detail": "YoY growth: -19.1% vs prior quarter YoY: -14.0% (decel: -5.1%)",
      "severity": "WARNING"
    },
    {
      "quarter": "2021-09 (Q3)",
      "signal": "FCF MARGIN EXPANSION",
      "detail": "FCF margin: -39.7% -> -9.1% (+30.6%)",
      "severity": "MEDIUM"
    },
    {
      "quarter": "2021-06 (Q2)",
      "signal": "FCF MARGIN EXPANSION",
      "detail": "FCF margin: -101.2% -> -39.7% (+61.5%)",
      "severity": "MEDIUM"
    },
    {
      "quarter": "2021-06 (Q2)",
      "signal": "OPERATING LEVERAGE",
      "detail": "Rev growth +17.6% vs OpEx growth +1.6% (leverage: 10.8x)",
      "severity": "MEDIUM"
    },
    {
      "quarter": "2021-06 (Q2)",
      "signal": "GROSS MARGIN INFLECTION",
      "detail": "GM: +83.9% -> +75.5% -> +80.1% (reversal +4.6%)",
      "severity": "MEDIUM"
    },
    {
      "quarter": "2021-03 (Q1)",
      "signal": "OPERATING LEVERAGE",
      "detail": "Rev growth +71.8% vs OpEx growth +27.2% (leverage: 2.6x)",
      "severity": "MEDIUM"
    }
  ],
  "data_quality": {
    "n_quarters": 20,
    "coverage": {
      "revenue": [
        20,
        20
      ],
      "gross_profit": [
        20,
        20
      ],
      "op_income": [
        20,
        20
      ],
      "fcf": [
        19,
        20
      ]
    },
    "gaps": [
      [
        "2021-09 (Q3)",
        "2022-03 (Q1)",
        182
      ]
    ],
    "warnings": [
      "gap: 1Q missing between 2021-09 (Q3) and 2022-03 (Q1)"
    ]
  },
  "market_cap": null,
  "source": "SEC EDGAR",
  "last_updated": "2026-02-24T10:56:14.910380"
}