{
  "ticker": "RCKY",
  "name": "ROCKY BRANDS, INC.",
  "quarters": [
    {
      "date": "2020-12-31T00:00:00",
      "quarter_label": "2020-12 (Q4)",
      "revenue": 87618000,
      "gross_profit": 36121000,
      "operating_income": 12900000,
      "net_income": 9721000,
      "opex": 23221000,
      "cogs": 51497000,
      "rd": null,
      "sga": null,
      "fcf": 10247000,
      "ocf": 13345000,
      "capex": -3098000,
      "gross_margin": 0.41225547261978135,
      "op_margin": 0.1472300212285147,
      "fcf_margin": 0.11695085484717752
    },
    {
      "date": "2021-03-31T00:00:00",
      "quarter_label": "2021-03 (Q1)",
      "revenue": 87667000,
      "gross_profit": 35139000,
      "operating_income": 6581000,
      "net_income": 4492000,
      "opex": 28558000,
      "cogs": 52528000,
      "rd": null,
      "sga": null,
      "fcf": 1687000,
      "ocf": 2896000,
      "capex": -1209000,
      "gross_margin": 0.40082357101303795,
      "op_margin": 0.07506815563438922,
      "fcf_margin": 0.01924327283926677,
      "fcf_margin_change": -0.09770758200791074
    },
    {
      "date": "2021-06-30T00:00:00",
      "quarter_label": "2021-06 (Q2)",
      "revenue": 131602000,
      "gross_profit": 49154000,
      "operating_income": 8437000,
      "net_income": 3895000,
      "opex": 40717000,
      "cogs": 82448000,
      "rd": null,
      "sga": null,
      "fcf": -429000,
      "ocf": 8119000,
      "capex": -8548000,
      "gross_margin": 0.37350496193066973,
      "op_margin": 0.06410996793361803,
      "fcf_margin": -0.0032598288779805778,
      "op_leverage_ratio": 1.1770757607254652,
      "fcf_margin_change": -0.022503101717247346
    },
    {
      "date": "2021-09-30T00:00:00",
      "quarter_label": "2021-09 (Q3)",
      "revenue": 125507000,
      "gross_profit": 46961000,
      "operating_income": 2753000,
      "net_income": -375000,
      "opex": 44208000,
      "cogs": 78546000,
      "rd": null,
      "sga": null,
      "fcf": -45606000,
      "ocf": -39503000,
      "capex": -6103000,
      "gross_margin": 0.3741703649995618,
      "op_margin": 0.02193503151218657,
      "fcf_margin": -0.3633741544296334,
      "fcf_margin_change": -0.3601143255516528
    },
    {
      "date": "2021-12-31T00:00:00",
      "quarter_label": "2021-12 (Q4)",
      "revenue": 169451000,
      "gross_profit": 63282000,
      "operating_income": 18201000,
      "net_income": 12547000,
      "opex": 45081000,
      "cogs": 106169000,
      "rd": null,
      "sga": null,
      "fcf": -31582000,
      "ocf": -26387000,
      "capex": -5195000,
      "gross_margin": 0.3734530926344489,
      "op_margin": 0.10741158210928232,
      "fcf_margin": -0.18637836306660924,
      "incr_op_margin_yoy": 0.06477826793591827,
      "rev_growth_yoy": 0.9339747540459723,
      "op_leverage_ratio": 17.730388882897156,
      "fcf_margin_change": 0.17699579136302415
    },
    {
      "date": "2022-03-31T00:00:00",
      "quarter_label": "2022-03 (Q1)",
      "revenue": 167025000,
      "gross_profit": 62827000,
      "operating_income": 13197000,
      "net_income": 7339000,
      "opex": 49630000,
      "cogs": 104198000,
      "rd": null,
      "sga": null,
      "fcf": 12550000,
      "ocf": 13793000,
      "capex": -1243000,
      "gross_margin": 0.37615327046849273,
      "op_margin": 0.07901212393354289,
      "fcf_margin": 0.07513845232749589,
      "incr_op_margin_yoy": 0.08336903651805741,
      "rev_growth_yoy": 0.9052208926962255,
      "rev_growth_yoy_accel": -0.02875386134974678,
      "fcf_margin_change": 0.2615168153941051
    },
    {
      "date": "2022-06-30T00:00:00",
      "quarter_label": "2022-06 (Q2)",
      "revenue": 162039000,
      "gross_profit": 53751000,
      "operating_income": 5596000,
      "net_income": 920000,
      "opex": 48155000,
      "cogs": 108288000,
      "rd": null,
      "sga": null,
      "fcf": -24682000,
      "ocf": -22360000,
      "capex": -2322000,
      "gross_margin": 0.3317164386351434,
      "op_margin": 0.034534895920118,
      "fcf_margin": -0.15232135473558833,
      "incr_op_margin_yoy": -0.09334034234648618,
      "rev_growth_yoy": 0.2312806796249297,
      "rev_growth_yoy_accel": -0.6739402130712958,
      "fcf_margin_change": -0.22745980706308422
    },
    {
      "date": "2022-09-30T00:00:00",
      "quarter_label": "2022-09 (Q3)",
      "revenue": 147486000,
      "gross_profit": 51930000,
      "operating_income": 11625000,
      "net_income": 5691000,
      "opex": 40305000,
      "cogs": 95556000,
      "rd": null,
      "sga": null,
      "fcf": -2873000,
      "ocf": -761000,
      "capex": -2112000,
      "gross_margin": 0.3521012163866401,
      "op_margin": 0.0788210406411456,
      "fcf_margin": -0.019479815033291294,
      "incr_op_margin_yoy": 0.40365803721734383,
      "rev_growth_yoy": 0.17512170635900787,
      "rev_growth_yoy_accel": -0.05615897326592184,
      "fcf_margin_change": 0.13284153970229703
    },
    {
      "date": "2022-12-31T00:00:00",
      "quarter_label": "2022-12 (Q4)",
      "revenue": 138926000,
      "gross_profit": 56712000,
      "operating_income": 13620000,
      "net_income": 6515000,
      "opex": 43092000,
      "cogs": 82214000,
      "rd": null,
      "sga": null,
      "fcf": 27426000,
      "ocf": 28451000,
      "capex": -1025000,
      "gross_margin": 0.40821732433093877,
      "op_margin": 0.09803780429869138,
      "fcf_margin": 0.19741445085873055,
      "incr_op_margin_yoy": 0.15007371007371006,
      "rev_growth_yoy": -0.18014057161067212,
      "rev_growth_yoy_accel": -0.35526227796968,
      "fcf_margin_change": 0.21689426589202185
    },
    {
      "date": "2023-03-31T00:00:00",
      "quarter_label": "2023-03 (Q1)",
      "revenue": 110445000,
      "gross_profit": 43759000,
      "operating_income": 4155000,
      "net_income": -398000,
      "opex": 39604000,
      "cogs": 66686000,
      "rd": null,
      "sga": null,
      "fcf": 20373000,
      "ocf": 20804000,
      "capex": -431000,
      "gross_margin": 0.39620625650776403,
      "op_margin": 0.037620535107972294,
      "fcf_margin": 0.1844628548146136,
      "incr_op_margin_yoy": 0.15980911983032875,
      "rev_growth_yoy": -0.33875168387965876,
      "rev_growth_yoy_accel": -0.15861111226898664,
      "fcf_margin_change": -0.012951596044116942
    },
    {
      "date": "2023-06-30T00:00:00",
      "quarter_label": "2023-06 (Q2)",
      "revenue": 99822000,
      "gross_profit": 37572000,
      "operating_income": 2202000,
      "net_income": -2715000,
      "opex": 35370000,
      "cogs": 62250000,
      "rd": null,
      "sga": null,
      "fcf": -2455000,
      "ocf": -1148000,
      "capex": -1307000,
      "gross_margin": 0.3763899741539941,
      "op_margin": 0.022059265492576786,
      "fcf_margin": -0.024593776922922802,
      "incr_op_margin_yoy": 0.05455100695951268,
      "rev_growth_yoy": -0.3839631199896321,
      "rev_growth_yoy_accel": -0.04521143610997336,
      "fcf_margin_change": -0.2090566317375364
    },
    {
      "date": "2023-09-30T00:00:00",
      "quarter_label": "2023-09 (Q3)",
      "revenue": 125614000,
      "gross_profit": 46538000,
      "operating_income": 14279000,
      "net_income": 6827000,
      "opex": 32259000,
      "cogs": 79076000,
      "rd": null,
      "sga": null,
      "fcf": 10284000,
      "ocf": 11477000,
      "capex": -1193000,
      "gross_margin": 0.3704841816994921,
      "op_margin": 0.11367363510436734,
      "fcf_margin": 0.0818698552709093,
      "incr_op_margin_yoy": -0.12134235552304316,
      "rev_growth_yoy": -0.1482988215830655,
      "rev_growth_yoy_accel": 0.2356642984065666,
      "op_leverage_ratio": Infinity,
      "fcf_margin_change": 0.1064636321938321
    },
    {
      "date": "2023-12-31T00:00:00",
      "quarter_label": "2023-12 (Q4)",
      "revenue": 125952000,
      "gross_profit": 50729000,
      "operating_income": 14736000,
      "net_income": 6713000,
      "opex": 35993000,
      "cogs": 75223000,
      "rd": null,
      "sga": null,
      "fcf": 41456000,
      "ocf": 42443000,
      "capex": -987000,
      "gross_margin": 0.40276454522357724,
      "op_margin": 0.1169969512195122,
      "fcf_margin": 0.32914126016260165,
      "incr_op_margin_yoy": -0.08601819022660706,
      "rev_growth_yoy": -0.09338784676734377,
      "rev_growth_yoy_accel": 0.05491097481572174,
      "fcf_margin_change": 0.24727140489169236
    },
    {
      "date": "2024-03-31T00:00:00",
      "quarter_label": "2024-03 (Q1)",
      "revenue": 112906000,
      "gross_profit": 44149000,
      "operating_income": 7983000,
      "net_income": 2550000,
      "opex": 36166000,
      "cogs": 68757000,
      "rd": null,
      "sga": null,
      "fcf": 17122000,
      "ocf": 17402000,
      "capex": -280000,
      "gross_margin": 0.391024391972083,
      "op_margin": 0.07070483410979045,
      "fcf_margin": 0.1516482737852727,
      "incr_op_margin_yoy": 1.555465258025193,
      "rev_growth_yoy": 0.022282584091629316,
      "rev_growth_yoy_accel": 0.11567043085897308,
      "fcf_margin_change": -0.17749298637732894
    },
    {
      "date": "2024-06-30T00:00:00",
      "quarter_label": "2024-06 (Q2)",
      "revenue": 98258000,
      "gross_profit": 38038000,
      "operating_income": 4508000,
      "net_income": -1243000,
      "opex": 33530000,
      "cogs": 60220000,
      "rd": null,
      "sga": null,
      "fcf": 4623000,
      "ocf": 6473000,
      "capex": -1850000,
      "gross_margin": 0.3871236947627674,
      "op_margin": 0.04587921594170449,
      "fcf_margin": 0.04704960410348267,
      "incr_op_margin_yoy": -1.4744245524296675,
      "rev_growth_yoy": -0.015667888842139006,
      "rev_growth_yoy_accel": -0.037950472933768326,
      "fcf_margin_change": -0.10459866968179005
    },
    {
      "date": "2024-09-30T00:00:00",
      "quarter_label": "2024-09 (Q3)",
      "revenue": 114554000,
      "gross_profit": 43646000,
      "operating_income": 10071000,
      "net_income": 5279000,
      "opex": 33575000,
      "cogs": 70908000,
      "rd": null,
      "sga": null,
      "fcf": 3457000,
      "ocf": 4497000,
      "capex": -1040000,
      "gross_margin": 0.38100808352392757,
      "op_margin": 0.08791486984304346,
      "fcf_margin": 0.03017790736246661,
      "incr_op_margin_yoy": 0.38047016274864376,
      "rev_growth_yoy": -0.08804751062779627,
      "rev_growth_yoy_accel": -0.07237962178565727,
      "op_leverage_ratio": 123.57600059706759,
      "fcf_margin_change": -0.01687169674101606
    },
    {
      "date": "2024-12-31T00:00:00",
      "quarter_label": "2024-12 (Q4)",
      "revenue": 128054000,
      "gross_profit": 53178000,
      "operating_income": 8505000,
      "net_income": 4801000,
      "opex": 44673000,
      "cogs": 74876000,
      "rd": null,
      "sga": null,
      "fcf": 22899000,
      "ocf": 24392000,
      "capex": -1493000,
      "gross_margin": 0.4152779296234401,
      "op_margin": 0.06641729270464022,
      "fcf_margin": 0.17882299654833117,
      "incr_op_margin_yoy": -2.9643196955280686,
      "rev_growth_yoy": 0.016688897357723578,
      "rev_growth_yoy_accel": 0.10473640798551985,
      "op_leverage_ratio": 0.3565289587936507,
      "fcf_margin_change": 0.14864508918586455
    },
    {
      "date": "2025-03-31T00:00:00",
      "quarter_label": "2025-03 (Q1)",
      "revenue": 114073000,
      "gross_profit": 47008000,
      "operating_income": 8706000,
      "net_income": 4941000,
      "opex": 38302000,
      "cogs": 67065000,
      "rd": null,
      "sga": null,
      "fcf": 529000,
      "ocf": 1230000,
      "capex": -701000,
      "gross_margin": 0.412086996923023,
      "op_margin": 0.07631954976199451,
      "fcf_margin": 0.004637381325993005,
      "incr_op_margin_yoy": 0.6195372750642674,
      "rev_growth_yoy": 0.010336031743220024,
      "rev_growth_yoy_accel": -0.006352865614503553,
      "fcf_margin_change": -0.17418561522233816
    },
    {
      "date": "2025-06-30T00:00:00",
      "quarter_label": "2025-06 (Q2)",
      "revenue": 105647000,
      "gross_profit": 43281000,
      "operating_income": 7156000,
      "net_income": 3608000,
      "opex": 36125000,
      "cogs": 62366000,
      "rd": null,
      "sga": null,
      "fcf": -2359000,
      "ocf": 812000,
      "capex": -3171000,
      "gross_margin": 0.4096756178594754,
      "op_margin": 0.06773500430679527,
      "fcf_margin": -0.02232907702064422,
      "incr_op_margin_yoy": 0.35837055081878466,
      "rev_growth_yoy": 0.07519998371633863,
      "rev_growth_yoy_accel": 0.0648639519731186,
      "fcf_margin_change": -0.026966458346637225
    },
    {
      "date": "2025-09-30T00:00:00",
      "quarter_label": "2025-09 (Q3)",
      "revenue": 122540000,
      "gross_profit": 49276000,
      "operating_income": 11735000,
      "net_income": 7212000,
      "opex": 37541000,
      "cogs": 73264000,
      "rd": null,
      "sga": null,
      "fcf": -5165000,
      "ocf": -3328000,
      "capex": -1837000,
      "gross_margin": 0.40212175616125345,
      "op_margin": 0.09576464827811326,
      "fcf_margin": -0.042149502203362166,
      "incr_op_margin_yoy": 0.20836463811670422,
      "rev_growth_yoy": 0.06971384674476666,
      "rev_growth_yoy_accel": -0.005486136971571964,
      "op_leverage_ratio": 4.079380497701571,
      "fcf_margin_change": -0.019820425182717944
    }
  ],
  "signals": [
    {
      "quarter": "2025-09 (Q3)",
      "signal": "OPERATING LEVERAGE",
      "detail": "Rev growth +16.0% vs OpEx growth +3.9% (leverage: 4.1x)",
      "severity": "MEDIUM"
    },
    {
      "quarter": "2025-09 (Q3)",
      "signal": "INCREMENTAL MARGIN (YoY)",
      "detail": "YoY Incr OPM: +20.8% vs year-ago OPM: +8.8%",
      "severity": "MEDIUM"
    },
    {
      "quarter": "2025-06 (Q2)",
      "signal": "YoY REVENUE GROWTH ACCELERATION",
      "detail": "YoY growth: +7.5% vs prior quarter YoY: +1.0% (accel: +6.5%)",
      "severity": "MEDIUM"
    },
    {
      "quarter": "2025-06 (Q2)",
      "signal": "INCREMENTAL MARGIN (YoY)",
      "detail": "YoY Incr OPM: +35.8% vs year-ago OPM: +4.6%",
      "severity": "HIGH"
    },
    {
      "quarter": "2025-03 (Q1)",
      "signal": "INCREMENTAL MARGIN (YoY)",
      "detail": "YoY Incr OPM: +62.0% vs year-ago OPM: +7.1%",
      "severity": "HIGH"
    },
    {
      "quarter": "2024-12 (Q4)",
      "signal": "FCF MARGIN EXPANSION",
      "detail": "FCF margin: +3.0% -> +17.9% (+14.9%)",
      "severity": "MEDIUM"
    },
    {
      "quarter": "2024-12 (Q4)",
      "signal": "GROSS MARGIN INFLECTION",
      "detail": "GM: +38.7% -> +38.1% -> +41.5% (reversal +3.4%)",
      "severity": "MEDIUM"
    },
    {
      "quarter": "2024-12 (Q4)",
      "signal": "YoY REVENUE GROWTH ACCELERATION",
      "detail": "YoY growth: +1.7% vs prior quarter YoY: -8.8% (accel: +10.5%)",
      "severity": "MEDIUM"
    },
    {
      "quarter": "2024-09 (Q3)",
      "signal": "OPERATING LEVERAGE",
      "detail": "Rev growth +16.6% vs OpEx growth +0.1% (leverage: 123.6x)",
      "severity": "MEDIUM"
    },
    {
      "quarter": "2024-09 (Q3)",
      "signal": "YoY REVENUE GROWTH DECELERATION",
      "detail": "YoY growth: -8.8% vs prior quarter YoY: -1.6% (decel: -7.2%)",
      "severity": "WARNING"
    },
    {
      "quarter": "2024-09 (Q3)",
      "signal": "INCREMENTAL MARGIN (YoY)",
      "detail": "YoY Incr OPM: +38.0% vs year-ago OPM: +11.4%",
      "severity": "HIGH"
    },
    {
      "quarter": "2024-03 (Q1)",
      "signal": "YoY REVENUE GROWTH ACCELERATION",
      "detail": "YoY growth: +2.2% vs prior quarter YoY: -9.3% (accel: +11.6%)",
      "severity": "MEDIUM"
    },
    {
      "quarter": "2024-03 (Q1)",
      "signal": "INCREMENTAL MARGIN (YoY)",
      "detail": "YoY Incr OPM: +155.5% vs year-ago OPM: +3.8%",
      "severity": "HIGH"
    },
    {
      "quarter": "2023-12 (Q4)",
      "signal": "FCF MARGIN EXPANSION",
      "detail": "FCF margin: +8.2% -> +32.9% (+24.7%)",
      "severity": "MEDIUM"
    },
    {
      "quarter": "2023-12 (Q4)",
      "signal": "GROSS MARGIN INFLECTION",
      "detail": "GM: +37.6% -> +37.0% -> +40.3% (reversal +3.2%)",
      "severity": "MEDIUM"
    },
    {
      "quarter": "2023-12 (Q4)",
      "signal": "YoY REVENUE GROWTH ACCELERATION",
      "detail": "YoY growth: -9.3% vs prior quarter YoY: -14.8% (accel: +5.5%)",
      "severity": "MEDIUM"
    },
    {
      "quarter": "2023-09 (Q3)",
      "signal": "FCF TURNED POSITIVE",
      "detail": "FCF margin: -2.5% -> +8.2%",
      "severity": "HIGH"
    },
    {
      "quarter": "2023-09 (Q3)",
      "signal": "YoY REVENUE GROWTH ACCELERATION",
      "detail": "YoY growth: -14.8% vs prior quarter YoY: -38.4% (accel: +23.6%)",
      "severity": "HIGH"
    },
    {
      "quarter": "2023-03 (Q1)",
      "signal": "YoY REVENUE GROWTH DECELERATION",
      "detail": "YoY growth: -33.9% vs prior quarter YoY: -18.0% (decel: -15.9%)",
      "severity": "WARNING"
    },
    {
      "quarter": "2022-12 (Q4)",
      "signal": "FCF TURNED POSITIVE",
      "detail": "FCF margin: -1.9% -> +19.7%",
      "severity": "HIGH"
    },
    {
      "quarter": "2022-12 (Q4)",
      "signal": "YoY REVENUE GROWTH DECELERATION",
      "detail": "YoY growth: -18.0% vs prior quarter YoY: +17.5% (decel: -35.5%)",
      "severity": "WARNING"
    },
    {
      "quarter": "2022-09 (Q3)",
      "signal": "FCF MARGIN EXPANSION",
      "detail": "FCF margin: -15.2% -> -1.9% (+13.3%)",
      "severity": "MEDIUM"
    },
    {
      "quarter": "2022-09 (Q3)",
      "signal": "GROSS MARGIN INFLECTION",
      "detail": "GM: +37.6% -> +33.2% -> +35.2% (reversal +2.0%)",
      "severity": "MEDIUM"
    },
    {
      "quarter": "2022-09 (Q3)",
      "signal": "YoY REVENUE GROWTH DECELERATION",
      "detail": "YoY growth: +17.5% vs prior quarter YoY: +23.1% (decel: -5.6%)",
      "severity": "WARNING"
    },
    {
      "quarter": "2022-09 (Q3)",
      "signal": "INCREMENTAL MARGIN (YoY)",
      "detail": "YoY Incr OPM: +40.4% vs year-ago OPM: +2.2%",
      "severity": "HIGH"
    },
    {
      "quarter": "2022-06 (Q2)",
      "signal": "YoY REVENUE GROWTH DECELERATION",
      "detail": "YoY growth: +23.1% vs prior quarter YoY: +90.5% (decel: -67.4%)",
      "severity": "WARNING"
    },
    {
      "quarter": "2022-03 (Q1)",
      "signal": "FCF TURNED POSITIVE",
      "detail": "FCF margin: -18.6% -> +7.5%",
      "severity": "HIGH"
    },
    {
      "quarter": "2021-12 (Q4)",
      "signal": "FCF MARGIN EXPANSION",
      "detail": "FCF margin: -36.3% -> -18.6% (+17.7%)",
      "severity": "MEDIUM"
    },
    {
      "quarter": "2021-12 (Q4)",
      "signal": "OPERATING LEVERAGE",
      "detail": "Rev growth +35.0% vs OpEx growth +2.0% (leverage: 17.7x)",
      "severity": "MEDIUM"
    }
  ],
  "data_quality": {
    "n_quarters": 20,
    "coverage": {
      "revenue": [
        20,
        20
      ],
      "gross_profit": [
        20,
        20
      ],
      "op_income": [
        20,
        20
      ],
      "fcf": [
        20,
        20
      ]
    },
    "gaps": [],
    "warnings": []
  },
  "market_cap": null,
  "source": "SEC EDGAR",
  "last_updated": "2026-02-02T22:52:40.956228"
}