{
  "ticker": "RCL",
  "name": "ROYAL CARIBBEAN CRUISES LTD.",
  "quarters": [
    {
      "date": "2020-12-31T00:00:00",
      "quarter_label": "2020-12 (Q4)",
      "revenue": 34138000,
      "gross_profit": -231122000,
      "operating_income": -1016549000,
      "net_income": -1366935000,
      "opex": 785427000,
      "cogs": 265260000,
      "rd": null,
      "sga": 255533000,
      "fcf": -1217288000,
      "ocf": -825398000,
      "capex": -391890000,
      "gross_margin": -6.770226726814693,
      "op_margin": -29.777637822953892,
      "fcf_margin": -35.65785927705196
    },
    {
      "date": "2021-03-31T00:00:00",
      "quarter_label": "2021-03 (Q1)",
      "revenue": 42014000,
      "gross_profit": -241473000,
      "operating_income": -809231000,
      "net_income": -1131722000,
      "opex": 567758000,
      "cogs": 283487000,
      "rd": null,
      "sga": 258041000,
      "fcf": -1870874000,
      "ocf": -809183000,
      "capex": -1061691000,
      "gross_margin": -5.747441329080782,
      "op_margin": -19.260984433760175,
      "fcf_margin": -44.52977578902271,
      "op_leverage_ratio": Infinity,
      "fcf_margin_change": -8.871916511970745
    },
    {
      "date": "2021-06-30T00:00:00",
      "quarter_label": "2021-06 (Q2)",
      "revenue": 50914000,
      "gross_profit": -373916000,
      "operating_income": -1023534000,
      "net_income": -1347255000,
      "opex": 649618000,
      "cogs": 424830000,
      "rd": null,
      "sga": 285558000,
      "fcf": -684855000,
      "ocf": -460371000,
      "capex": -224484000,
      "gross_margin": -7.344070393212083,
      "op_margin": -20.103193620615155,
      "fcf_margin": -13.451211847428999,
      "op_leverage_ratio": 1.4692222530130297,
      "fcf_margin_change": 31.078563941593707
    },
    {
      "date": "2021-09-30T00:00:00",
      "quarter_label": "2021-09 (Q3)",
      "revenue": 456958000,
      "gross_profit": -356733000,
      "operating_income": -1005824000,
      "net_income": -1424554000,
      "opex": 649091000,
      "cogs": 813691000,
      "rd": null,
      "sga": 323422000,
      "fcf": -771311000,
      "ocf": -403215000,
      "capex": -368096000,
      "gross_margin": -0.7806691205756328,
      "op_margin": -2.2011300819768995,
      "fcf_margin": -1.6879253673204102,
      "op_leverage_ratio": Infinity,
      "fcf_margin_change": 11.763286480108588
    },
    {
      "date": "2021-12-31T00:00:00",
      "quarter_label": "2021-12 (Q4)",
      "revenue": 982247000,
      "gross_profit": -153257000,
      "operating_income": -1031745000,
      "net_income": -1356968000,
      "opex": 878488000,
      "cogs": 1135504000,
      "rd": null,
      "sga": 503055000,
      "fcf": -780960000,
      "ocf": -205231000,
      "capex": -575729000,
      "gross_margin": -0.15602694637906758,
      "op_margin": -1.050392620186165,
      "fcf_margin": -0.7950749658690737,
      "incr_op_margin_yoy": -0.01602769301841877,
      "rev_growth_yoy": 27.772833792254964,
      "op_leverage_ratio": 3.2526690320863394,
      "fcf_margin_change": 0.8928504014513365
    },
    {
      "date": "2022-03-31T00:00:00",
      "quarter_label": "2022-03 (Q1)",
      "revenue": 1059231000,
      "gross_profit": -125538000,
      "operating_income": -859208000,
      "net_income": -1167142000,
      "opex": 733670000,
      "cogs": 1184769000,
      "rd": null,
      "sga": 394030000,
      "fcf": -1891933000,
      "ocf": -528847000,
      "capex": -1363086000,
      "gross_margin": -0.11851805696774358,
      "op_margin": -0.8111620600227901,
      "fcf_margin": -1.7861382455762718,
      "incr_op_margin_yoy": -0.049131109684560914,
      "rev_growth_yoy": 24.211381920312277,
      "rev_growth_yoy_accel": -3.561451871942687,
      "op_leverage_ratio": Infinity,
      "fcf_margin_change": -0.9910632797071981
    },
    {
      "date": "2022-06-30T00:00:00",
      "quarter_label": "2022-06 (Q2)",
      "revenue": 2184242000,
      "gross_profit": 493380000,
      "operating_income": -218644000,
      "net_income": -521582000,
      "opex": 712024000,
      "cogs": 1690862000,
      "rd": null,
      "sga": 371425000,
      "fcf": -476021000,
      "ocf": 478640000,
      "capex": -954661000,
      "gross_margin": 0.2258815644054093,
      "op_margin": -0.10010062987526107,
      "fcf_margin": -0.2179341849483711,
      "incr_op_margin_yoy": 0.37729313073282683,
      "rev_growth_yoy": 41.90061672624425,
      "rev_growth_yoy_accel": 17.689234805931974,
      "op_leverage_ratio": Infinity,
      "fcf_margin_change": 1.5682040606279006
    },
    {
      "date": "2022-09-30T00:00:00",
      "quarter_label": "2022-09 (Q3)",
      "revenue": 2993075000,
      "gross_profit": 1036812000,
      "operating_income": 298425000,
      "net_income": 32968000,
      "opex": 738387000,
      "cogs": 1956263000,
      "rd": null,
      "sga": 373116000,
      "fcf": -270053000,
      "ocf": -44534000,
      "capex": -225519000,
      "gross_margin": 0.3464036150113178,
      "op_margin": 0.09970515272754608,
      "fcf_margin": -0.090225938207362,
      "incr_op_margin_yoy": 0.5142700435350577,
      "rev_growth_yoy": 5.550000218838493,
      "rev_growth_yoy_accel": -36.35061650740576,
      "op_leverage_ratio": 10.001333541198555,
      "fcf_margin_change": 0.1277082467410091
    },
    {
      "date": "2022-12-31T00:00:00",
      "quarter_label": "2022-12 (Q4)",
      "revenue": 2603992000,
      "gross_profit": 821550000,
      "operating_income": 15451000,
      "net_income": -500206000,
      "opex": 806099000,
      "cogs": 1782442000,
      "rd": null,
      "sga": 444358000,
      "fcf": 409007000,
      "ocf": 575741000,
      "capex": -166734000,
      "gross_margin": 0.31549636097192313,
      "op_margin": 0.005933581977210375,
      "fcf_margin": 0.1570692229469215,
      "incr_op_margin_yoy": 0.6457217380044334,
      "rev_growth_yoy": 1.6510562007315879,
      "rev_growth_yoy_accel": -3.898944018106905,
      "fcf_margin_change": 0.2472951611542835
    },
    {
      "date": "2023-03-31T00:00:00",
      "quarter_label": "2023-03 (Q1)",
      "revenue": 2885146000,
      "gross_profit": 1092241000,
      "operating_income": 271613000,
      "net_income": -47910000,
      "opex": 820628000,
      "cogs": 1792905000,
      "rd": null,
      "sga": 460855000,
      "fcf": 1058000000,
      "ocf": 1310000000,
      "capex": -252000000,
      "gross_margin": 0.3785739092579717,
      "op_margin": 0.09414185625268184,
      "fcf_margin": 0.3667058790092425,
      "incr_op_margin_yoy": 0.6193174381063741,
      "rev_growth_yoy": 1.7238118974992236,
      "rev_growth_yoy_accel": 0.07275569676763571,
      "op_leverage_ratio": 5.990420095359589,
      "fcf_margin_change": 0.20963665606232101
    },
    {
      "date": "2023-06-30T00:00:00",
      "quarter_label": "2023-06 (Q2)",
      "revenue": 3522982000,
      "gross_profit": 1568106000,
      "operating_income": 771581000,
      "net_income": 458761000,
      "opex": 796525000,
      "cogs": 1954876000,
      "rd": null,
      "sga": 434848000,
      "fcf": 596000000,
      "ocf": 1392000000,
      "capex": -796000000,
      "gross_margin": 0.44510758215625285,
      "op_margin": 0.21901360835791953,
      "fcf_margin": 0.1691748637943651,
      "incr_op_margin_yoy": 0.7396693906210318,
      "rev_growth_yoy": 0.6129082766470015,
      "rev_growth_yoy_accel": -1.110903620852222,
      "op_leverage_ratio": Infinity,
      "fcf_margin_change": -0.1975310152148774
    },
    {
      "date": "2023-09-30T00:00:00",
      "quarter_label": "2023-09 (Q3)",
      "revenue": 4160453000,
      "gross_profit": 2023593000,
      "operating_income": 1265104000,
      "net_income": 1009076000,
      "opex": 758489000,
      "cogs": 2136860000,
      "rd": null,
      "sga": 393016000,
      "fcf": 378000000,
      "ocf": 659000000,
      "capex": -281000000,
      "gross_margin": 0.486387660189888,
      "op_margin": 0.3040784260752375,
      "fcf_margin": 0.09085549097658356,
      "incr_op_margin_yoy": 0.8280771095566303,
      "rev_growth_yoy": 0.39002631073394417,
      "rev_growth_yoy_accel": -0.22288196591305737,
      "op_leverage_ratio": Infinity,
      "fcf_margin_change": -0.07831937281778155
    },
    {
      "date": "2023-12-31T00:00:00",
      "quarter_label": "2023-12 (Q4)",
      "revenue": 3331419000,
      "gross_profit": 1441060000,
      "operating_income": 569702000,
      "net_income": 277073000,
      "opex": 871358000,
      "cogs": 1890359000,
      "rd": null,
      "sga": 503281000,
      "fcf": -1452000000,
      "ocf": 1116000000,
      "capex": -2568000000,
      "gross_margin": 0.4325664228966696,
      "op_margin": 0.17100881035978963,
      "fcf_margin": -0.4358503088323624,
      "incr_op_margin_yoy": 0.761933499856343,
      "rev_growth_yoy": 0.27935070461045963,
      "rev_growth_yoy_accel": -0.11067560612348454,
      "fcf_margin_change": -0.5267057998089459
    },
    {
      "date": "2024-03-31T00:00:00",
      "quarter_label": "2024-03 (Q1)",
      "revenue": 3728000000,
      "gross_profit": 1672000000,
      "operating_income": 750000000,
      "net_income": 360000000,
      "opex": 922000000,
      "cogs": 2056000000,
      "rd": null,
      "sga": 535000000,
      "fcf": 1086000000,
      "ocf": 1328000000,
      "capex": -242000000,
      "gross_margin": 0.44849785407725323,
      "op_margin": 0.20118025751072963,
      "fcf_margin": 0.29130901287553645,
      "incr_op_margin_yoy": 0.5675799130098451,
      "rev_growth_yoy": 0.2921356492877657,
      "rev_growth_yoy_accel": 0.012784944677306065,
      "op_leverage_ratio": 2.048275730371794,
      "fcf_margin_change": 0.7271593217078989
    },
    {
      "date": "2024-06-30T00:00:00",
      "quarter_label": "2024-06 (Q2)",
      "revenue": 4110000000,
      "gross_profit": 1958000000,
      "operating_income": 1099000000,
      "net_income": 854000000,
      "opex": 859000000,
      "cogs": 2152000000,
      "rd": null,
      "sga": 466000000,
      "fcf": -567000000,
      "ocf": 1573000000,
      "capex": -2140000000,
      "gross_margin": 0.47639902676399026,
      "op_margin": 0.26739659367396595,
      "fcf_margin": -0.13795620437956205,
      "incr_op_margin_yoy": 0.5577665420821849,
      "rev_growth_yoy": 0.1666253191188601,
      "rev_growth_yoy_accel": -0.1255103301689056,
      "op_leverage_ratio": Infinity,
      "fcf_margin_change": -0.4292652172550985
    },
    {
      "date": "2024-09-30T00:00:00",
      "quarter_label": "2024-09 (Q3)",
      "revenue": 4886000000,
      "gross_profit": 2495000000,
      "operating_income": 1634000000,
      "net_income": 1111000000,
      "opex": 861000000,
      "cogs": 2391000000,
      "rd": null,
      "sga": 451000000,
      "fcf": 563000000,
      "ocf": 897000000,
      "capex": -334000000,
      "gross_margin": 0.5106426524764633,
      "op_margin": 0.3344248874334834,
      "fcf_margin": 0.11522717969709374,
      "incr_op_margin_yoy": 0.5084384609129388,
      "rev_growth_yoy": 0.17439134632695044,
      "rev_growth_yoy_accel": 0.007766027208090331,
      "op_leverage_ratio": 81.09294403892945,
      "fcf_margin_change": 0.2531833840766558
    },
    {
      "date": "2024-12-31T00:00:00",
      "quarter_label": "2024-12 (Q4)",
      "revenue": 3760000000,
      "gross_profit": 1708000000,
      "operating_income": 624000000,
      "net_income": 552000000,
      "opex": 1084000000,
      "cogs": 2052000000,
      "rd": null,
      "sga": 673000000,
      "fcf": 915000000,
      "ocf": 1467000000,
      "capex": -552000000,
      "gross_margin": 0.4542553191489362,
      "op_margin": 0.16595744680851063,
      "fcf_margin": 0.24335106382978725,
      "incr_op_margin_yoy": 0.12669250386741363,
      "rev_growth_yoy": 0.12864818265129663,
      "rev_growth_yoy_accel": -0.045743163675653814,
      "fcf_margin_change": 0.1281238841326935
    },
    {
      "date": "2025-03-31T00:00:00",
      "quarter_label": "2025-03 (Q1)",
      "revenue": 3999000000,
      "gross_profit": 1920000000,
      "operating_income": 945000000,
      "net_income": 730000000,
      "opex": 975000000,
      "cogs": 2079000000,
      "rd": null,
      "sga": 562000000,
      "fcf": 1199000000,
      "ocf": 1627000000,
      "capex": -428000000,
      "gross_margin": 0.48012003000750186,
      "op_margin": 0.23630907726931732,
      "fcf_margin": 0.29982495623905975,
      "incr_op_margin_yoy": 0.7195571955719557,
      "rev_growth_yoy": 0.0726931330472103,
      "rev_growth_yoy_accel": -0.05595504960408633,
      "op_leverage_ratio": Infinity,
      "fcf_margin_change": 0.0564738924092725
    },
    {
      "date": "2025-06-30T00:00:00",
      "quarter_label": "2025-06 (Q2)",
      "revenue": 4538000000,
      "gross_profit": 2255000000,
      "operating_income": 1329000000,
      "net_income": 1210000000,
      "opex": 926000000,
      "cogs": 2283000000,
      "rd": null,
      "sga": 508000000,
      "fcf": 910000000,
      "ocf": 1746000000,
      "capex": -836000000,
      "gross_margin": 0.49691494050242396,
      "op_margin": 0.29286029087703835,
      "fcf_margin": 0.2005288673424416,
      "incr_op_margin_yoy": 0.5373831775700935,
      "rev_growth_yoy": 0.10413625304136254,
      "rev_growth_yoy_accel": 0.03144311999415224,
      "op_leverage_ratio": Infinity,
      "fcf_margin_change": -0.09929608889661815
    },
    {
      "date": "2025-09-30T00:00:00",
      "quarter_label": "2025-09 (Q3)",
      "revenue": 5139000000,
      "gross_profit": 2660000000,
      "operating_income": 1702000000,
      "net_income": 1575000000,
      "opex": 958000000,
      "cogs": 2479000000,
      "rd": null,
      "sga": 522000000,
      "fcf": -989000000,
      "ocf": 1469000000,
      "capex": -2458000000,
      "gross_margin": 0.5176104300447558,
      "op_margin": 0.33119283907374975,
      "fcf_margin": -0.19244989297528703,
      "incr_op_margin_yoy": 0.26877470355731226,
      "rev_growth_yoy": 0.05178059762586983,
      "rev_growth_yoy_accel": -0.052355655415492704,
      "op_leverage_ratio": 3.832401388276774,
      "fcf_margin_change": -0.3929787603177286
    }
  ],
  "signals": [
    {
      "quarter": "2025-09 (Q3)",
      "signal": "OPERATING LEVERAGE",
      "detail": "Rev growth +13.2% vs OpEx growth +3.5% (leverage: 3.8x)",
      "severity": "MEDIUM"
    },
    {
      "quarter": "2025-09 (Q3)",
      "signal": "YoY REVENUE GROWTH DECELERATION",
      "detail": "YoY growth: +5.2% vs prior quarter YoY: +10.4% (decel: -5.2%)",
      "severity": "WARNING"
    },
    {
      "quarter": "2025-06 (Q2)",
      "signal": "INCREMENTAL MARGIN (YoY)",
      "detail": "YoY Incr OPM: +53.7% vs year-ago OPM: +26.7%",
      "severity": "HIGH"
    },
    {
      "quarter": "2025-03 (Q1)",
      "signal": "FCF MARGIN EXPANSION",
      "detail": "FCF margin: +24.3% -> +30.0% (+5.6%)",
      "severity": "MEDIUM"
    },
    {
      "quarter": "2025-03 (Q1)",
      "signal": "GROSS MARGIN INFLECTION",
      "detail": "GM: +51.1% -> +45.4% -> +48.0% (reversal +2.6%)",
      "severity": "MEDIUM"
    },
    {
      "quarter": "2025-03 (Q1)",
      "signal": "YoY REVENUE GROWTH DECELERATION",
      "detail": "YoY growth: +7.3% vs prior quarter YoY: +12.9% (decel: -5.6%)",
      "severity": "WARNING"
    },
    {
      "quarter": "2025-03 (Q1)",
      "signal": "INCREMENTAL MARGIN (YoY)",
      "detail": "YoY Incr OPM: +72.0% vs year-ago OPM: +20.1%",
      "severity": "HIGH"
    },
    {
      "quarter": "2024-12 (Q4)",
      "signal": "FCF MARGIN EXPANSION",
      "detail": "FCF margin: +11.5% -> +24.3% (+12.8%)",
      "severity": "MEDIUM"
    },
    {
      "quarter": "2024-09 (Q3)",
      "signal": "FCF TURNED POSITIVE",
      "detail": "FCF margin: -13.8% -> +11.5%",
      "severity": "HIGH"
    },
    {
      "quarter": "2024-09 (Q3)",
      "signal": "OPERATING LEVERAGE",
      "detail": "Rev growth +18.9% vs OpEx growth +0.2% (leverage: 81.1x)",
      "severity": "MEDIUM"
    },
    {
      "quarter": "2024-09 (Q3)",
      "signal": "INCREMENTAL MARGIN (YoY)",
      "detail": "YoY Incr OPM: +50.8% vs year-ago OPM: +30.4%",
      "severity": "HIGH"
    },
    {
      "quarter": "2024-06 (Q2)",
      "signal": "YoY REVENUE GROWTH DECELERATION",
      "detail": "YoY growth: +16.7% vs prior quarter YoY: +29.2% (decel: -12.6%)",
      "severity": "WARNING"
    },
    {
      "quarter": "2024-06 (Q2)",
      "signal": "INCREMENTAL MARGIN (YoY)",
      "detail": "YoY Incr OPM: +55.8% vs year-ago OPM: +21.9%",
      "severity": "HIGH"
    },
    {
      "quarter": "2024-03 (Q1)",
      "signal": "FCF TURNED POSITIVE",
      "detail": "FCF margin: -43.6% -> +29.1%",
      "severity": "HIGH"
    },
    {
      "quarter": "2024-03 (Q1)",
      "signal": "OPERATING LEVERAGE",
      "detail": "Rev growth +11.9% vs OpEx growth +5.8% (leverage: 2.0x)",
      "severity": "MEDIUM"
    },
    {
      "quarter": "2024-03 (Q1)",
      "signal": "INCREMENTAL MARGIN (YoY)",
      "detail": "YoY Incr OPM: +56.8% vs year-ago OPM: +9.4%",
      "severity": "HIGH"
    },
    {
      "quarter": "2023-12 (Q4)",
      "signal": "YoY REVENUE GROWTH DECELERATION",
      "detail": "YoY growth: +27.9% vs prior quarter YoY: +39.0% (decel: -11.1%)",
      "severity": "WARNING"
    },
    {
      "quarter": "2023-12 (Q4)",
      "signal": "INCREMENTAL MARGIN (YoY)",
      "detail": "YoY Incr OPM: +76.2% vs year-ago OPM: +0.6%",
      "severity": "HIGH"
    },
    {
      "quarter": "2023-09 (Q3)",
      "signal": "YoY REVENUE GROWTH DECELERATION",
      "detail": "YoY growth: +39.0% vs prior quarter YoY: +61.3% (decel: -22.3%)",
      "severity": "WARNING"
    },
    {
      "quarter": "2023-09 (Q3)",
      "signal": "INCREMENTAL MARGIN (YoY)",
      "detail": "YoY Incr OPM: +82.8% vs year-ago OPM: +10.0%",
      "severity": "HIGH"
    },
    {
      "quarter": "2023-06 (Q2)",
      "signal": "YoY REVENUE GROWTH DECELERATION",
      "detail": "YoY growth: +61.3% vs prior quarter YoY: +172.4% (decel: -111.1%)",
      "severity": "WARNING"
    },
    {
      "quarter": "2023-06 (Q2)",
      "signal": "OP MARGIN TURNED POSITIVE (YoY)",
      "detail": "Op margin: -10.0% (year-ago) -> +21.9%",
      "severity": "HIGH"
    },
    {
      "quarter": "2023-03 (Q1)",
      "signal": "FCF MARGIN EXPANSION",
      "detail": "FCF margin: +15.7% -> +36.7% (+21.0%)",
      "severity": "MEDIUM"
    },
    {
      "quarter": "2023-03 (Q1)",
      "signal": "OPERATING LEVERAGE",
      "detail": "Rev growth +10.8% vs OpEx growth +1.8% (leverage: 6.0x)",
      "severity": "MEDIUM"
    },
    {
      "quarter": "2023-03 (Q1)",
      "signal": "GROSS MARGIN INFLECTION",
      "detail": "GM: +34.6% -> +31.5% -> +37.9% (reversal +6.3%)",
      "severity": "HIGH"
    },
    {
      "quarter": "2023-03 (Q1)",
      "signal": "YoY REVENUE GROWTH ACCELERATION",
      "detail": "YoY growth: +172.4% vs prior quarter YoY: +165.1% (accel: +7.3%)",
      "severity": "MEDIUM"
    },
    {
      "quarter": "2023-03 (Q1)",
      "signal": "OP MARGIN TURNED POSITIVE (YoY)",
      "detail": "Op margin: -81.1% (year-ago) -> +9.4%",
      "severity": "HIGH"
    },
    {
      "quarter": "2022-12 (Q4)",
      "signal": "FCF TURNED POSITIVE",
      "detail": "FCF margin: -9.0% -> +15.7%",
      "severity": "HIGH"
    },
    {
      "quarter": "2022-12 (Q4)",
      "signal": "YoY REVENUE GROWTH DECELERATION",
      "detail": "YoY growth: +165.1% vs prior quarter YoY: +555.0% (decel: -389.9%)",
      "severity": "WARNING"
    },
    {
      "quarter": "2022-12 (Q4)",
      "signal": "OP MARGIN TURNED POSITIVE (YoY)",
      "detail": "Op margin: -105.0% (year-ago) -> +0.6%",
      "severity": "HIGH"
    },
    {
      "quarter": "2022-09 (Q3)",
      "signal": "FCF MARGIN EXPANSION",
      "detail": "FCF margin: -21.8% -> -9.0% (+12.8%)",
      "severity": "MEDIUM"
    },
    {
      "quarter": "2022-09 (Q3)",
      "signal": "OPERATING LEVERAGE",
      "detail": "Rev growth +37.0% vs OpEx growth +3.7% (leverage: 10.0x)",
      "severity": "MEDIUM"
    },
    {
      "quarter": "2022-09 (Q3)",
      "signal": "YoY REVENUE GROWTH DECELERATION",
      "detail": "YoY growth: +555.0% vs prior quarter YoY: +4190.1% (decel: -3635.1%)",
      "severity": "WARNING"
    },
    {
      "quarter": "2022-09 (Q3)",
      "signal": "OP MARGIN TURNED POSITIVE (YoY)",
      "detail": "Op margin: -220.1% (year-ago) -> +10.0%",
      "severity": "HIGH"
    },
    {
      "quarter": "2022-09 (Q3)",
      "signal": "OP MARGIN TURNED POSITIVE (QoQ)",
      "detail": "Op margin: -10.0% -> +10.0%",
      "severity": "HIGH"
    },
    {
      "quarter": "2022-06 (Q2)",
      "signal": "FCF MARGIN EXPANSION",
      "detail": "FCF margin: -178.6% -> -21.8% (+156.8%)",
      "severity": "MEDIUM"
    },
    {
      "quarter": "2022-06 (Q2)",
      "signal": "YoY REVENUE GROWTH ACCELERATION",
      "detail": "YoY growth: +4190.1% vs prior quarter YoY: +2421.1% (accel: +1768.9%)",
      "severity": "HIGH"
    },
    {
      "quarter": "2022-03 (Q1)",
      "signal": "YoY REVENUE GROWTH DECELERATION",
      "detail": "YoY growth: +2421.1% vs prior quarter YoY: +2777.3% (decel: -356.1%)",
      "severity": "WARNING"
    },
    {
      "quarter": "2021-12 (Q4)",
      "signal": "FCF MARGIN EXPANSION",
      "detail": "FCF margin: -168.8% -> -79.5% (+89.3%)",
      "severity": "MEDIUM"
    },
    {
      "quarter": "2021-12 (Q4)",
      "signal": "OPERATING LEVERAGE",
      "detail": "Rev growth +115.0% vs OpEx growth +35.3% (leverage: 3.3x)",
      "severity": "MEDIUM"
    },
    {
      "quarter": "2021-09 (Q3)",
      "signal": "FCF MARGIN EXPANSION",
      "detail": "FCF margin: -1345.1% -> -168.8% (+1176.3%)",
      "severity": "MEDIUM"
    },
    {
      "quarter": "2021-09 (Q3)",
      "signal": "GROSS MARGIN INFLECTION",
      "detail": "GM: -574.7% -> -734.4% -> -78.1% (reversal +656.3%)",
      "severity": "HIGH"
    },
    {
      "quarter": "2021-06 (Q2)",
      "signal": "FCF MARGIN EXPANSION",
      "detail": "FCF margin: -4453.0% -> -1345.1% (+3107.9%)",
      "severity": "MEDIUM"
    }
  ],
  "data_quality": {
    "n_quarters": 20,
    "coverage": {
      "revenue": [
        20,
        20
      ],
      "gross_profit": [
        20,
        20
      ],
      "op_income": [
        20,
        20
      ],
      "fcf": [
        20,
        20
      ]
    },
    "gaps": [],
    "warnings": []
  },
  "market_cap": null,
  "source": "SEC EDGAR",
  "last_updated": "2026-02-02T19:53:38.264287"
}