{
  "ticker": "RCMT",
  "name": "RCM TECHNOLOGIES, INC.",
  "quarters": [
    {
      "date": "2021-01-02T00:00:00",
      "quarter_label": "2021-01 (Q1)",
      "revenue": 41163000,
      "gross_profit": 10689000,
      "operating_income": -1849000,
      "net_income": -1688000,
      "opex": 12538000,
      "cogs": 30474000,
      "rd": null,
      "sga": 9714000,
      "fcf": 1404000,
      "ocf": 1464000,
      "capex": -60000,
      "gross_margin": 0.25967495080533487,
      "op_margin": -0.04491898063795156,
      "fcf_margin": 0.03410830114423147
    },
    {
      "date": "2021-04-03T00:00:00",
      "quarter_label": "2021-04 (Q2)",
      "revenue": 44549000,
      "gross_profit": 10850000,
      "operating_income": 1375000,
      "net_income": 1007000,
      "opex": 9475000,
      "cogs": 33699000,
      "rd": null,
      "sga": 9069000,
      "fcf": -9159000,
      "ocf": -9112000,
      "capex": -47000,
      "gross_margin": 0.2435520438169207,
      "op_margin": 0.0308648903454623,
      "fcf_margin": -0.2055938404902467,
      "op_leverage_ratio": Infinity,
      "fcf_margin_change": -0.23970214163447817
    },
    {
      "date": "2021-07-03T00:00:00",
      "quarter_label": "2021-07 (Q3)",
      "revenue": 48933000,
      "gross_profit": 12266000,
      "operating_income": 1943000,
      "net_income": 1256000,
      "opex": 10323000,
      "cogs": 36667000,
      "rd": null,
      "sga": 9995000,
      "fcf": 15339000,
      "ocf": 15433000,
      "capex": -94000,
      "gross_margin": 0.25066928248830034,
      "op_margin": 0.03970735495473402,
      "fcf_margin": 0.3134694378027098,
      "op_leverage_ratio": 1.0995524537958417,
      "fcf_margin_change": 0.5190632782929565
    },
    {
      "date": "2021-10-02T00:00:00",
      "quarter_label": "2021-10 (Q4)",
      "revenue": 45471000,
      "gross_profit": 12214000,
      "operating_income": 3727000,
      "net_income": 2752000,
      "opex": 8487000,
      "cogs": 33257000,
      "rd": null,
      "sga": 10332000,
      "fcf": -1773000,
      "ocf": -1422000,
      "capex": -351000,
      "gross_margin": 0.2686107629038288,
      "op_margin": 0.08196432891293352,
      "fcf_margin": -0.03899188493765257,
      "fcf_margin_change": -0.35246132274036235
    },
    {
      "date": "2022-01-01T00:00:00",
      "quarter_label": "2022-01 (Q1)",
      "revenue": 64922000,
      "gross_profit": 17794000,
      "operating_income": 7091000,
      "net_income": 5974000,
      "opex": 10703000,
      "cogs": 47128000,
      "rd": null,
      "sga": 12623000,
      "fcf": -4060000,
      "ocf": -3984000,
      "capex": -76000,
      "gross_margin": 0.27408274544838424,
      "op_margin": 0.10922337574319953,
      "fcf_margin": -0.06253658236037091,
      "incr_op_margin_yoy": 0.3762784628982701,
      "rev_growth_yoy": 0.5771931103175182,
      "op_leverage_ratio": 1.6382941279588916,
      "fcf_margin_change": -0.023544697422718336
    },
    {
      "date": "2022-04-02T00:00:00",
      "quarter_label": "2022-04 (Q2)",
      "revenue": 81961000,
      "gross_profit": 23420000,
      "operating_income": 9035000,
      "net_income": 6520000,
      "opex": 14385000,
      "cogs": 58541000,
      "rd": null,
      "sga": 14147000,
      "fcf": 2251000,
      "ocf": 2468000,
      "capex": -217000,
      "gross_margin": 0.2857456595209917,
      "op_margin": 0.11023535583997267,
      "fcf_margin": 0.027464281792559875,
      "incr_op_margin_yoy": 0.2047471399550946,
      "rev_growth_yoy": 0.8397943837123167,
      "rev_growth_yoy_accel": 0.26260127339479855,
      "op_leverage_ratio": 0.7629111353630207,
      "fcf_margin_change": 0.09000086415293078
    },
    {
      "date": "2022-07-02T00:00:00",
      "quarter_label": "2022-07 (Q3)",
      "revenue": 74346000,
      "gross_profit": 21683000,
      "operating_income": 8194000,
      "net_income": 6014000,
      "opex": 13489000,
      "cogs": 52663000,
      "rd": null,
      "sga": 13264000,
      "fcf": 18095000,
      "ocf": 18287000,
      "capex": -192000,
      "gross_margin": 0.29164985338821187,
      "op_margin": 0.11021440292685551,
      "fcf_margin": 0.2433890189115756,
      "incr_op_margin_yoy": 0.24597646873647347,
      "rev_growth_yoy": 0.5193427748145424,
      "rev_growth_yoy_accel": -0.32045160889777435,
      "fcf_margin_change": 0.21592473711901572
    },
    {
      "date": "2022-10-01T00:00:00",
      "quarter_label": "2022-10 (Q4)",
      "revenue": 58152000,
      "gross_profit": 17358000,
      "operating_income": 4760000,
      "net_income": 3518000,
      "opex": 12598000,
      "cogs": 40794000,
      "rd": null,
      "sga": 12551000,
      "fcf": -154000,
      "ocf": 109000,
      "capex": -263000,
      "gross_margin": 0.2984936029715229,
      "op_margin": 0.08185445040583299,
      "fcf_margin": -0.0026482322190122436,
      "incr_op_margin_yoy": 0.0814604526456904,
      "rev_growth_yoy": 0.27888104506168765,
      "rev_growth_yoy_accel": -0.24046172975285474,
      "fcf_margin_change": -0.24603725113058786
    },
    {
      "date": "2022-12-31T00:00:00",
      "quarter_label": "2022-12 (Q4)",
      "revenue": 70221000,
      "gross_profit": 20466000,
      "operating_income": 6809000,
      "net_income": 4837000,
      "opex": 13657000,
      "cogs": 49755000,
      "rd": null,
      "sga": 13433000,
      "fcf": 7202000,
      "ocf": 7419000,
      "capex": -217000,
      "gross_margin": 0.29145127525953773,
      "op_margin": 0.09696529528203814,
      "fcf_margin": 0.10256191167884252,
      "incr_op_margin_yoy": -0.053217588224193244,
      "rev_growth_yoy": 0.08162102214965651,
      "rev_growth_yoy_accel": -0.19726002291203115,
      "op_leverage_ratio": 2.468949888871871,
      "fcf_margin_change": 0.10521014389785475
    },
    {
      "date": "2023-04-01T00:00:00",
      "quarter_label": "2023-04 (Q2)",
      "revenue": 67124000,
      "gross_profit": 19024000,
      "operating_income": 5707000,
      "net_income": 3837000,
      "opex": 13317000,
      "cogs": 48100000,
      "rd": null,
      "sga": 13396000,
      "fcf": -1164000,
      "ocf": -832000,
      "capex": -332000,
      "gross_margin": 0.2834157678326679,
      "op_margin": 0.08502175078958346,
      "fcf_margin": -0.017341040462427744,
      "incr_op_margin_yoy": 0.22430410460335648,
      "rev_growth_yoy": -0.1810251217042252,
      "rev_growth_yoy_accel": -0.2626461438538817,
      "fcf_margin_change": -0.11990295214127025
    },
    {
      "date": "2023-07-01T00:00:00",
      "quarter_label": "2023-07 (Q3)",
      "revenue": 67035000,
      "gross_profit": 18760000,
      "operating_income": 5749000,
      "net_income": 3983000,
      "opex": 13011000,
      "cogs": 48275000,
      "rd": null,
      "sga": 12723000,
      "fcf": 17116000,
      "ocf": 17343000,
      "capex": -227000,
      "gross_margin": 0.27985380771238905,
      "op_margin": 0.08576116953830089,
      "fcf_margin": 0.25532930558663386,
      "incr_op_margin_yoy": 0.33442757488715635,
      "rev_growth_yoy": -0.09833750302639012,
      "rev_growth_yoy_accel": 0.08268761867783507,
      "fcf_margin_change": 0.2726703460490616
    },
    {
      "date": "2023-09-30T00:00:00",
      "quarter_label": "2023-09 (Q3)",
      "revenue": 58049000,
      "gross_profit": 17281000,
      "operating_income": 4331000,
      "net_income": 3756000,
      "opex": 12950000,
      "cogs": 40768000,
      "rd": null,
      "sga": 12662000,
      "fcf": 10721000,
      "ocf": 11037000,
      "capex": -316000,
      "gross_margin": 0.2976967734155627,
      "op_margin": 0.07460938172922875,
      "fcf_margin": 0.18468879739530397,
      "rev_growth_yoy": -0.001771220250378319,
      "rev_growth_yoy_accel": 0.0965662827760118,
      "fcf_margin_change": -0.07064050819132989
    },
    {
      "date": "2023-12-30T00:00:00",
      "quarter_label": "2023-12 (Q4)",
      "revenue": 71028000,
      "gross_profit": 21631000,
      "operating_income": 7906000,
      "net_income": 5255000,
      "opex": 13725000,
      "cogs": 49397000,
      "rd": null,
      "sga": 13403000,
      "fcf": -17122000,
      "ocf": -15066000,
      "capex": -2056000,
      "gross_margin": 0.30454187081151096,
      "op_margin": 0.11130821647800868,
      "fcf_margin": -0.24105986371571775,
      "rev_growth_yoy": 0.01149228863160593,
      "rev_growth_yoy_accel": 0.01326350888198425,
      "op_leverage_ratio": 3.7360661376734563,
      "fcf_margin_change": -0.4257486611110217
    },
    {
      "date": "2024-03-30T00:00:00",
      "quarter_label": "2024-03 (Q1)",
      "revenue": 71939000,
      "gross_profit": 20367000,
      "operating_income": 5836000,
      "net_income": 3952000,
      "opex": 14531000,
      "cogs": 51572000,
      "rd": null,
      "sga": 14199000,
      "fcf": 5757000,
      "ocf": 6426000,
      "capex": -669000,
      "gross_margin": 0.2831148612018516,
      "op_margin": 0.08112428585329237,
      "fcf_margin": 0.08002613325178276,
      "incr_op_margin_yoy": 0.02679127725856698,
      "rev_growth_yoy": 0.07173291222215601,
      "rev_growth_yoy_accel": 0.06024062359055008,
      "op_leverage_ratio": 0.21840677307421907,
      "fcf_margin_change": 0.3210859969675005
    },
    {
      "date": "2024-06-29T00:00:00",
      "quarter_label": "2024-06 (Q2)",
      "revenue": 69164000,
      "gross_profit": 20001000,
      "operating_income": 5819000,
      "net_income": 3762000,
      "opex": 14182000,
      "cogs": 49163000,
      "rd": null,
      "sga": 13545000,
      "fcf": 5327000,
      "ocf": 5725000,
      "capex": -398000,
      "gross_margin": 0.2891822335318952,
      "op_margin": 0.08413336417789602,
      "fcf_margin": 0.07701983690937482,
      "incr_op_margin_yoy": 0.03287928604978863,
      "rev_growth_yoy": 0.03175952860446036,
      "rev_growth_yoy_accel": -0.03997338361769565,
      "fcf_margin_change": -0.003006296342407941
    },
    {
      "date": "2024-09-28T00:00:00",
      "quarter_label": "2024-09 (Q3)",
      "revenue": 60365000,
      "gross_profit": 17841000,
      "operating_income": 4385000,
      "net_income": 2746000,
      "opex": 13456000,
      "cogs": 42524000,
      "rd": null,
      "sga": 13018000,
      "fcf": -4866000,
      "ocf": -4344000,
      "capex": -522000,
      "gross_margin": 0.2955520583119357,
      "op_margin": 0.07264143129296778,
      "fcf_margin": -0.08060962478257268,
      "incr_op_margin_yoy": 0.023316062176165803,
      "rev_growth_yoy": 0.039897328119347444,
      "rev_growth_yoy_accel": 0.008137799514887085,
      "fcf_margin_change": -0.1576294616919475
    },
    {
      "date": "2024-12-28T00:00:00",
      "quarter_label": "2024-12 (Q4)",
      "revenue": 76912000,
      "gross_profit": 21569000,
      "operating_income": 6285000,
      "net_income": 2867000,
      "opex": 15284000,
      "cogs": 55343000,
      "rd": null,
      "sga": 16025000,
      "fcf": -2620000,
      "ocf": -1637000,
      "capex": -983000,
      "gross_margin": 0.2804373829831496,
      "op_margin": 0.08171676721447889,
      "fcf_margin": -0.03406490534636988,
      "incr_op_margin_yoy": -0.27549286199864037,
      "rev_growth_yoy": 0.08284056991608943,
      "rev_growth_yoy_accel": 0.042943241796741985,
      "op_leverage_ratio": 2.017780167003754,
      "fcf_margin_change": 0.0465447194362028
    },
    {
      "date": "2025-03-29T00:00:00",
      "quarter_label": "2025-03 (Q1)",
      "revenue": 84473000,
      "gross_profit": 21978000,
      "operating_income": 6583000,
      "net_income": 4186000,
      "opex": 15395000,
      "cogs": 62495000,
      "rd": null,
      "sga": 14971000,
      "fcf": 16233000,
      "ocf": 16660000,
      "capex": -427000,
      "gross_margin": 0.26017780829377435,
      "op_margin": 0.07793022622613142,
      "fcf_margin": 0.1921679116404058,
      "incr_op_margin_yoy": 0.05959789372905697,
      "rev_growth_yoy": 0.17423094566229722,
      "rev_growth_yoy_accel": 0.09139037574620779,
      "op_leverage_ratio": 13.536275457900173,
      "fcf_margin_change": 0.2262328169867757
    },
    {
      "date": "2025-06-28T00:00:00",
      "quarter_label": "2025-06 (Q2)",
      "revenue": 78166000,
      "gross_profit": 22277000,
      "operating_income": 6601000,
      "net_income": 3785000,
      "opex": 15676000,
      "cogs": 55889000,
      "rd": null,
      "sga": 15275000,
      "fcf": -8351000,
      "ocf": -7878000,
      "capex": -473000,
      "gross_margin": 0.28499603408131413,
      "op_margin": 0.08444848143694189,
      "fcf_margin": -0.10683673208300284,
      "incr_op_margin_yoy": 0.0868695845367696,
      "rev_growth_yoy": 0.13015441559192645,
      "rev_growth_yoy_accel": -0.04407653007037077,
      "fcf_margin_change": -0.2990046437234086
    },
    {
      "date": "2025-09-27T00:00:00",
      "quarter_label": "2025-09 (Q3)",
      "revenue": 70289000,
      "gross_profit": 19410000,
      "operating_income": 3938000,
      "net_income": 2259000,
      "opex": 15472000,
      "cogs": 50879000,
      "rd": null,
      "sga": 14933000,
      "fcf": -1760000,
      "ocf": -1262000,
      "capex": -498000,
      "gross_margin": 0.27614562733855935,
      "op_margin": 0.056025836190584585,
      "fcf_margin": -0.02503947986171378,
      "incr_op_margin_yoy": -0.04504232164449819,
      "rev_growth_yoy": 0.164399900604655,
      "rev_growth_yoy_accel": 0.03424548501272856,
      "fcf_margin_change": 0.08179725222128906
    }
  ],
  "signals": [
    {
      "quarter": "2025-09 (Q3)",
      "signal": "FCF MARGIN EXPANSION",
      "detail": "FCF margin: -10.7% -> -2.5% (+8.2%)",
      "severity": "MEDIUM"
    },
    {
      "quarter": "2025-06 (Q2)",
      "signal": "GROSS MARGIN INFLECTION",
      "detail": "GM: +28.0% -> +26.0% -> +28.5% (reversal +2.5%)",
      "severity": "MEDIUM"
    },
    {
      "quarter": "2025-03 (Q1)",
      "signal": "FCF TURNED POSITIVE",
      "detail": "FCF margin: -3.4% -> +19.2%",
      "severity": "HIGH"
    },
    {
      "quarter": "2025-03 (Q1)",
      "signal": "OPERATING LEVERAGE",
      "detail": "Rev growth +9.8% vs OpEx growth +0.7% (leverage: 13.5x)",
      "severity": "MEDIUM"
    },
    {
      "quarter": "2025-03 (Q1)",
      "signal": "YoY REVENUE GROWTH ACCELERATION",
      "detail": "YoY growth: +17.4% vs prior quarter YoY: +8.3% (accel: +9.1%)",
      "severity": "MEDIUM"
    },
    {
      "quarter": "2024-12 (Q4)",
      "signal": "OPERATING LEVERAGE",
      "detail": "Rev growth +27.4% vs OpEx growth +13.6% (leverage: 2.0x)",
      "severity": "MEDIUM"
    },
    {
      "quarter": "2024-03 (Q1)",
      "signal": "FCF TURNED POSITIVE",
      "detail": "FCF margin: -24.1% -> +8.0%",
      "severity": "HIGH"
    },
    {
      "quarter": "2024-03 (Q1)",
      "signal": "YoY REVENUE GROWTH ACCELERATION",
      "detail": "YoY growth: +7.2% vs prior quarter YoY: +1.1% (accel: +6.0%)",
      "severity": "MEDIUM"
    },
    {
      "quarter": "2023-12 (Q4)",
      "signal": "OPERATING LEVERAGE",
      "detail": "Rev growth +22.4% vs OpEx growth +6.0% (leverage: 3.7x)",
      "severity": "MEDIUM"
    },
    {
      "quarter": "2023-09 (Q3)",
      "signal": "YoY REVENUE GROWTH ACCELERATION",
      "detail": "YoY growth: -0.2% vs prior quarter YoY: -9.8% (accel: +9.7%)",
      "severity": "MEDIUM"
    },
    {
      "quarter": "2023-07 (Q3)",
      "signal": "FCF TURNED POSITIVE",
      "detail": "FCF margin: -1.7% -> +25.5%",
      "severity": "HIGH"
    },
    {
      "quarter": "2023-07 (Q3)",
      "signal": "YoY REVENUE GROWTH ACCELERATION",
      "detail": "YoY growth: -9.8% vs prior quarter YoY: -18.1% (accel: +8.3%)",
      "severity": "MEDIUM"
    },
    {
      "quarter": "2023-07 (Q3)",
      "signal": "INCREMENTAL MARGIN (YoY)",
      "detail": "YoY Incr OPM: +33.4% vs year-ago OPM: +11.0%",
      "severity": "HIGH"
    },
    {
      "quarter": "2023-04 (Q2)",
      "signal": "YoY REVENUE GROWTH DECELERATION",
      "detail": "YoY growth: -18.1% vs prior quarter YoY: +8.2% (decel: -26.3%)",
      "severity": "WARNING"
    },
    {
      "quarter": "2023-04 (Q2)",
      "signal": "INCREMENTAL MARGIN (YoY)",
      "detail": "YoY Incr OPM: +22.4% vs year-ago OPM: +11.0%",
      "severity": "MEDIUM"
    },
    {
      "quarter": "2022-12 (Q4)",
      "signal": "FCF TURNED POSITIVE",
      "detail": "FCF margin: -0.3% -> +10.3%",
      "severity": "HIGH"
    },
    {
      "quarter": "2022-12 (Q4)",
      "signal": "OPERATING LEVERAGE",
      "detail": "Rev growth +20.8% vs OpEx growth +8.4% (leverage: 2.5x)",
      "severity": "MEDIUM"
    },
    {
      "quarter": "2022-12 (Q4)",
      "signal": "YoY REVENUE GROWTH DECELERATION",
      "detail": "YoY growth: +8.2% vs prior quarter YoY: +27.9% (decel: -19.7%)",
      "severity": "WARNING"
    },
    {
      "quarter": "2022-10 (Q4)",
      "signal": "YoY REVENUE GROWTH DECELERATION",
      "detail": "YoY growth: +27.9% vs prior quarter YoY: +51.9% (decel: -24.0%)",
      "severity": "WARNING"
    },
    {
      "quarter": "2022-07 (Q3)",
      "signal": "FCF MARGIN EXPANSION",
      "detail": "FCF margin: +2.7% -> +24.3% (+21.6%)",
      "severity": "MEDIUM"
    },
    {
      "quarter": "2022-07 (Q3)",
      "signal": "YoY REVENUE GROWTH DECELERATION",
      "detail": "YoY growth: +51.9% vs prior quarter YoY: +84.0% (decel: -32.0%)",
      "severity": "WARNING"
    },
    {
      "quarter": "2022-07 (Q3)",
      "signal": "INCREMENTAL MARGIN (YoY)",
      "detail": "YoY Incr OPM: +24.6% vs year-ago OPM: +4.0%",
      "severity": "HIGH"
    },
    {
      "quarter": "2022-04 (Q2)",
      "signal": "FCF TURNED POSITIVE",
      "detail": "FCF margin: -6.3% -> +2.7%",
      "severity": "HIGH"
    },
    {
      "quarter": "2022-04 (Q2)",
      "signal": "YoY REVENUE GROWTH ACCELERATION",
      "detail": "YoY growth: +84.0% vs prior quarter YoY: +57.7% (accel: +26.3%)",
      "severity": "HIGH"
    },
    {
      "quarter": "2022-04 (Q2)",
      "signal": "INCREMENTAL MARGIN (YoY)",
      "detail": "YoY Incr OPM: +20.5% vs year-ago OPM: +3.1%",
      "severity": "MEDIUM"
    },
    {
      "quarter": "2022-01 (Q1)",
      "signal": "OPERATING LEVERAGE",
      "detail": "Rev growth +42.8% vs OpEx growth +26.1% (leverage: 1.6x)",
      "severity": "MEDIUM"
    },
    {
      "quarter": "2022-01 (Q1)",
      "signal": "OP MARGIN TURNED POSITIVE (YoY)",
      "detail": "Op margin: -4.5% (year-ago) -> +10.9%",
      "severity": "HIGH"
    },
    {
      "quarter": "2021-07 (Q3)",
      "signal": "FCF TURNED POSITIVE",
      "detail": "FCF margin: -20.6% -> +31.3%",
      "severity": "HIGH"
    },
    {
      "quarter": "2021-04 (Q2)",
      "signal": "OP MARGIN TURNED POSITIVE (QoQ)",
      "detail": "Op margin: -4.5% -> +3.1%",
      "severity": "HIGH"
    }
  ],
  "data_quality": {
    "n_quarters": 20,
    "coverage": {
      "revenue": [
        20,
        20
      ],
      "gross_profit": [
        20,
        20
      ],
      "op_income": [
        20,
        20
      ],
      "fcf": [
        20,
        20
      ]
    },
    "gaps": [],
    "warnings": []
  },
  "market_cap": null,
  "source": "SEC EDGAR",
  "last_updated": "2026-02-02T23:10:03.513775"
}