{
  "ticker": "RDNW",
  "name": "RideNow Group, Inc.",
  "quarters": [
    {
      "date": "2020-12-31T00:00:00",
      "quarter_label": "2020-12 (Q4)",
      "revenue": 70679285,
      "gross_profit": 7680123,
      "operating_income": -4044602,
      "net_income": -5492020,
      "opex": 11724725,
      "cogs": 62999162,
      "rd": null,
      "sga": 11149483,
      "fcf": -9055000,
      "ocf": -9055000,
      "capex": null,
      "gross_margin": 0.10866158309326417,
      "op_margin": -0.05722471584142369,
      "fcf_margin": -0.12811391626273524
    },
    {
      "date": "2021-03-31T00:00:00",
      "quarter_label": "2021-03 (Q1)",
      "revenue": 104264011,
      "gross_profit": 11178470,
      "operating_income": -2822114,
      "net_income": -4451586,
      "opex": 14000584,
      "cogs": 93085541,
      "rd": null,
      "sga": 13401344,
      "fcf": -12937000,
      "ocf": -12937000,
      "capex": null,
      "gross_margin": 0.1072131207382766,
      "op_margin": -0.027067000136796963,
      "fcf_margin": -0.12407924724860239,
      "op_leverage_ratio": 2.447974983017658,
      "fcf_margin_change": 0.004034669014132852
    },
    {
      "date": "2021-06-30T00:00:00",
      "quarter_label": "2021-06 (Q2)",
      "revenue": 168345623,
      "gross_profit": 19511245,
      "operating_income": 766266,
      "net_income": -3389929,
      "opex": 18744979,
      "cogs": 148834378,
      "rd": null,
      "sga": 18113151,
      "fcf": -4630000,
      "ocf": -4530000,
      "capex": -100000,
      "gross_margin": 0.11589992452610424,
      "op_margin": 0.0045517429342371435,
      "fcf_margin": -0.02750294256239736,
      "op_leverage_ratio": 1.8136952351626632,
      "fcf_margin_change": 0.09657630468620504
    },
    {
      "date": "2021-09-30T00:00:00",
      "quarter_label": "2021-09 (Q3)",
      "revenue": 221214000,
      "gross_profit": 37387000,
      "operating_income": -22702000,
      "net_income": -22544000,
      "opex": 60089000,
      "cogs": 183827000,
      "rd": null,
      "sga": 37564000,
      "fcf": -19825000,
      "ocf": -12312000,
      "capex": -7513000,
      "gross_margin": 0.16900829061451808,
      "op_margin": -0.10262460784579638,
      "fcf_margin": -0.08961910186516224,
      "op_leverage_ratio": 0.14238570657322588,
      "fcf_margin_change": -0.06211615930276488
    },
    {
      "date": "2021-12-31T00:00:00",
      "quarter_label": "2021-12 (Q4)",
      "revenue": 444617000,
      "gross_profit": 90101000,
      "operating_income": 15889000,
      "net_income": 20660000,
      "opex": 74212000,
      "cogs": 354516000,
      "rd": null,
      "sga": 95000000,
      "fcf": -431000,
      "ocf": -2398000,
      "capex": 1967000,
      "gross_margin": 0.20264857169204056,
      "op_margin": 0.03573637535226948,
      "fcf_margin": -0.0009693736406840045,
      "incr_op_margin_yoy": 0.05330727872688638,
      "rev_growth_yoy": 5.290626737381398,
      "op_leverage_ratio": 4.296792778781394,
      "fcf_margin_change": 0.08864972822447824
    },
    {
      "date": "2022-03-31T00:00:00",
      "quarter_label": "2022-03 (Q1)",
      "revenue": 459920000,
      "gross_profit": 105213000,
      "operating_income": 22663000,
      "net_income": 9141000,
      "opex": 82550000,
      "cogs": 354707000,
      "rd": null,
      "sga": 78076000,
      "fcf": 29955000,
      "ocf": 31274000,
      "capex": -1319000,
      "gross_margin": 0.22876369803444077,
      "op_margin": 0.04927596103670204,
      "fcf_margin": 0.06513089232910071,
      "incr_op_margin_yoy": 0.0716566423404162,
      "rev_growth_yoy": 3.4111097931960432,
      "rev_growth_yoy_accel": -1.879516944185355,
      "op_leverage_ratio": 0.3063393308452287,
      "fcf_margin_change": 0.06610026596978472
    },
    {
      "date": "2022-06-30T00:00:00",
      "quarter_label": "2022-06 (Q2)",
      "revenue": 546095000,
      "gross_profit": 137963000,
      "operating_income": 31929000,
      "net_income": 14033000,
      "opex": 106034000,
      "cogs": 408132000,
      "rd": null,
      "sga": 100155000,
      "fcf": 18555000,
      "ocf": 18700000,
      "capex": -145000,
      "gross_margin": 0.25263553044799897,
      "op_margin": 0.05846784900063176,
      "fcf_margin": 0.033977604629231176,
      "incr_op_margin_yoy": 0.08249579191231862,
      "rev_growth_yoy": 2.24389188306963,
      "rev_growth_yoy_accel": -1.1672179101264133,
      "op_leverage_ratio": 0.6586337819698577,
      "fcf_margin_change": -0.03115328769986954
    },
    {
      "date": "2022-09-30T00:00:00",
      "quarter_label": "2022-09 (Q3)",
      "revenue": 470272000,
      "gross_profit": 116346000,
      "operating_income": 13591000,
      "net_income": 3039000,
      "opex": 102755000,
      "cogs": 353926000,
      "rd": null,
      "sga": 96185000,
      "fcf": -48188000,
      "ocf": -45318000,
      "capex": -2870000,
      "gross_margin": 0.2474015038105607,
      "op_margin": 0.02890029599891127,
      "fcf_margin": -0.10246835873707132,
      "incr_op_margin_yoy": 0.14572107701820458,
      "rev_growth_yoy": 1.1258690679613406,
      "rev_growth_yoy_accel": -1.1180228151082894,
      "fcf_margin_change": -0.1364459633663025
    },
    {
      "date": "2022-12-31T00:00:00",
      "quarter_label": "2022-12 (Q4)",
      "revenue": 317082000,
      "gross_profit": 93137000,
      "operating_income": -355305000,
      "net_income": -287726000,
      "opex": 448442000,
      "cogs": 223944000,
      "rd": null,
      "sga": 91971000,
      "fcf": -24809000,
      "ocf": -23543000,
      "capex": -1266000,
      "gross_margin": 0.2937315899357264,
      "op_margin": -1.1205461047930818,
      "fcf_margin": -0.0782415905034029,
      "incr_op_margin_yoy": 2.9105265221311796,
      "rev_growth_yoy": -0.28684238344462765,
      "rev_growth_yoy_accel": -1.4127114514059682,
      "fcf_margin_change": 0.024226768233668414
    },
    {
      "date": "2023-03-31T00:00:00",
      "quarter_label": "2023-03 (Q1)",
      "revenue": 346304000,
      "gross_profit": 91035000,
      "operating_income": -801000,
      "net_income": -16902000,
      "opex": 91836000,
      "cogs": 255269000,
      "rd": null,
      "sga": 87095000,
      "fcf": 7100000,
      "ocf": 9000000,
      "capex": -1900000,
      "gross_margin": 0.2628759702457956,
      "op_margin": -0.0023129966734429866,
      "fcf_margin": 0.02050221770467566,
      "incr_op_margin_yoy": 0.2065202084213491,
      "rev_growth_yoy": -0.24703426682901375,
      "rev_growth_yoy_accel": 0.0398081166156139,
      "op_leverage_ratio": Infinity,
      "fcf_margin_change": 0.09874380820807857
    },
    {
      "date": "2023-06-30T00:00:00",
      "quarter_label": "2023-06 (Q2)",
      "revenue": 382731000,
      "gross_profit": 106401000,
      "operating_income": 819000,
      "net_income": -13588000,
      "opex": 105582000,
      "cogs": 276330000,
      "rd": null,
      "sga": 100313000,
      "fcf": null,
      "ocf": null,
      "capex": -4100000,
      "gross_margin": 0.2780046560116635,
      "op_margin": 0.0021398841483966547,
      "fcf_margin": null,
      "incr_op_margin_yoy": 0.19043363286893072,
      "rev_growth_yoy": -0.2991494153947573,
      "rev_growth_yoy_accel": -0.05211514856574356,
      "op_leverage_ratio": 0.7027526915442386
    },
    {
      "date": "2023-09-30T00:00:00",
      "quarter_label": "2023-09 (Q3)",
      "revenue": 338111000,
      "gross_profit": 91945000,
      "operating_income": -287000,
      "net_income": -16484000,
      "opex": 92232000,
      "cogs": 246166000,
      "rd": null,
      "sga": 84957000,
      "fcf": null,
      "ocf": null,
      "capex": -1800000,
      "gross_margin": 0.2719373223586337,
      "op_margin": -0.0008488336670501699,
      "fcf_margin": null,
      "incr_op_margin_yoy": 0.10500828534893047,
      "rev_growth_yoy": -0.2810309778170931,
      "rev_growth_yoy_accel": 0.018118437577664237
    },
    {
      "date": "2023-12-31T00:00:00",
      "quarter_label": "2023-12 (Q4)",
      "revenue": 311174000,
      "gross_profit": 71253000,
      "operating_income": -69319000,
      "net_income": -168526000,
      "opex": 140572000,
      "cogs": 239921000,
      "rd": null,
      "sga": 75743000,
      "fcf": null,
      "ocf": null,
      "capex": -5900000,
      "gross_margin": 0.22898121308335528,
      "op_margin": -0.22276604086459664,
      "fcf_margin": null,
      "incr_op_margin_yoy": -48.40656736628301,
      "rev_growth_yoy": -0.018632404236128195,
      "rev_growth_yoy_accel": 0.26239857358096486
    },
    {
      "date": "2024-03-31T00:00:00",
      "quarter_label": "2024-03 (Q1)",
      "revenue": 307800000,
      "gross_profit": 82600000,
      "operating_income": 5200000,
      "net_income": -10300000,
      "opex": 77400000,
      "cogs": 225200000,
      "rd": null,
      "sga": 73900000,
      "fcf": 16400000,
      "ocf": 17000000,
      "capex": -600000,
      "gross_margin": 0.2683560753736192,
      "op_margin": 0.016894087069525665,
      "fcf_margin": 0.05328135152696556,
      "incr_op_margin_yoy": -0.1558539372532724,
      "rev_growth_yoy": -0.11118554795786362,
      "rev_growth_yoy_accel": -0.09255314372173543
    },
    {
      "date": "2024-06-30T00:00:00",
      "quarter_label": "2024-06 (Q2)",
      "revenue": 336800000,
      "gross_profit": 89900000,
      "operating_income": 15400000,
      "net_income": -700000,
      "opex": 74500000,
      "cogs": 246900000,
      "rd": null,
      "sga": 71400000,
      "fcf": 11800000,
      "ocf": 12200000,
      "capex": -400000,
      "gross_margin": 0.2669239904988123,
      "op_margin": 0.045724465558194774,
      "fcf_margin": 0.03503562945368171,
      "incr_op_margin_yoy": -0.31745444253336524,
      "rev_growth_yoy": -0.12000856998779821,
      "rev_growth_yoy_accel": -0.008823022029934596,
      "op_leverage_ratio": Infinity,
      "fcf_margin_change": -0.01824572207328385
    },
    {
      "date": "2024-09-30T00:00:00",
      "quarter_label": "2024-09 (Q3)",
      "revenue": 295000000,
      "gross_profit": 74300000,
      "operating_income": 5300000,
      "net_income": -11200000,
      "opex": 69000000,
      "cogs": 220700000,
      "rd": null,
      "sga": 65900000,
      "fcf": 38800000,
      "ocf": 39400000,
      "capex": -600000,
      "gross_margin": 0.25186440677966104,
      "op_margin": 0.017966101694915255,
      "fcf_margin": 0.13152542372881357,
      "incr_op_margin_yoy": -0.12959569483426503,
      "rev_growth_yoy": -0.1275054641818811,
      "rev_growth_yoy_accel": -0.007496894194082893,
      "fcf_margin_change": 0.09648979427513185
    },
    {
      "date": "2024-12-31T00:00:00",
      "quarter_label": "2024-12 (Q4)",
      "revenue": 269600000,
      "gross_profit": 67500000,
      "operating_income": -40600000,
      "net_income": -56400000,
      "opex": 108100000,
      "cogs": 202100000,
      "rd": null,
      "sga": 64200000,
      "fcf": null,
      "ocf": null,
      "capex": -400000,
      "gross_margin": 0.25037091988130566,
      "op_margin": -0.15059347181008903,
      "fcf_margin": null,
      "incr_op_margin_yoy": -0.6907923221244047,
      "rev_growth_yoy": -0.13360370725060577,
      "rev_growth_yoy_accel": -0.006098243068724668
    },
    {
      "date": "2025-03-31T00:00:00",
      "quarter_label": "2025-03 (Q1)",
      "revenue": 244700000,
      "gross_profit": 67200000,
      "operating_income": 3800000,
      "net_income": -9700000,
      "opex": 63400000,
      "cogs": 177500000,
      "rd": null,
      "sga": 61100000,
      "fcf": -7400000,
      "ocf": -6900000,
      "capex": -500000,
      "gross_margin": 0.2746219861054352,
      "op_margin": 0.015529219452390683,
      "fcf_margin": -0.030241111565181854,
      "incr_op_margin_yoy": 0.022187004754358162,
      "rev_growth_yoy": -0.20500324886289797,
      "rev_growth_yoy_accel": -0.0713995416122922
    },
    {
      "date": "2025-06-30T00:00:00",
      "quarter_label": "2025-06 (Q2)",
      "revenue": 299900000,
      "gross_profit": 83900000,
      "operating_income": -18800000,
      "net_income": -32200000,
      "opex": 102700000,
      "cogs": 216000000,
      "rd": null,
      "sga": 66700000,
      "fcf": 8500000,
      "ocf": 10900000,
      "capex": -2400000,
      "gross_margin": 0.27975991997332444,
      "op_margin": -0.06268756252084028,
      "fcf_margin": 0.028342780926975657,
      "incr_op_margin_yoy": 0.926829268292683,
      "rev_growth_yoy": -0.10956057007125891,
      "rev_growth_yoy_accel": 0.09544267879163906,
      "op_leverage_ratio": 0.36391655774168086,
      "fcf_margin_change": 0.05858389249215751
    },
    {
      "date": "2025-09-30T00:00:00",
      "quarter_label": "2025-09 (Q3)",
      "revenue": 281000000,
      "gross_profit": 76000000,
      "operating_income": 9400000,
      "net_income": -4100000,
      "opex": 66600000,
      "cogs": 205000000,
      "rd": null,
      "sga": 64400000,
      "fcf": 9400000,
      "ocf": 11500000,
      "capex": -2100000,
      "gross_margin": 0.2704626334519573,
      "op_margin": 0.03345195729537367,
      "fcf_margin": 0.03345195729537367,
      "incr_op_margin_yoy": -0.29285714285714287,
      "rev_growth_yoy": -0.04745762711864407,
      "rev_growth_yoy_accel": 0.06210294295261484,
      "fcf_margin_change": 0.00510917636839801
    }
  ],
  "signals": [
    {
      "quarter": "2025-09 (Q3)",
      "signal": "YoY REVENUE GROWTH ACCELERATION",
      "detail": "YoY growth: -4.7% vs prior quarter YoY: -11.0% (accel: +6.2%)",
      "severity": "MEDIUM"
    },
    {
      "quarter": "2025-09 (Q3)",
      "signal": "OP MARGIN TURNED POSITIVE (QoQ)",
      "detail": "Op margin: -6.3% -> +3.3%",
      "severity": "HIGH"
    },
    {
      "quarter": "2025-06 (Q2)",
      "signal": "FCF TURNED POSITIVE",
      "detail": "FCF margin: -3.0% -> +2.8%",
      "severity": "HIGH"
    },
    {
      "quarter": "2025-06 (Q2)",
      "signal": "YoY REVENUE GROWTH ACCELERATION",
      "detail": "YoY growth: -11.0% vs prior quarter YoY: -20.5% (accel: +9.5%)",
      "severity": "MEDIUM"
    },
    {
      "quarter": "2025-03 (Q1)",
      "signal": "GROSS MARGIN INFLECTION",
      "detail": "GM: +25.2% -> +25.0% -> +27.5% (reversal +2.4%)",
      "severity": "MEDIUM"
    },
    {
      "quarter": "2025-03 (Q1)",
      "signal": "YoY REVENUE GROWTH DECELERATION",
      "detail": "YoY growth: -20.5% vs prior quarter YoY: -13.4% (decel: -7.1%)",
      "severity": "WARNING"
    },
    {
      "quarter": "2025-03 (Q1)",
      "signal": "OP MARGIN TURNED POSITIVE (QoQ)",
      "detail": "Op margin: -15.1% -> +1.6%",
      "severity": "HIGH"
    },
    {
      "quarter": "2024-09 (Q3)",
      "signal": "FCF MARGIN EXPANSION",
      "detail": "FCF margin: +3.5% -> +13.2% (+9.6%)",
      "severity": "MEDIUM"
    },
    {
      "quarter": "2024-09 (Q3)",
      "signal": "OP MARGIN TURNED POSITIVE (YoY)",
      "detail": "Op margin: -0.1% (year-ago) -> +1.8%",
      "severity": "HIGH"
    },
    {
      "quarter": "2024-03 (Q1)",
      "signal": "GROSS MARGIN INFLECTION",
      "detail": "GM: +27.2% -> +22.9% -> +26.8% (reversal +3.9%)",
      "severity": "MEDIUM"
    },
    {
      "quarter": "2024-03 (Q1)",
      "signal": "YoY REVENUE GROWTH DECELERATION",
      "detail": "YoY growth: -11.1% vs prior quarter YoY: -1.9% (decel: -9.3%)",
      "severity": "WARNING"
    },
    {
      "quarter": "2024-03 (Q1)",
      "signal": "OP MARGIN TURNED POSITIVE (YoY)",
      "detail": "Op margin: -0.2% (year-ago) -> +1.7%",
      "severity": "HIGH"
    },
    {
      "quarter": "2024-03 (Q1)",
      "signal": "OP MARGIN TURNED POSITIVE (QoQ)",
      "detail": "Op margin: -22.3% -> +1.7%",
      "severity": "HIGH"
    },
    {
      "quarter": "2023-12 (Q4)",
      "signal": "YoY REVENUE GROWTH ACCELERATION",
      "detail": "YoY growth: -1.9% vs prior quarter YoY: -28.1% (accel: +26.2%)",
      "severity": "HIGH"
    },
    {
      "quarter": "2023-06 (Q2)",
      "signal": "YoY REVENUE GROWTH DECELERATION",
      "detail": "YoY growth: -29.9% vs prior quarter YoY: -24.7% (decel: -5.2%)",
      "severity": "WARNING"
    },
    {
      "quarter": "2023-06 (Q2)",
      "signal": "INCREMENTAL MARGIN (YoY)",
      "detail": "YoY Incr OPM: +19.0% vs year-ago OPM: +5.8%",
      "severity": "MEDIUM"
    },
    {
      "quarter": "2023-06 (Q2)",
      "signal": "OP MARGIN TURNED POSITIVE (QoQ)",
      "detail": "Op margin: -0.2% -> +0.2%",
      "severity": "HIGH"
    },
    {
      "quarter": "2023-03 (Q1)",
      "signal": "FCF TURNED POSITIVE",
      "detail": "FCF margin: -7.8% -> +2.1%",
      "severity": "HIGH"
    },
    {
      "quarter": "2022-12 (Q4)",
      "signal": "GROSS MARGIN INFLECTION",
      "detail": "GM: +25.3% -> +24.7% -> +29.4% (reversal +4.6%)",
      "severity": "MEDIUM"
    },
    {
      "quarter": "2022-12 (Q4)",
      "signal": "YoY REVENUE GROWTH DECELERATION",
      "detail": "YoY growth: -28.7% vs prior quarter YoY: +112.6% (decel: -141.3%)",
      "severity": "WARNING"
    },
    {
      "quarter": "2022-09 (Q3)",
      "signal": "YoY REVENUE GROWTH DECELERATION",
      "detail": "YoY growth: +112.6% vs prior quarter YoY: +224.4% (decel: -111.8%)",
      "severity": "WARNING"
    },
    {
      "quarter": "2022-09 (Q3)",
      "signal": "OP MARGIN TURNED POSITIVE (YoY)",
      "detail": "Op margin: -10.3% (year-ago) -> +2.9%",
      "severity": "HIGH"
    },
    {
      "quarter": "2022-06 (Q2)",
      "signal": "YoY REVENUE GROWTH DECELERATION",
      "detail": "YoY growth: +224.4% vs prior quarter YoY: +341.1% (decel: -116.7%)",
      "severity": "WARNING"
    },
    {
      "quarter": "2022-03 (Q1)",
      "signal": "FCF TURNED POSITIVE",
      "detail": "FCF margin: -0.1% -> +6.5%",
      "severity": "HIGH"
    },
    {
      "quarter": "2022-03 (Q1)",
      "signal": "YoY REVENUE GROWTH DECELERATION",
      "detail": "YoY growth: +341.1% vs prior quarter YoY: +529.1% (decel: -188.0%)",
      "severity": "WARNING"
    },
    {
      "quarter": "2022-03 (Q1)",
      "signal": "OP MARGIN TURNED POSITIVE (YoY)",
      "detail": "Op margin: -2.7% (year-ago) -> +4.9%",
      "severity": "HIGH"
    },
    {
      "quarter": "2021-12 (Q4)",
      "signal": "FCF MARGIN EXPANSION",
      "detail": "FCF margin: -9.0% -> -0.1% (+8.9%)",
      "severity": "MEDIUM"
    },
    {
      "quarter": "2021-12 (Q4)",
      "signal": "OPERATING LEVERAGE",
      "detail": "Rev growth +101.0% vs OpEx growth +23.5% (leverage: 4.3x)",
      "severity": "MEDIUM"
    },
    {
      "quarter": "2021-12 (Q4)",
      "signal": "OP MARGIN TURNED POSITIVE (YoY)",
      "detail": "Op margin: -5.7% (year-ago) -> +3.6%",
      "severity": "HIGH"
    },
    {
      "quarter": "2021-12 (Q4)",
      "signal": "OP MARGIN TURNED POSITIVE (QoQ)",
      "detail": "Op margin: -10.3% -> +3.6%",
      "severity": "HIGH"
    },
    {
      "quarter": "2021-06 (Q2)",
      "signal": "FCF MARGIN EXPANSION",
      "detail": "FCF margin: -12.4% -> -2.8% (+9.7%)",
      "severity": "MEDIUM"
    },
    {
      "quarter": "2021-06 (Q2)",
      "signal": "OPERATING LEVERAGE",
      "detail": "Rev growth +61.5% vs OpEx growth +33.9% (leverage: 1.8x)",
      "severity": "MEDIUM"
    },
    {
      "quarter": "2021-06 (Q2)",
      "signal": "OP MARGIN TURNED POSITIVE (QoQ)",
      "detail": "Op margin: -2.7% -> +0.5%",
      "severity": "HIGH"
    },
    {
      "quarter": "2021-03 (Q1)",
      "signal": "OPERATING LEVERAGE",
      "detail": "Rev growth +47.5% vs OpEx growth +19.4% (leverage: 2.4x)",
      "severity": "MEDIUM"
    }
  ],
  "data_quality": {
    "n_quarters": 20,
    "coverage": {
      "revenue": [
        20,
        20
      ],
      "gross_profit": [
        20,
        20
      ],
      "op_income": [
        20,
        20
      ],
      "fcf": [
        16,
        20
      ]
    },
    "gaps": [],
    "warnings": []
  },
  "market_cap": null,
  "source": "SEC EDGAR",
  "last_updated": "2026-02-02T22:59:37.740130"
}