{
  "ticker": "RDW",
  "name": "Redwire Corporation",
  "quarters": [
    {
      "date": "2020-09-30T00:00:00",
      "quarter_label": "2020-09 (Q3)",
      "revenue": 12485000,
      "gross_profit": 1939000,
      "operating_income": -2857000,
      "net_income": -2336000,
      "opex": 4796000,
      "cogs": 10546000,
      "rd": 776000,
      "sga": 3520000,
      "fcf": null,
      "ocf": null,
      "capex": null,
      "gross_margin": 0.1553063676411694,
      "op_margin": -0.2288346015218262,
      "fcf_margin": null
    },
    {
      "date": "2021-03-31T00:00:00",
      "quarter_label": "2021-03 (Q1)",
      "revenue": 31698000,
      "gross_profit": 7477000,
      "operating_income": -213974,
      "net_income": 260149,
      "opex": 7690974,
      "cogs": 24221000,
      "rd": 996000,
      "sga": 11256000,
      "fcf": -13101000,
      "ocf": -12525000,
      "capex": -576000,
      "gross_margin": 0.23588239005615497,
      "op_margin": -0.006750394346646476,
      "fcf_margin": -0.41330683323869016,
      "op_leverage_ratio": 2.5494185580003945
    },
    {
      "date": "2021-06-30T00:00:00",
      "quarter_label": "2021-06 (Q2)",
      "revenue": 32148000,
      "gross_profit": 8614000,
      "operating_income": -707636,
      "net_income": -5752200,
      "opex": 9321636,
      "cogs": 23534000,
      "rd": 958000,
      "sga": 12143000,
      "fcf": -8306000,
      "ocf": -7558000,
      "capex": -748000,
      "gross_margin": 0.26794823939280826,
      "op_margin": -0.022011820330969267,
      "fcf_margin": -0.258367550080876,
      "op_leverage_ratio": 0.066957317323431,
      "fcf_margin_change": 0.1549392831578142
    },
    {
      "date": "2021-09-30T00:00:00",
      "quarter_label": "2021-09 (Q3)",
      "revenue": 32680000,
      "gross_profit": 5894000,
      "operating_income": -31051000,
      "net_income": -24252000,
      "opex": 36945000,
      "cogs": 26786000,
      "rd": 1371000,
      "sga": 34333000,
      "fcf": -14758000,
      "ocf": -14242000,
      "capex": -516000,
      "gross_margin": 0.18035495716034272,
      "op_margin": -0.9501529987760098,
      "fcf_margin": -0.45159118727050185,
      "incr_op_margin_yoy": -1.3960881406288685,
      "rev_growth_yoy": 1.617541049259111,
      "op_leverage_ratio": 0.005584357928782665,
      "fcf_margin_change": -0.19322363718962587
    },
    {
      "date": "2021-12-31T00:00:00",
      "quarter_label": "2021-12 (Q4)",
      "revenue": 41075000,
      "gross_profit": 7269000,
      "operating_income": -16340000,
      "net_income": -13710000,
      "opex": 23609000,
      "cogs": 33806000,
      "rd": 1190000,
      "sga": 20840000,
      "fcf": -3287000,
      "ocf": -3033000,
      "capex": -254000,
      "gross_margin": 0.1769689592209373,
      "op_margin": -0.3978088861838101,
      "fcf_margin": -0.08002434570906877,
      "op_leverage_ratio": Infinity,
      "fcf_margin_change": 0.37156684156143305
    },
    {
      "date": "2022-03-31T00:00:00",
      "quarter_label": "2022-03 (Q1)",
      "revenue": 32867000,
      "gross_profit": 5171000,
      "operating_income": -17550000,
      "net_income": -17293000,
      "opex": 22721000,
      "cogs": 27696000,
      "rd": 1724000,
      "sga": 20951000,
      "fcf": -12338000,
      "ocf": -11446000,
      "capex": -892000,
      "gross_margin": 0.15733106155109988,
      "op_margin": -0.5339702437094959,
      "fcf_margin": -0.37539173030699485,
      "incr_op_margin_yoy": -14.82979127459367,
      "rev_growth_yoy": 0.03687929837844659,
      "fcf_margin_change": -0.2953673845979261
    },
    {
      "date": "2022-06-30T00:00:00",
      "quarter_label": "2022-06 (Q2)",
      "revenue": 36728000,
      "gross_profit": 6982000,
      "operating_income": -92798000,
      "net_income": -77028000,
      "opex": 99780000,
      "cogs": 29746000,
      "rd": 1708000,
      "sga": 17562000,
      "fcf": -5144000,
      "ocf": -4138000,
      "capex": -1006000,
      "gross_margin": 0.19010019603572206,
      "op_margin": -2.5266281855804835,
      "fcf_margin": -0.14005663254192988,
      "incr_op_margin_yoy": -20.107066375545852,
      "rev_growth_yoy": 0.14246609431379867,
      "rev_growth_yoy_accel": 0.10558679593535208,
      "op_leverage_ratio": 0.03463728233705551,
      "fcf_margin_change": 0.23533509776506498
    },
    {
      "date": "2022-09-30T00:00:00",
      "quarter_label": "2022-09 (Q3)",
      "revenue": 37249000,
      "gross_profit": 7949000,
      "operating_income": -10315000,
      "net_income": -10423000,
      "opex": 18264000,
      "cogs": 29300000,
      "rd": 1133000,
      "sga": 15312000,
      "fcf": -12140000,
      "ocf": -11245000,
      "capex": -895000,
      "gross_margin": 0.21340170205911568,
      "op_margin": -0.2769201857767994,
      "fcf_margin": -0.3259147896587828,
      "incr_op_margin_yoy": 4.538411030860145,
      "rev_growth_yoy": 0.13981028151774785,
      "rev_growth_yoy_accel": -0.002655812796050816,
      "op_leverage_ratio": Infinity,
      "fcf_margin_change": -0.1858581571168529
    },
    {
      "date": "2022-12-31T00:00:00",
      "quarter_label": "2022-12 (Q4)",
      "revenue": 53705000,
      "gross_profit": 8593000,
      "operating_income": -25785000,
      "net_income": -25873000,
      "opex": 34378000,
      "cogs": 45112000,
      "rd": 376000,
      "sga": 16517000,
      "fcf": -5661000,
      "ocf": -4828000,
      "capex": -833000,
      "gross_margin": 0.16000372404804022,
      "op_margin": -0.4801228935853272,
      "fcf_margin": -0.10540917977841914,
      "incr_op_margin_yoy": -0.7478226444972288,
      "rev_growth_yoy": 0.3074863055386488,
      "rev_growth_yoy_accel": 0.16767602402090095,
      "op_leverage_ratio": 0.5007283719888184,
      "fcf_margin_change": 0.22050560988036366
    },
    {
      "date": "2023-03-31T00:00:00",
      "quarter_label": "2023-03 (Q1)",
      "revenue": 57605000,
      "gross_profit": 14217000,
      "operating_income": -2218000,
      "net_income": -7258000,
      "opex": 16435000,
      "cogs": 43388000,
      "rd": 388000,
      "sga": 16038000,
      "fcf": -14835000,
      "ocf": -14048000,
      "capex": -787000,
      "gross_margin": 0.2468014929259613,
      "op_margin": -0.03850360211787171,
      "fcf_margin": -0.25752972832219423,
      "incr_op_margin_yoy": 0.6197752445630205,
      "rev_growth_yoy": 0.7526698512185475,
      "rev_growth_yoy_accel": 0.44518354567989865,
      "op_leverage_ratio": Infinity,
      "fcf_margin_change": -0.1521205485437751
    },
    {
      "date": "2023-06-30T00:00:00",
      "quarter_label": "2023-06 (Q2)",
      "revenue": 60098000,
      "gross_profit": 15904000,
      "operating_income": -3856000,
      "net_income": -5464000,
      "opex": 19760000,
      "cogs": 44194000,
      "rd": 2070000,
      "sga": 17686000,
      "fcf": 1408000,
      "ocf": 2844000,
      "capex": -1436000,
      "gross_margin": 0.26463443043029716,
      "op_margin": -0.06416186894738593,
      "fcf_margin": 0.02342840027954341,
      "incr_op_margin_yoy": 3.8058194266153187,
      "rev_growth_yoy": 0.6362992812023525,
      "rev_growth_yoy_accel": -0.116370570016195,
      "op_leverage_ratio": 0.2139144667501581,
      "fcf_margin_change": 0.28095812860173763
    },
    {
      "date": "2023-09-30T00:00:00",
      "quarter_label": "2023-09 (Q3)",
      "revenue": 62612000,
      "gross_profit": 17117000,
      "operating_income": -2717000,
      "net_income": -6253000,
      "opex": 19834000,
      "cogs": 45495000,
      "rd": 1532000,
      "sga": 18302000,
      "fcf": -4557000,
      "ocf": -3256000,
      "capex": -1301000,
      "gross_margin": 0.27338209927809365,
      "op_margin": -0.043394237526352776,
      "fcf_margin": -0.072781575416853,
      "incr_op_margin_yoy": 0.2995702401135512,
      "rev_growth_yoy": 0.6809041853472576,
      "rev_growth_yoy_accel": 0.044604904144905144,
      "op_leverage_ratio": 11.170187792371559,
      "fcf_margin_change": -0.09620997569639642
    },
    {
      "date": "2023-12-31T00:00:00",
      "quarter_label": "2023-12 (Q4)",
      "revenue": 63485000,
      "gross_profit": 10731000,
      "operating_income": -6757000,
      "net_income": -8288000,
      "opex": 17488000,
      "cogs": 52754000,
      "rd": 989000,
      "sga": 16499000,
      "fcf": 13595000,
      "ocf": 15691000,
      "capex": -2096000,
      "gross_margin": 0.1690320548160983,
      "op_margin": -0.10643459084823187,
      "fcf_margin": 0.21414507363944238,
      "incr_op_margin_yoy": 1.94560327198364,
      "rev_growth_yoy": 0.18210594916674425,
      "rev_growth_yoy_accel": -0.49879823618051333,
      "op_leverage_ratio": Infinity,
      "fcf_margin_change": 0.2869266490562954
    },
    {
      "date": "2024-03-31T00:00:00",
      "quarter_label": "2024-03 (Q1)",
      "revenue": 87792000,
      "gross_profit": 14825000,
      "operating_income": -3577000,
      "net_income": -8095000,
      "opex": 18402000,
      "cogs": 72967000,
      "rd": 1040000,
      "sga": 17362000,
      "fcf": 1203000,
      "ocf": 2764000,
      "capex": -1561000,
      "gross_margin": 0.16886504465099325,
      "op_margin": -0.040744031346819753,
      "fcf_margin": 0.013702843083652268,
      "incr_op_margin_yoy": -0.04501937920296817,
      "rev_growth_yoy": 0.524034372016318,
      "rev_growth_yoy_accel": 0.3419284228495737,
      "op_leverage_ratio": 7.325785291206644,
      "fcf_margin_change": -0.2004422305557901
    },
    {
      "date": "2024-06-30T00:00:00",
      "quarter_label": "2024-06 (Q2)",
      "revenue": 78111000,
      "gross_profit": 12984000,
      "operating_income": -7130000,
      "net_income": -18092000,
      "opex": 20114000,
      "cogs": 65127000,
      "rd": 1748000,
      "sga": 18088000,
      "fcf": -10420000,
      "ocf": -9506000,
      "capex": -914000,
      "gross_margin": 0.16622498751776318,
      "op_margin": -0.09128035744005326,
      "fcf_margin": -0.13339990526302314,
      "incr_op_margin_yoy": -0.18175761949702993,
      "rev_growth_yoy": 0.29972711238310756,
      "rev_growth_yoy_accel": -0.2243072596332104,
      "fcf_margin_change": -0.14710274834667542
    },
    {
      "date": "2024-09-30T00:00:00",
      "quarter_label": "2024-09 (Q3)",
      "revenue": 68638000,
      "gross_profit": 12023000,
      "operating_income": -12512000,
      "net_income": -20959000,
      "opex": 24535000,
      "cogs": 56615000,
      "rd": 1893000,
      "sga": 17521000,
      "fcf": -19259000,
      "ocf": -17670000,
      "capex": -1589000,
      "gross_margin": 0.17516536029604593,
      "op_margin": -0.18228969375564555,
      "fcf_margin": -0.28058801247122583,
      "incr_op_margin_yoy": -1.6254563557915698,
      "rev_growth_yoy": 0.09624353159138824,
      "rev_growth_yoy_accel": -0.20348358079171933,
      "fcf_margin_change": -0.1471881072082027
    },
    {
      "date": "2024-12-31T00:00:00",
      "quarter_label": "2024-12 (Q4)",
      "revenue": 69560000,
      "gross_profit": 4623000,
      "operating_income": -18981000,
      "net_income": -67169000,
      "opex": 23604000,
      "cogs": 64937000,
      "rd": 1447000,
      "sga": 18427000,
      "fcf": 4729000,
      "ocf": 7064000,
      "capex": -2335000,
      "gross_margin": 0.06646060954571593,
      "op_margin": -0.27287234042553193,
      "fcf_margin": 0.06798447383553767,
      "incr_op_margin_yoy": -2.0121810699588476,
      "rev_growth_yoy": 0.09569189572339923,
      "rev_growth_yoy_accel": -0.0005516358679890088,
      "op_leverage_ratio": Infinity,
      "fcf_margin_change": 0.3485724863067635
    },
    {
      "date": "2025-03-31T00:00:00",
      "quarter_label": "2025-03 (Q1)",
      "revenue": 61395000,
      "gross_profit": 9041000,
      "operating_income": -14317000,
      "net_income": -2948000,
      "opex": 23358000,
      "cogs": 52354000,
      "rd": 813000,
      "sga": 18746000,
      "fcf": -46871000,
      "ocf": -45081000,
      "capex": -1790000,
      "gross_margin": 0.14725954882319406,
      "op_margin": -0.23319488557700138,
      "fcf_margin": -0.7634335043570323,
      "incr_op_margin_yoy": 0.4068644164109558,
      "rev_growth_yoy": -0.3006765992345544,
      "rev_growth_yoy_accel": -0.3963684949579537,
      "fcf_margin_change": -0.8314179781925699
    },
    {
      "date": "2025-06-30T00:00:00",
      "quarter_label": "2025-06 (Q2)",
      "revenue": 61760000,
      "gross_profit": -19064000,
      "operating_income": -91891000,
      "net_income": -96979000,
      "opex": 72827000,
      "cogs": 80824000,
      "rd": 1720000,
      "sga": 54464000,
      "fcf": -90625000,
      "ocf": -87663000,
      "capex": -2962000,
      "gross_margin": -0.3086787564766839,
      "op_margin": -1.4878724093264248,
      "fcf_margin": -1.4673737046632125,
      "incr_op_margin_yoy": 5.183841966852181,
      "rev_growth_yoy": -0.20933031199190896,
      "rev_growth_yoy_accel": 0.09134628724264546,
      "fcf_margin_change": -0.7039402003061802
    },
    {
      "date": "2025-09-30T00:00:00",
      "quarter_label": "2025-09 (Q3)",
      "revenue": 103432000,
      "gross_profit": 16810000,
      "operating_income": -41852000,
      "net_income": -41152000,
      "opex": 58662000,
      "cogs": 86622000,
      "rd": 7693000,
      "sga": 50285000,
      "fcf": -26861000,
      "ocf": -20325000,
      "capex": -6536000,
      "gross_margin": 0.16252223683192824,
      "op_margin": -0.4046329955913064,
      "fcf_margin": -0.2596971923582644,
      "incr_op_margin_yoy": -0.8432488360062079,
      "rev_growth_yoy": 0.5069203648124946,
      "rev_growth_yoy_accel": 0.7162506768044036,
      "op_leverage_ratio": Infinity,
      "fcf_margin_change": 1.207676512304948
    }
  ],
  "signals": [
    {
      "quarter": "2025-09 (Q3)",
      "signal": "FCF MARGIN EXPANSION",
      "detail": "FCF margin: -146.7% -> -26.0% (+120.8%)",
      "severity": "MEDIUM"
    },
    {
      "quarter": "2025-09 (Q3)",
      "signal": "GROSS MARGIN INFLECTION",
      "detail": "GM: +14.7% -> -30.9% -> +16.3% (reversal +47.1%)",
      "severity": "HIGH"
    },
    {
      "quarter": "2025-09 (Q3)",
      "signal": "YoY REVENUE GROWTH ACCELERATION",
      "detail": "YoY growth: +50.7% vs prior quarter YoY: -20.9% (accel: +71.6%)",
      "severity": "HIGH"
    },
    {
      "quarter": "2025-06 (Q2)",
      "signal": "YoY REVENUE GROWTH ACCELERATION",
      "detail": "YoY growth: -20.9% vs prior quarter YoY: -30.1% (accel: +9.1%)",
      "severity": "MEDIUM"
    },
    {
      "quarter": "2025-03 (Q1)",
      "signal": "GROSS MARGIN INFLECTION",
      "detail": "GM: +17.5% -> +6.6% -> +14.7% (reversal +8.1%)",
      "severity": "HIGH"
    },
    {
      "quarter": "2025-03 (Q1)",
      "signal": "YoY REVENUE GROWTH DECELERATION",
      "detail": "YoY growth: -30.1% vs prior quarter YoY: +9.6% (decel: -39.6%)",
      "severity": "WARNING"
    },
    {
      "quarter": "2024-12 (Q4)",
      "signal": "FCF TURNED POSITIVE",
      "detail": "FCF margin: -28.1% -> +6.8%",
      "severity": "HIGH"
    },
    {
      "quarter": "2024-09 (Q3)",
      "signal": "YoY REVENUE GROWTH DECELERATION",
      "detail": "YoY growth: +9.6% vs prior quarter YoY: +30.0% (decel: -20.3%)",
      "severity": "WARNING"
    },
    {
      "quarter": "2024-06 (Q2)",
      "signal": "YoY REVENUE GROWTH DECELERATION",
      "detail": "YoY growth: +30.0% vs prior quarter YoY: +52.4% (decel: -22.4%)",
      "severity": "WARNING"
    },
    {
      "quarter": "2024-03 (Q1)",
      "signal": "OPERATING LEVERAGE",
      "detail": "Rev growth +38.3% vs OpEx growth +5.2% (leverage: 7.3x)",
      "severity": "MEDIUM"
    },
    {
      "quarter": "2024-03 (Q1)",
      "signal": "YoY REVENUE GROWTH ACCELERATION",
      "detail": "YoY growth: +52.4% vs prior quarter YoY: +18.2% (accel: +34.2%)",
      "severity": "HIGH"
    },
    {
      "quarter": "2023-12 (Q4)",
      "signal": "FCF TURNED POSITIVE",
      "detail": "FCF margin: -7.3% -> +21.4%",
      "severity": "HIGH"
    },
    {
      "quarter": "2023-12 (Q4)",
      "signal": "YoY REVENUE GROWTH DECELERATION",
      "detail": "YoY growth: +18.2% vs prior quarter YoY: +68.1% (decel: -49.9%)",
      "severity": "WARNING"
    },
    {
      "quarter": "2023-09 (Q3)",
      "signal": "OPERATING LEVERAGE",
      "detail": "Rev growth +4.2% vs OpEx growth +0.4% (leverage: 11.2x)",
      "severity": "MEDIUM"
    },
    {
      "quarter": "2023-06 (Q2)",
      "signal": "FCF TURNED POSITIVE",
      "detail": "FCF margin: -25.8% -> +2.3%",
      "severity": "HIGH"
    },
    {
      "quarter": "2023-06 (Q2)",
      "signal": "YoY REVENUE GROWTH DECELERATION",
      "detail": "YoY growth: +63.6% vs prior quarter YoY: +75.3% (decel: -11.6%)",
      "severity": "WARNING"
    },
    {
      "quarter": "2023-03 (Q1)",
      "signal": "GROSS MARGIN INFLECTION",
      "detail": "GM: +21.3% -> +16.0% -> +24.7% (reversal +8.7%)",
      "severity": "HIGH"
    },
    {
      "quarter": "2023-03 (Q1)",
      "signal": "YoY REVENUE GROWTH ACCELERATION",
      "detail": "YoY growth: +75.3% vs prior quarter YoY: +30.7% (accel: +44.5%)",
      "severity": "HIGH"
    },
    {
      "quarter": "2022-12 (Q4)",
      "signal": "FCF MARGIN EXPANSION",
      "detail": "FCF margin: -32.6% -> -10.5% (+22.1%)",
      "severity": "MEDIUM"
    },
    {
      "quarter": "2022-12 (Q4)",
      "signal": "YoY REVENUE GROWTH ACCELERATION",
      "detail": "YoY growth: +30.7% vs prior quarter YoY: +14.0% (accel: +16.8%)",
      "severity": "HIGH"
    },
    {
      "quarter": "2022-06 (Q2)",
      "signal": "FCF MARGIN EXPANSION",
      "detail": "FCF margin: -37.5% -> -14.0% (+23.5%)",
      "severity": "MEDIUM"
    },
    {
      "quarter": "2022-06 (Q2)",
      "signal": "GROSS MARGIN INFLECTION",
      "detail": "GM: +17.7% -> +15.7% -> +19.0% (reversal +3.3%)",
      "severity": "MEDIUM"
    },
    {
      "quarter": "2022-06 (Q2)",
      "signal": "YoY REVENUE GROWTH ACCELERATION",
      "detail": "YoY growth: +14.2% vs prior quarter YoY: +3.7% (accel: +10.6%)",
      "severity": "MEDIUM"
    },
    {
      "quarter": "2021-12 (Q4)",
      "signal": "FCF MARGIN EXPANSION",
      "detail": "FCF margin: -45.2% -> -8.0% (+37.2%)",
      "severity": "MEDIUM"
    },
    {
      "quarter": "2021-06 (Q2)",
      "signal": "FCF MARGIN EXPANSION",
      "detail": "FCF margin: -41.3% -> -25.8% (+15.5%)",
      "severity": "MEDIUM"
    },
    {
      "quarter": "2021-03 (Q1)",
      "signal": "OPERATING LEVERAGE",
      "detail": "Rev growth +153.9% vs OpEx growth +60.4% (leverage: 2.5x)",
      "severity": "MEDIUM"
    }
  ],
  "data_quality": {
    "n_quarters": 20,
    "coverage": {
      "revenue": [
        20,
        20
      ],
      "gross_profit": [
        20,
        20
      ],
      "op_income": [
        20,
        20
      ],
      "fcf": [
        19,
        20
      ]
    },
    "gaps": [
      [
        "2020-09 (Q3)",
        "2021-03 (Q1)",
        182
      ]
    ],
    "warnings": [
      "gap: 1Q missing between 2020-09 (Q3) and 2021-03 (Q1)"
    ]
  },
  "market_cap": null,
  "source": "SEC EDGAR",
  "last_updated": "2026-02-02T21:31:05.537628"
}