{
  "ticker": "RDZNW",
  "name": "ROADZEN INC.",
  "quarters": [
    {
      "date": "2022-09-30T00:00:00",
      "quarter_label": "2022-09 (Q3)",
      "revenue": 2607577,
      "gross_profit": 1256183,
      "operating_income": -2645583,
      "net_income": 709655,
      "opex": 316766,
      "cogs": 1351394,
      "rd": 638447,
      "sga": null,
      "fcf": -209723,
      "ocf": -209723,
      "capex": null,
      "gross_margin": 0.4817433962640413,
      "op_margin": -1.0145752167625348,
      "fcf_margin": -0.08042830566460742
    },
    {
      "date": "2022-12-31T00:00:00",
      "quarter_label": "2022-12 (Q4)",
      "revenue": 3316645,
      "gross_profit": 1803975,
      "operating_income": -3189450,
      "net_income": 477429,
      "opex": 1167178,
      "cogs": 1512670,
      "rd": 519931,
      "sga": null,
      "fcf": -2314642,
      "ocf": -2314642,
      "capex": null,
      "gross_margin": 0.5439156135190832,
      "op_margin": -0.9616494982128024,
      "fcf_margin": -0.6978865691082404,
      "op_leverage_ratio": 0.10128845000359511,
      "fcf_margin_change": -0.617458263443633
    },
    {
      "date": "2023-03-31T00:00:00",
      "quarter_label": "2023-03 (Q1)",
      "revenue": 5006105,
      "gross_profit": 3997154,
      "operating_income": -3371175,
      "net_income": 90965,
      "opex": 2113288,
      "cogs": 1008951,
      "rd": 890491,
      "sga": null,
      "fcf": -551544,
      "ocf": -551544,
      "capex": null,
      "gross_margin": 0.7984558853639706,
      "op_margin": -0.673412763016357,
      "fcf_margin": -0.1101742772075296,
      "op_leverage_ratio": 0.6284118776099795,
      "fcf_margin_change": 0.5877122919007108
    },
    {
      "date": "2023-06-30T00:00:00",
      "quarter_label": "2023-06 (Q2)",
      "revenue": 5610910,
      "gross_profit": 3313101,
      "operating_income": -3889061,
      "net_income": 25737,
      "opex": 2200505,
      "cogs": 2297809,
      "rd": 573300,
      "sga": null,
      "fcf": -2923219,
      "ocf": -2923219,
      "capex": null,
      "gross_margin": 0.5904748071168492,
      "op_margin": -0.6931248228896917,
      "fcf_margin": -0.5209883958217116,
      "op_leverage_ratio": 2.9273386123160945,
      "fcf_margin_change": -0.41081411861418204
    },
    {
      "date": "2023-09-30T00:00:00",
      "quarter_label": "2023-09 (Q3)",
      "revenue": 15470581,
      "gross_profit": 9111904,
      "operating_income": -7540340,
      "net_income": -31081800,
      "opex": 16652244,
      "cogs": 6358677,
      "rd": 602105,
      "sga": null,
      "fcf": -12204590,
      "ocf": -12204590,
      "capex": null,
      "gross_margin": 0.5889826632884699,
      "op_margin": -0.48739863098871333,
      "fcf_margin": -0.7888902168574018,
      "incr_op_margin_yoy": -0.38052985134732137,
      "rev_growth_yoy": 4.932933524110697,
      "op_leverage_ratio": 0.2675662741068089,
      "fcf_margin_change": -0.26790182103569016
    },
    {
      "date": "2023-12-31T00:00:00",
      "quarter_label": "2023-12 (Q4)",
      "revenue": 15641441,
      "gross_profit": 8824647,
      "operating_income": -31317294,
      "net_income": -30569619,
      "opex": 40141941,
      "cogs": 6816794,
      "rd": 1876839,
      "sga": null,
      "fcf": 546418,
      "ocf": 546418,
      "capex": null,
      "gross_margin": 0.5641837603069947,
      "op_margin": -2.002200053051378,
      "fcf_margin": 0.03493399361350402,
      "incr_op_margin_yoy": -2.2822157867765114,
      "rev_growth_yoy": 3.716043170131262,
      "rev_growth_yoy_accel": -1.2168903539794353,
      "op_leverage_ratio": 0.007829411675263395,
      "fcf_margin_change": 0.8238242104709058
    },
    {
      "date": "2024-03-31T00:00:00",
      "quarter_label": "2024-03 (Q1)",
      "revenue": 10001355,
      "gross_profit": 7534163,
      "operating_income": -34912142,
      "net_income": -33978672,
      "opex": 42446305,
      "cogs": 2467192,
      "rd": 1921572,
      "sga": null,
      "fcf": -4636774,
      "ocf": -4636774,
      "capex": null,
      "gross_margin": 0.7533142259223875,
      "op_margin": -3.490741204566781,
      "fcf_margin": -0.46361458022437957,
      "incr_op_margin_yoy": -6.314191882288174,
      "rev_growth_yoy": 0.9978316475583313,
      "rev_growth_yoy_accel": -2.718211522572931,
      "fcf_margin_change": -0.4985485738378836
    },
    {
      "date": "2024-06-30T00:00:00",
      "quarter_label": "2024-06 (Q2)",
      "revenue": 8931517,
      "gross_profit": 3504077,
      "operating_income": -30394300,
      "net_income": -48407025,
      "opex": 33898377,
      "cogs": 5427440,
      "rd": 1789542,
      "sga": null,
      "fcf": -5666680,
      "ocf": -5666680,
      "capex": null,
      "gross_margin": 0.39232719368949304,
      "op_margin": -3.403038923846867,
      "fcf_margin": -0.6344588494877186,
      "incr_op_margin_yoy": -7.982046354777906,
      "rev_growth_yoy": 0.5918125580342583,
      "rev_growth_yoy_accel": -0.40601908952407306,
      "fcf_margin_change": -0.170844269263339
    },
    {
      "date": "2024-09-30T00:00:00",
      "quarter_label": "2024-09 (Q3)",
      "revenue": 11874098,
      "gross_profit": 6656477,
      "operating_income": -23541414,
      "net_income": -21810039,
      "opex": 30197891,
      "cogs": 5217621,
      "rd": 1496600,
      "sga": null,
      "fcf": -5584485,
      "ocf": -5584485,
      "capex": null,
      "gross_margin": 0.5605880126642041,
      "op_margin": -1.9825854561752816,
      "fcf_margin": -0.47030814466917825,
      "incr_op_margin_yoy": 4.449089290843305,
      "rev_growth_yoy": -0.23247239389393326,
      "rev_growth_yoy_accel": -0.8242849519281915,
      "op_leverage_ratio": Infinity,
      "fcf_margin_change": 0.16415070481854033
    },
    {
      "date": "2024-12-31T00:00:00",
      "quarter_label": "2024-12 (Q4)",
      "revenue": 12086286,
      "gross_profit": 7810499,
      "operating_income": -3168813,
      "net_income": -2517690,
      "opex": 10979312,
      "cogs": 4275787,
      "rd": 249635,
      "sga": null,
      "fcf": -3180079,
      "ocf": -3180079,
      "capex": null,
      "gross_margin": 0.6462282127032242,
      "op_margin": -0.2621825265428933,
      "fcf_margin": -0.263114657389375,
      "incr_op_margin_yoy": -7.917652254261769,
      "rev_growth_yoy": -0.22729075920818292,
      "rev_growth_yoy_accel": 0.005181634685750336,
      "op_leverage_ratio": Infinity,
      "fcf_margin_change": 0.20719348727980325
    },
    {
      "date": "2025-03-31T00:00:00",
      "quarter_label": "2025-03 (Q1)",
      "revenue": 11404197,
      "gross_profit": 7491826,
      "operating_income": -3708415,
      "net_income": -135678,
      "opex": 11200241,
      "cogs": 3912371,
      "rd": 244177,
      "sga": null,
      "fcf": -3710954,
      "ocf": -3710954,
      "capex": null,
      "gross_margin": 0.6569358631738824,
      "op_margin": -0.32517984387677623,
      "fcf_margin": -0.32540248120933024,
      "incr_op_margin_yoy": 22.243222686517797,
      "rev_growth_yoy": 0.14026519406620402,
      "rev_growth_yoy_accel": 0.36755595327438695,
      "fcf_margin_change": -0.062287823819955235
    },
    {
      "date": "2025-06-30T00:00:00",
      "quarter_label": "2025-06 (Q2)",
      "revenue": 10865545,
      "gross_profit": 6396092,
      "operating_income": -2520349,
      "net_income": -4005770,
      "opex": 11329343,
      "cogs": 4469453,
      "rd": 81534,
      "sga": null,
      "fcf": -2921507,
      "ocf": -2921507,
      "capex": null,
      "gross_margin": 0.5886581851163472,
      "op_margin": -0.23195789994887508,
      "fcf_margin": -0.26887809125083,
      "incr_op_margin_yoy": 14.412382343999155,
      "rev_growth_yoy": 0.2165396986872443,
      "rev_growth_yoy_accel": 0.07627450462104027,
      "fcf_margin_change": 0.05652438995850023
    },
    {
      "date": "2025-09-30T00:00:00",
      "quarter_label": "2025-09 (Q3)",
      "revenue": 13679267,
      "gross_profit": 7621688,
      "operating_income": -3336176,
      "net_income": -2108104,
      "opex": 10957864,
      "cogs": 6057579,
      "rd": 148529,
      "sga": null,
      "fcf": -6077507,
      "ocf": -6077507,
      "capex": null,
      "gross_margin": 0.5571707899260977,
      "op_margin": -0.24388558246578562,
      "fcf_margin": -0.44428601327834305,
      "incr_op_margin_yoy": 11.192989686838185,
      "rev_growth_yoy": 0.15202577913707635,
      "rev_growth_yoy_accel": -0.06451391955016794,
      "op_leverage_ratio": Infinity,
      "fcf_margin_change": -0.17540792202751304
    }
  ],
  "signals": [
    {
      "quarter": "2025-09 (Q3)",
      "signal": "YoY REVENUE GROWTH DECELERATION",
      "detail": "YoY growth: +15.2% vs prior quarter YoY: +21.7% (decel: -6.5%)",
      "severity": "WARNING"
    },
    {
      "quarter": "2025-06 (Q2)",
      "signal": "FCF MARGIN EXPANSION",
      "detail": "FCF margin: -32.5% -> -26.9% (+5.7%)",
      "severity": "MEDIUM"
    },
    {
      "quarter": "2025-06 (Q2)",
      "signal": "YoY REVENUE GROWTH ACCELERATION",
      "detail": "YoY growth: +21.7% vs prior quarter YoY: +14.0% (accel: +7.6%)",
      "severity": "MEDIUM"
    },
    {
      "quarter": "2025-03 (Q1)",
      "signal": "YoY REVENUE GROWTH ACCELERATION",
      "detail": "YoY growth: +14.0% vs prior quarter YoY: -22.7% (accel: +36.8%)",
      "severity": "HIGH"
    },
    {
      "quarter": "2024-12 (Q4)",
      "signal": "FCF MARGIN EXPANSION",
      "detail": "FCF margin: -47.0% -> -26.3% (+20.7%)",
      "severity": "MEDIUM"
    },
    {
      "quarter": "2024-09 (Q3)",
      "signal": "FCF MARGIN EXPANSION",
      "detail": "FCF margin: -63.4% -> -47.0% (+16.4%)",
      "severity": "MEDIUM"
    },
    {
      "quarter": "2024-09 (Q3)",
      "signal": "GROSS MARGIN INFLECTION",
      "detail": "GM: +75.3% -> +39.2% -> +56.1% (reversal +16.8%)",
      "severity": "HIGH"
    },
    {
      "quarter": "2024-09 (Q3)",
      "signal": "YoY REVENUE GROWTH DECELERATION",
      "detail": "YoY growth: -23.2% vs prior quarter YoY: +59.2% (decel: -82.4%)",
      "severity": "WARNING"
    },
    {
      "quarter": "2024-06 (Q2)",
      "signal": "YoY REVENUE GROWTH DECELERATION",
      "detail": "YoY growth: +59.2% vs prior quarter YoY: +99.8% (decel: -40.6%)",
      "severity": "WARNING"
    },
    {
      "quarter": "2024-03 (Q1)",
      "signal": "GROSS MARGIN INFLECTION",
      "detail": "GM: +58.9% -> +56.4% -> +75.3% (reversal +18.9%)",
      "severity": "HIGH"
    },
    {
      "quarter": "2024-03 (Q1)",
      "signal": "YoY REVENUE GROWTH DECELERATION",
      "detail": "YoY growth: +99.8% vs prior quarter YoY: +371.6% (decel: -271.8%)",
      "severity": "WARNING"
    },
    {
      "quarter": "2023-12 (Q4)",
      "signal": "FCF TURNED POSITIVE",
      "detail": "FCF margin: -78.9% -> +3.5%",
      "severity": "HIGH"
    },
    {
      "quarter": "2023-12 (Q4)",
      "signal": "YoY REVENUE GROWTH DECELERATION",
      "detail": "YoY growth: +371.6% vs prior quarter YoY: +493.3% (decel: -121.7%)",
      "severity": "WARNING"
    },
    {
      "quarter": "2023-06 (Q2)",
      "signal": "OPERATING LEVERAGE",
      "detail": "Rev growth +12.1% vs OpEx growth +4.1% (leverage: 2.9x)",
      "severity": "MEDIUM"
    },
    {
      "quarter": "2023-03 (Q1)",
      "signal": "FCF MARGIN EXPANSION",
      "detail": "FCF margin: -69.8% -> -11.0% (+58.8%)",
      "severity": "MEDIUM"
    }
  ],
  "data_quality": {
    "n_quarters": 13,
    "coverage": {
      "revenue": [
        13,
        13
      ],
      "gross_profit": [
        13,
        13
      ],
      "op_income": [
        13,
        13
      ],
      "fcf": [
        13,
        13
      ]
    },
    "gaps": [],
    "warnings": []
  },
  "market_cap": null,
  "source": "SEC EDGAR",
  "last_updated": "2026-02-03T01:12:20.986657"
}