{
  "ticker": "REAL",
  "name": "TheRealReal, Inc.",
  "quarters": [
    {
      "date": "2020-12-31T00:00:00",
      "quarter_label": "2020-12 (Q4)",
      "revenue": 86268000,
      "gross_profit": 52817000,
      "operating_income": -48914000,
      "net_income": -51343000,
      "opex": 101731000,
      "cogs": 33451000,
      "rd": null,
      "sga": 38715000,
      "fcf": -40970000,
      "ocf": -38402000,
      "capex": -2568000,
      "gross_margin": 0.6122432419900774,
      "op_margin": -0.5670005100384847,
      "fcf_margin": -0.4749153799786711
    },
    {
      "date": "2021-03-31T00:00:00",
      "quarter_label": "2021-03 (Q1)",
      "revenue": 98817000,
      "gross_profit": 58338000,
      "operating_income": -52773000,
      "net_income": -55993000,
      "opex": 111111000,
      "cogs": 40479000,
      "rd": null,
      "sga": 43616000,
      "fcf": -53733000,
      "ocf": -47808000,
      "capex": -5925000,
      "gross_margin": 0.5903640061932663,
      "op_margin": -0.5340477853001002,
      "fcf_margin": -0.5437627128935305,
      "op_leverage_ratio": 1.5776471049260583,
      "fcf_margin_change": -0.0688473329148594
    },
    {
      "date": "2021-06-30T00:00:00",
      "quarter_label": "2021-06 (Q2)",
      "revenue": 104912000,
      "gross_profit": 63413000,
      "operating_income": -64797000,
      "net_income": -70723000,
      "opex": 128210000,
      "cogs": 41499000,
      "rd": null,
      "sga": 44264000,
      "fcf": -55225000,
      "ocf": -40508000,
      "capex": -14717000,
      "gross_margin": 0.6044399115449138,
      "op_margin": -0.6176319200854049,
      "fcf_margin": -0.5263935488790605,
      "op_leverage_ratio": 0.4008006239635106,
      "fcf_margin_change": 0.017369164014469973
    },
    {
      "date": "2021-09-30T00:00:00",
      "quarter_label": "2021-09 (Q3)",
      "revenue": 118838000,
      "gross_profit": 71099000,
      "operating_income": -51156000,
      "net_income": -57196000,
      "opex": 122255000,
      "cogs": 47739000,
      "rd": null,
      "sga": 44912000,
      "fcf": -44732000,
      "ocf": -35071000,
      "capex": -9661000,
      "gross_margin": 0.5982850603342366,
      "op_margin": -0.4304683687036133,
      "fcf_margin": -0.3764115855197832,
      "op_leverage_ratio": Infinity,
      "fcf_margin_change": 0.14998196335927733
    },
    {
      "date": "2021-12-31T00:00:00",
      "quarter_label": "2021-12 (Q4)",
      "revenue": 145125000,
      "gross_profit": 80627000,
      "operating_income": -46182000,
      "net_income": -52195000,
      "opex": 126809000,
      "cogs": 64498000,
      "rd": null,
      "sga": 43914000,
      "fcf": -25931000,
      "ocf": -18764000,
      "capex": -7167000,
      "gross_margin": 0.5555693367786391,
      "op_margin": -0.31822222222222224,
      "fcf_margin": -0.1786804478897502,
      "incr_op_margin_yoy": 0.046417588392204834,
      "rev_growth_yoy": 0.6822576158019196,
      "op_leverage_ratio": 5.938261174597708,
      "fcf_margin_change": 0.197731137630033
    },
    {
      "date": "2022-03-31T00:00:00",
      "quarter_label": "2022-03 (Q1)",
      "revenue": 146700000,
      "gross_profit": 78617000,
      "operating_income": -54707000,
      "net_income": -57412000,
      "opex": 133324000,
      "cogs": 68083000,
      "rd": null,
      "sga": 48262000,
      "fcf": -54497000,
      "ocf": -49354000,
      "capex": -5143000,
      "gross_margin": 0.5359032038173143,
      "op_margin": -0.3729175187457396,
      "fcf_margin": -0.37148602590320384,
      "incr_op_margin_yoy": -0.04039011757826368,
      "rev_growth_yoy": 0.4845623728710647,
      "rev_growth_yoy_accel": -0.1976952429308549,
      "op_leverage_ratio": 0.21123894173850447,
      "fcf_margin_change": -0.19280557801345363
    },
    {
      "date": "2022-06-30T00:00:00",
      "quarter_label": "2022-06 (Q2)",
      "revenue": 154435000,
      "gross_profit": 87687000,
      "operating_income": -50983000,
      "net_income": -53165000,
      "opex": 138670000,
      "cogs": 66748000,
      "rd": null,
      "sga": 52245000,
      "fcf": -43006000,
      "ocf": -38550000,
      "capex": -4456000,
      "gross_margin": 0.5677922750671803,
      "op_margin": -0.3301259429533461,
      "fcf_margin": -0.2784731440411824,
      "incr_op_margin_yoy": 0.2789410980756416,
      "rev_growth_yoy": 0.4720432362360836,
      "rev_growth_yoy_accel": -0.01251913663498111,
      "op_leverage_ratio": 1.3149510454592632,
      "fcf_margin_change": 0.09301288186202145
    },
    {
      "date": "2022-09-30T00:00:00",
      "quarter_label": "2022-09 (Q3)",
      "revenue": 142703000,
      "gross_profit": 85777000,
      "operating_income": -45528000,
      "net_income": -47258000,
      "opex": 131305000,
      "cogs": 56926000,
      "rd": null,
      "sga": 46860000,
      "fcf": -14160000,
      "ocf": -7351000,
      "capex": -6809000,
      "gross_margin": 0.6010875734917976,
      "op_margin": -0.3190402444237332,
      "fcf_margin": -0.09922706600421856,
      "incr_op_margin_yoy": 0.23582652419861722,
      "rev_growth_yoy": 0.20081960315723926,
      "rev_growth_yoy_accel": -0.27122363307884434,
      "fcf_margin_change": 0.17924607803696385
    },
    {
      "date": "2022-12-31T00:00:00",
      "quarter_label": "2022-12 (Q4)",
      "revenue": 159655000,
      "gross_profit": 96610000,
      "operating_income": -37945000,
      "net_income": -38610000,
      "opex": 134555000,
      "cogs": 63045000,
      "rd": null,
      "sga": 48097000,
      "fcf": -2755000,
      "ocf": 3698000,
      "capex": -6453000,
      "gross_margin": 0.6051172841439354,
      "op_margin": -0.2376687231843663,
      "fcf_margin": -0.01725595815978203,
      "incr_op_margin_yoy": 0.5668960770818995,
      "rev_growth_yoy": 0.10012058570198105,
      "rev_growth_yoy_accel": -0.10069901745525821,
      "op_leverage_ratio": 4.799386698247409,
      "fcf_margin_change": 0.08197110784443654
    },
    {
      "date": "2023-03-31T00:00:00",
      "quarter_label": "2023-03 (Q1)",
      "revenue": 141904000,
      "gross_profit": 89983000,
      "operating_income": -81800000,
      "net_income": -82500000,
      "opex": 171783000,
      "cogs": 51921000,
      "rd": null,
      "sga": 49845000,
      "fcf": -42139000,
      "ocf": -30433000,
      "capex": -11706000,
      "gross_margin": 0.6341117938888262,
      "op_margin": -0.5764460480324727,
      "fcf_margin": -0.2969542789491487,
      "incr_op_margin_yoy": 5.64908256880734,
      "rev_growth_yoy": -0.03269256987048398,
      "rev_growth_yoy_accel": -0.13281315557246504,
      "fcf_margin_change": -0.2796983207893667
    },
    {
      "date": "2023-06-30T00:00:00",
      "quarter_label": "2023-06 (Q2)",
      "revenue": 130855000,
      "gross_profit": 86174000,
      "operating_income": -40942000,
      "net_income": -41330000,
      "opex": 127116000,
      "cogs": 44681000,
      "rd": null,
      "sga": 44326000,
      "fcf": -38483000,
      "ocf": -30425000,
      "capex": -8058000,
      "gross_margin": 0.6585457185434259,
      "op_margin": -0.3128806694432769,
      "fcf_margin": -0.29408887700126096,
      "incr_op_margin_yoy": -0.4258269720101781,
      "rev_growth_yoy": -0.15268559588176256,
      "rev_growth_yoy_accel": -0.11999302601127858,
      "fcf_margin_change": 0.002865401947887758
    },
    {
      "date": "2023-09-30T00:00:00",
      "quarter_label": "2023-09 (Q3)",
      "revenue": 133172000,
      "gross_profit": 94072000,
      "operating_income": -22489000,
      "net_income": -22949000,
      "opex": 116561000,
      "cogs": 39100000,
      "rd": null,
      "sga": 44788000,
      "fcf": -16697000,
      "ocf": -10933000,
      "capex": -5764000,
      "gross_margin": 0.7063947376325354,
      "op_margin": -0.1688718349202535,
      "fcf_margin": -0.12537920884269968,
      "incr_op_margin_yoy": -2.4172699611793096,
      "rev_growth_yoy": -0.06678906540156829,
      "rev_growth_yoy_accel": 0.08589653048019427,
      "op_leverage_ratio": Infinity,
      "fcf_margin_change": 0.16870966815856128
    },
    {
      "date": "2023-12-31T00:00:00",
      "quarter_label": "2023-12 (Q4)",
      "revenue": 143373000,
      "gross_profit": 106049000,
      "operating_income": -21062000,
      "net_income": -21693000,
      "opex": 127111000,
      "cogs": 37324000,
      "rd": null,
      "sga": 43494000,
      "fcf": 6874000,
      "ocf": 10523000,
      "capex": -3649000,
      "gross_margin": 0.7396720442482196,
      "op_margin": -0.14690353134830128,
      "fcf_margin": 0.04794487107056419,
      "incr_op_margin_yoy": -1.0369119272816607,
      "rev_growth_yoy": -0.10198239954902759,
      "rev_growth_yoy_accel": -0.0351933341474593,
      "op_leverage_ratio": 0.8463122565508057,
      "fcf_margin_change": 0.17332407991326387
    },
    {
      "date": "2024-03-31T00:00:00",
      "quarter_label": "2024-03 (Q1)",
      "revenue": 143800000,
      "gross_profit": 107279000,
      "operating_income": -17942000,
      "net_income": -31101000,
      "opex": 125221000,
      "cogs": 36521000,
      "rd": null,
      "sga": 46770000,
      "fcf": -5608000,
      "ocf": -3467000,
      "capex": -2141000,
      "gross_margin": 0.7460292072322671,
      "op_margin": -0.12477051460361613,
      "fcf_margin": -0.038998609179415854,
      "incr_op_margin_yoy": 33.68037974683544,
      "rev_growth_yoy": 0.013361145563197655,
      "rev_growth_yoy_accel": 0.11534354511222525,
      "fcf_margin_change": -0.08694348024998005
    },
    {
      "date": "2024-06-30T00:00:00",
      "quarter_label": "2024-06 (Q2)",
      "revenue": 144934000,
      "gross_profit": 107466000,
      "operating_income": -18797000,
      "net_income": -16708000,
      "opex": 126263000,
      "cogs": 37468000,
      "rd": null,
      "sga": 47082000,
      "fcf": -9755000,
      "ocf": -6754000,
      "capex": -3001000,
      "gross_margin": 0.741482329888087,
      "op_margin": -0.12969351566920115,
      "fcf_margin": -0.0673064981301834,
      "incr_op_margin_yoy": 1.572910007813055,
      "rev_growth_yoy": 0.10759237323755301,
      "rev_growth_yoy_accel": 0.09423122767435535,
      "fcf_margin_change": -0.028307888950767544
    },
    {
      "date": "2024-09-30T00:00:00",
      "quarter_label": "2024-09 (Q3)",
      "revenue": 147755000,
      "gross_profit": 110713000,
      "operating_income": -14602000,
      "net_income": -17938000,
      "opex": 125315000,
      "cogs": 37042000,
      "rd": null,
      "sga": 47512000,
      "fcf": 5047000,
      "ocf": 9073000,
      "capex": -4026000,
      "gross_margin": 0.7493012080809448,
      "op_margin": -0.09882575885756827,
      "fcf_margin": 0.03415789651788433,
      "incr_op_margin_yoy": 0.5408352190907221,
      "rev_growth_yoy": 0.10950500105127203,
      "rev_growth_yoy_accel": 0.0019126278137190228,
      "op_leverage_ratio": Infinity,
      "fcf_margin_change": 0.10146439464806772
    },
    {
      "date": "2024-12-31T00:00:00",
      "quarter_label": "2024-12 (Q4)",
      "revenue": 163995000,
      "gross_profit": 122063000,
      "operating_income": -5154000,
      "net_income": -68455000,
      "opex": 127217000,
      "cogs": 41932000,
      "rd": null,
      "sga": 46373000,
      "fcf": 22914000,
      "ocf": 27994000,
      "capex": -5080000,
      "gross_margin": 0.7443092777218817,
      "op_margin": -0.03142778743254367,
      "fcf_margin": 0.13972377206622152,
      "incr_op_margin_yoy": 0.7714091746678304,
      "rev_growth_yoy": 0.14383461321169258,
      "rev_growth_yoy_accel": 0.03432961216042055,
      "op_leverage_ratio": 7.241630884900869,
      "fcf_margin_change": 0.10556587554833718
    },
    {
      "date": "2025-03-31T00:00:00",
      "quarter_label": "2025-03 (Q1)",
      "revenue": 160033000,
      "gross_profit": 120023000,
      "operating_income": -12771000,
      "net_income": 62400000,
      "opex": 132794000,
      "cogs": 40010000,
      "rd": null,
      "sga": 49961000,
      "fcf": -32984000,
      "ocf": -28270000,
      "capex": -4714000,
      "gross_margin": 0.7499890647553942,
      "op_margin": -0.07980229077752714,
      "fcf_margin": -0.2061074903301194,
      "incr_op_margin_yoy": 0.31854863549559537,
      "rev_growth_yoy": 0.11288595271210014,
      "rev_growth_yoy_accel": -0.03094866049959244,
      "fcf_margin_change": -0.34583126239634093
    },
    {
      "date": "2025-06-30T00:00:00",
      "quarter_label": "2025-06 (Q2)",
      "revenue": 165188000,
      "gross_profit": 122676000,
      "operating_income": -9885000,
      "net_income": -11366000,
      "opex": 132561000,
      "cogs": 42512000,
      "rd": null,
      "sga": 48027000,
      "fcf": -11374000,
      "ocf": -3570000,
      "capex": -7804000,
      "gross_margin": 0.7426447441702787,
      "op_margin": -0.05984090854057195,
      "fcf_margin": -0.06885488049979417,
      "incr_op_margin_yoy": 0.44001184951120764,
      "rev_growth_yoy": 0.1397463673120179,
      "rev_growth_yoy_accel": 0.026860414599917753,
      "op_leverage_ratio": Infinity,
      "fcf_margin_change": 0.13725260983032522
    },
    {
      "date": "2025-09-30T00:00:00",
      "quarter_label": "2025-09 (Q3)",
      "revenue": 173573000,
      "gross_profit": 128920000,
      "operating_income": -7550000,
      "net_income": -54051000,
      "opex": 136470000,
      "cogs": 44653000,
      "rd": null,
      "sga": 51621000,
      "fcf": 16893000,
      "ocf": 19330000,
      "capex": -2437000,
      "gross_margin": 0.7427422467780127,
      "op_margin": -0.04349754858186469,
      "fcf_margin": 0.09732504479383314,
      "incr_op_margin_yoy": 0.2731427686110466,
      "rev_growth_yoy": 0.17473520354641128,
      "rev_growth_yoy_accel": 0.03498883623439339,
      "op_leverage_ratio": 1.7213717569660996,
      "fcf_margin_change": 0.1661799252936273
    }
  ],
  "signals": [
    {
      "quarter": "2025-09 (Q3)",
      "signal": "FCF TURNED POSITIVE",
      "detail": "FCF margin: -6.9% -> +9.7%",
      "severity": "HIGH"
    },
    {
      "quarter": "2025-09 (Q3)",
      "signal": "OPERATING LEVERAGE",
      "detail": "Rev growth +5.1% vs OpEx growth +2.9% (leverage: 1.7x)",
      "severity": "MEDIUM"
    },
    {
      "quarter": "2025-06 (Q2)",
      "signal": "FCF MARGIN EXPANSION",
      "detail": "FCF margin: -20.6% -> -6.9% (+13.7%)",
      "severity": "MEDIUM"
    },
    {
      "quarter": "2024-12 (Q4)",
      "signal": "FCF MARGIN EXPANSION",
      "detail": "FCF margin: +3.4% -> +14.0% (+10.6%)",
      "severity": "MEDIUM"
    },
    {
      "quarter": "2024-12 (Q4)",
      "signal": "OPERATING LEVERAGE",
      "detail": "Rev growth +11.0% vs OpEx growth +1.5% (leverage: 7.2x)",
      "severity": "MEDIUM"
    },
    {
      "quarter": "2024-09 (Q3)",
      "signal": "FCF TURNED POSITIVE",
      "detail": "FCF margin: -6.7% -> +3.4%",
      "severity": "HIGH"
    },
    {
      "quarter": "2024-06 (Q2)",
      "signal": "YoY REVENUE GROWTH ACCELERATION",
      "detail": "YoY growth: +10.8% vs prior quarter YoY: +1.3% (accel: +9.4%)",
      "severity": "MEDIUM"
    },
    {
      "quarter": "2024-03 (Q1)",
      "signal": "YoY REVENUE GROWTH ACCELERATION",
      "detail": "YoY growth: +1.3% vs prior quarter YoY: -10.2% (accel: +11.5%)",
      "severity": "MEDIUM"
    },
    {
      "quarter": "2023-12 (Q4)",
      "signal": "FCF TURNED POSITIVE",
      "detail": "FCF margin: -12.5% -> +4.8%",
      "severity": "HIGH"
    },
    {
      "quarter": "2023-09 (Q3)",
      "signal": "FCF MARGIN EXPANSION",
      "detail": "FCF margin: -29.4% -> -12.5% (+16.9%)",
      "severity": "MEDIUM"
    },
    {
      "quarter": "2023-09 (Q3)",
      "signal": "YoY REVENUE GROWTH ACCELERATION",
      "detail": "YoY growth: -6.7% vs prior quarter YoY: -15.3% (accel: +8.6%)",
      "severity": "MEDIUM"
    },
    {
      "quarter": "2023-06 (Q2)",
      "signal": "YoY REVENUE GROWTH DECELERATION",
      "detail": "YoY growth: -15.3% vs prior quarter YoY: -3.3% (decel: -12.0%)",
      "severity": "WARNING"
    },
    {
      "quarter": "2023-03 (Q1)",
      "signal": "YoY REVENUE GROWTH DECELERATION",
      "detail": "YoY growth: -3.3% vs prior quarter YoY: +10.0% (decel: -13.3%)",
      "severity": "WARNING"
    },
    {
      "quarter": "2022-12 (Q4)",
      "signal": "FCF MARGIN EXPANSION",
      "detail": "FCF margin: -9.9% -> -1.7% (+8.2%)",
      "severity": "MEDIUM"
    },
    {
      "quarter": "2022-12 (Q4)",
      "signal": "OPERATING LEVERAGE",
      "detail": "Rev growth +11.9% vs OpEx growth +2.5% (leverage: 4.8x)",
      "severity": "MEDIUM"
    },
    {
      "quarter": "2022-12 (Q4)",
      "signal": "YoY REVENUE GROWTH DECELERATION",
      "detail": "YoY growth: +10.0% vs prior quarter YoY: +20.1% (decel: -10.1%)",
      "severity": "WARNING"
    },
    {
      "quarter": "2022-09 (Q3)",
      "signal": "FCF MARGIN EXPANSION",
      "detail": "FCF margin: -27.8% -> -9.9% (+17.9%)",
      "severity": "MEDIUM"
    },
    {
      "quarter": "2022-09 (Q3)",
      "signal": "YoY REVENUE GROWTH DECELERATION",
      "detail": "YoY growth: +20.1% vs prior quarter YoY: +47.2% (decel: -27.1%)",
      "severity": "WARNING"
    },
    {
      "quarter": "2022-06 (Q2)",
      "signal": "FCF MARGIN EXPANSION",
      "detail": "FCF margin: -37.1% -> -27.8% (+9.3%)",
      "severity": "MEDIUM"
    },
    {
      "quarter": "2022-06 (Q2)",
      "signal": "GROSS MARGIN INFLECTION",
      "detail": "GM: +55.6% -> +53.6% -> +56.8% (reversal +3.2%)",
      "severity": "MEDIUM"
    },
    {
      "quarter": "2022-03 (Q1)",
      "signal": "YoY REVENUE GROWTH DECELERATION",
      "detail": "YoY growth: +48.5% vs prior quarter YoY: +68.2% (decel: -19.8%)",
      "severity": "WARNING"
    },
    {
      "quarter": "2021-12 (Q4)",
      "signal": "FCF MARGIN EXPANSION",
      "detail": "FCF margin: -37.6% -> -17.9% (+19.8%)",
      "severity": "MEDIUM"
    },
    {
      "quarter": "2021-12 (Q4)",
      "signal": "OPERATING LEVERAGE",
      "detail": "Rev growth +22.1% vs OpEx growth +3.7% (leverage: 5.9x)",
      "severity": "MEDIUM"
    },
    {
      "quarter": "2021-09 (Q3)",
      "signal": "FCF MARGIN EXPANSION",
      "detail": "FCF margin: -52.6% -> -37.6% (+15.0%)",
      "severity": "MEDIUM"
    },
    {
      "quarter": "2021-03 (Q1)",
      "signal": "OPERATING LEVERAGE",
      "detail": "Rev growth +14.5% vs OpEx growth +9.2% (leverage: 1.6x)",
      "severity": "MEDIUM"
    }
  ],
  "data_quality": {
    "n_quarters": 20,
    "coverage": {
      "revenue": [
        20,
        20
      ],
      "gross_profit": [
        20,
        20
      ],
      "op_income": [
        20,
        20
      ],
      "fcf": [
        20,
        20
      ]
    },
    "gaps": [],
    "warnings": []
  },
  "market_cap": null,
  "source": "SEC EDGAR",
  "last_updated": "2026-02-02T21:39:36.902795"
}