{
  "ticker": "REAX",
  "name": "THE REAL BROKERAGE INC.",
  "quarters": [
    {
      "date": "2023-09-30T00:00:00",
      "quarter_label": "2023-09 (Q3)",
      "revenue": 214640000,
      "gross_profit": 18775000,
      "operating_income": -3967000,
      "net_income": -4024000,
      "opex": 22742000,
      "cogs": 195865000,
      "rd": 1931000,
      "sga": null,
      "fcf": -8129000,
      "ocf": -7932000,
      "capex": -197000,
      "gross_margin": 0.08747204621692135,
      "op_margin": -0.018482109578829668,
      "fcf_margin": -0.03787271710771525
    },
    {
      "date": "2023-12-31T00:00:00",
      "quarter_label": "2023-12 (Q4)",
      "revenue": 181341000,
      "gross_profit": 15531000,
      "operating_income": -11265000,
      "net_income": -11964000,
      "opex": 26796000,
      "cogs": 165810000,
      "rd": 2325000,
      "sga": null,
      "fcf": -6042000,
      "ocf": -5861000,
      "capex": -181000,
      "gross_margin": 0.08564527602693268,
      "op_margin": -0.06212053534501299,
      "fcf_margin": -0.03331844425695237,
      "fcf_margin_change": 0.004554272850762875
    },
    {
      "date": "2024-03-31T00:00:00",
      "quarter_label": "2024-03 (Q1)",
      "revenue": 200743000,
      "gross_profit": 20759000,
      "operating_income": -15718000,
      "net_income": -16097000,
      "opex": 36477000,
      "cogs": 179984000,
      "rd": 2462000,
      "sga": null,
      "fcf": 21384000,
      "ocf": 21480000,
      "capex": -96000,
      "gross_margin": 0.1034108287711153,
      "op_margin": -0.0782991187737555,
      "fcf_margin": 0.10652426236531286,
      "op_leverage_ratio": 0.296142162197964,
      "fcf_margin_change": 0.13984270662226522
    },
    {
      "date": "2024-06-30T00:00:00",
      "quarter_label": "2024-06 (Q2)",
      "revenue": 340778000,
      "gross_profit": 31868000,
      "operating_income": -644000,
      "net_income": -1215000,
      "opex": 32512000,
      "cogs": 308910000,
      "rd": 2608000,
      "sga": null,
      "fcf": 15469000,
      "ocf": 15970000,
      "capex": -501000,
      "gross_margin": 0.09351542646532346,
      "op_margin": -0.0018897933552048548,
      "fcf_margin": 0.045393188527428414,
      "op_leverage_ratio": Infinity,
      "fcf_margin_change": -0.06113107383788444
    },
    {
      "date": "2024-09-30T00:00:00",
      "quarter_label": "2024-09 (Q3)",
      "revenue": 372488000,
      "gross_profit": 32129000,
      "operating_income": -2478000,
      "net_income": -2586000,
      "opex": 34607000,
      "cogs": 340359000,
      "rd": 3045000,
      "sga": null,
      "fcf": 6829000,
      "ocf": 7196000,
      "capex": -367000,
      "gross_margin": 0.0862551276819656,
      "op_margin": -0.006652563304052748,
      "fcf_margin": 0.01833347651467967,
      "incr_op_margin_yoy": 0.009433125538492727,
      "rev_growth_yoy": 0.7354081252329482,
      "op_leverage_ratio": 1.4440570503622687,
      "fcf_margin_change": -0.027059712012748746
    },
    {
      "date": "2024-12-31T00:00:00",
      "quarter_label": "2024-12 (Q4)",
      "revenue": 350630000,
      "gross_profit": 29985000,
      "operating_income": -6386000,
      "net_income": -6643000,
      "opex": 36371000,
      "cogs": 320645000,
      "rd": 4041000,
      "sga": null,
      "fcf": 4004000,
      "ocf": 4085000,
      "capex": -81000,
      "gross_margin": 0.08551749707669053,
      "op_margin": -0.01821293100989647,
      "fcf_margin": 0.011419444999001797,
      "incr_op_margin_yoy": 0.028820537660450472,
      "rev_growth_yoy": 0.9335395746135733,
      "rev_growth_yoy_accel": 0.1981314493806251,
      "fcf_margin_change": -0.006914031515677871
    },
    {
      "date": "2025-03-31T00:00:00",
      "quarter_label": "2025-03 (Q1)",
      "revenue": 353981000,
      "gross_profit": 33936000,
      "operating_income": -5209000,
      "net_income": -4967000,
      "opex": 39145000,
      "cogs": 320045000,
      "rd": 3932000,
      "sga": null,
      "fcf": 15665000,
      "ocf": 15950000,
      "capex": -285000,
      "gross_margin": 0.09586955232060478,
      "op_margin": -0.014715479079385616,
      "fcf_margin": 0.04425378763266955,
      "incr_op_margin_yoy": 0.06857959513958678,
      "rev_growth_yoy": 0.7633541393722322,
      "rev_growth_yoy_accel": -0.1701854352413411,
      "fcf_margin_change": 0.03283434263366775
    },
    {
      "date": "2025-06-30T00:00:00",
      "quarter_label": "2025-06 (Q2)",
      "revenue": 540747000,
      "gross_profit": 47861000,
      "operating_income": 1684000,
      "net_income": 1512000,
      "opex": 46177000,
      "cogs": 492886000,
      "rd": 3993000,
      "sga": null,
      "fcf": 40763000,
      "ocf": 41018000,
      "capex": -255000,
      "gross_margin": 0.08850904397065541,
      "op_margin": 0.0031142105272891018,
      "fcf_margin": 0.07538275755575158,
      "incr_op_margin_yoy": 0.011641804479694352,
      "rev_growth_yoy": 0.5868013780232292,
      "rev_growth_yoy_accel": -0.176552761349003,
      "op_leverage_ratio": 2.93707678817557,
      "fcf_margin_change": 0.031128969923082027
    },
    {
      "date": "2025-09-30T00:00:00",
      "quarter_label": "2025-09 (Q3)",
      "revenue": 568549000,
      "gross_profit": 44857000,
      "operating_income": -473000,
      "net_income": -447000,
      "opex": 45330000,
      "cogs": 523692000,
      "rd": 4712000,
      "sga": null,
      "fcf": 8414000,
      "ocf": 8809000,
      "capex": -395000,
      "gross_margin": 0.07889733338727181,
      "op_margin": -0.0008319423655656768,
      "fcf_margin": 0.014799076244967452,
      "incr_op_margin_yoy": 0.010226409127771459,
      "rev_growth_yoy": 0.5263552114430532,
      "rev_growth_yoy_accel": -0.060446166580175986,
      "op_leverage_ratio": Infinity,
      "fcf_margin_change": -0.06058368131078413
    }
  ],
  "signals": [
    {
      "quarter": "2025-09 (Q3)",
      "signal": "YoY REVENUE GROWTH DECELERATION",
      "detail": "YoY growth: +52.6% vs prior quarter YoY: +58.7% (decel: -6.0%)",
      "severity": "WARNING"
    },
    {
      "quarter": "2025-06 (Q2)",
      "signal": "OPERATING LEVERAGE",
      "detail": "Rev growth +52.8% vs OpEx growth +18.0% (leverage: 2.9x)",
      "severity": "MEDIUM"
    },
    {
      "quarter": "2025-06 (Q2)",
      "signal": "YoY REVENUE GROWTH DECELERATION",
      "detail": "YoY growth: +58.7% vs prior quarter YoY: +76.3% (decel: -17.7%)",
      "severity": "WARNING"
    },
    {
      "quarter": "2025-06 (Q2)",
      "signal": "OP MARGIN TURNED POSITIVE (YoY)",
      "detail": "Op margin: -0.2% (year-ago) -> +0.3%",
      "severity": "HIGH"
    },
    {
      "quarter": "2025-06 (Q2)",
      "signal": "OP MARGIN TURNED POSITIVE (QoQ)",
      "detail": "Op margin: -1.5% -> +0.3%",
      "severity": "HIGH"
    },
    {
      "quarter": "2025-03 (Q1)",
      "signal": "YoY REVENUE GROWTH DECELERATION",
      "detail": "YoY growth: +76.3% vs prior quarter YoY: +93.4% (decel: -17.0%)",
      "severity": "WARNING"
    },
    {
      "quarter": "2024-12 (Q4)",
      "signal": "YoY REVENUE GROWTH ACCELERATION",
      "detail": "YoY growth: +93.4% vs prior quarter YoY: +73.5% (accel: +19.8%)",
      "severity": "HIGH"
    },
    {
      "quarter": "2024-03 (Q1)",
      "signal": "FCF TURNED POSITIVE",
      "detail": "FCF margin: -3.3% -> +10.7%",
      "severity": "HIGH"
    }
  ],
  "data_quality": {
    "n_quarters": 9,
    "coverage": {
      "revenue": [
        9,
        9
      ],
      "gross_profit": [
        9,
        9
      ],
      "op_income": [
        9,
        9
      ],
      "fcf": [
        9,
        9
      ]
    },
    "gaps": [],
    "warnings": []
  },
  "market_cap": null,
  "source": "SEC EDGAR",
  "last_updated": "2026-02-02T22:09:52.564155"
}