{
  "ticker": "REED",
  "name": "REED\u2019S, INC.",
  "quarters": [
    {
      "date": "2020-12-31T00:00:00",
      "quarter_label": "2020-12 (Q4)",
      "revenue": 10677000,
      "gross_profit": 3522000,
      "operating_income": -2656000,
      "net_income": -3257000,
      "opex": 6178000,
      "cogs": 7155000,
      "rd": null,
      "sga": null,
      "fcf": -2729000,
      "ocf": -2728000,
      "capex": -1000,
      "gross_margin": 0.32986794043270584,
      "op_margin": -0.248759014704505,
      "fcf_margin": -0.25559614123817553
    },
    {
      "date": "2021-03-31T00:00:00",
      "quarter_label": "2021-03 (Q1)",
      "revenue": 12146000,
      "gross_profit": 3853000,
      "operating_income": -4251000,
      "net_income": -4507000,
      "opex": 8104000,
      "cogs": 8293000,
      "rd": null,
      "sga": null,
      "fcf": -5154000,
      "ocf": -5059000,
      "capex": -95000,
      "gross_margin": 0.3172237773752676,
      "op_margin": -0.3499917668368187,
      "fcf_margin": -0.4243372303639058,
      "op_leverage_ratio": 0.4413307357718394,
      "fcf_margin_change": -0.16874108912573027
    },
    {
      "date": "2021-06-30T00:00:00",
      "quarter_label": "2021-06 (Q2)",
      "revenue": 11270000,
      "gross_profit": 3269000,
      "operating_income": -3709000,
      "net_income": -3141000,
      "opex": 6978000,
      "cogs": 8001000,
      "rd": null,
      "sga": null,
      "fcf": -5250000,
      "ocf": -5250000,
      "capex": null,
      "gross_margin": 0.29006211180124225,
      "op_margin": -0.3291038154392192,
      "fcf_margin": -0.4658385093167702,
      "fcf_margin_change": -0.04150127895286437
    },
    {
      "date": "2021-09-30T00:00:00",
      "quarter_label": "2021-09 (Q3)",
      "revenue": 13402000,
      "gross_profit": 3872000,
      "operating_income": -3653000,
      "net_income": -3887000,
      "opex": 7525000,
      "cogs": 9530000,
      "rd": null,
      "sga": null,
      "fcf": -4996000,
      "ocf": -4996000,
      "capex": null,
      "gross_margin": 0.2889121026712431,
      "op_margin": -0.27257125802119087,
      "fcf_margin": -0.37278018206237873,
      "op_leverage_ratio": 2.4132756067215055,
      "fcf_margin_change": 0.09305832725439145
    },
    {
      "date": "2021-12-31T00:00:00",
      "quarter_label": "2021-12 (Q4)",
      "revenue": 12781000,
      "gross_profit": 2604000,
      "operating_income": -4357000,
      "net_income": -4866000,
      "opex": 6961000,
      "cogs": 10177000,
      "rd": null,
      "sga": null,
      "fcf": -2515000,
      "ocf": -2284000,
      "capex": -231000,
      "gross_margin": 0.20373992645332917,
      "op_margin": -0.3408966434551287,
      "fcf_margin": -0.19677646506533136,
      "incr_op_margin_yoy": -0.8084600760456274,
      "rev_growth_yoy": 0.19705909899784585,
      "fcf_margin_change": 0.17600371699704737
    },
    {
      "date": "2022-03-31T00:00:00",
      "quarter_label": "2022-03 (Q1)",
      "revenue": 12182000,
      "gross_profit": 2932000,
      "operating_income": -4179000,
      "net_income": -4980000,
      "opex": 7111000,
      "cogs": 9250000,
      "rd": null,
      "sga": null,
      "fcf": -2207000,
      "ocf": -2207000,
      "capex": null,
      "gross_margin": 0.24068297488097193,
      "op_margin": -0.3430471186997209,
      "fcf_margin": -0.1811689377770481,
      "rev_growth_yoy": 0.002963938745265931,
      "rev_growth_yoy_accel": -0.19409516025257992,
      "fcf_margin_change": 0.015607527288283268
    },
    {
      "date": "2022-06-30T00:00:00",
      "quarter_label": "2022-06 (Q2)",
      "revenue": 13725000,
      "gross_profit": 3299000,
      "operating_income": -4536000,
      "net_income": -5077000,
      "opex": 7835000,
      "cogs": 10426000,
      "rd": null,
      "sga": null,
      "fcf": -14123000,
      "ocf": -14123000,
      "capex": null,
      "gross_margin": 0.24036429872495446,
      "op_margin": -0.33049180327868855,
      "fcf_margin": -1.0289981785063753,
      "incr_op_margin_yoy": -0.3368635437881874,
      "rev_growth_yoy": 0.2178349600709849,
      "rev_growth_yoy_accel": 0.21487102132571897,
      "op_leverage_ratio": 1.2440546055179682,
      "fcf_margin_change": -0.8478292407293272
    },
    {
      "date": "2022-09-30T00:00:00",
      "quarter_label": "2022-09 (Q3)",
      "revenue": 12094000,
      "gross_profit": 2435000,
      "operating_income": -2454000,
      "net_income": -3231000,
      "opex": 4889000,
      "cogs": 9659000,
      "rd": null,
      "sga": null,
      "fcf": -177000,
      "ocf": -177000,
      "capex": null,
      "gross_margin": 0.20133950719364974,
      "op_margin": -0.20291053414916488,
      "fcf_margin": -0.014635356375062015,
      "incr_op_margin_yoy": -0.9166666666666666,
      "rev_growth_yoy": -0.09759737352633935,
      "rev_growth_yoy_accel": -0.31543233359732425,
      "fcf_margin_change": 1.0143628221313132
    },
    {
      "date": "2022-12-31T00:00:00",
      "quarter_label": "2022-12 (Q4)",
      "revenue": 15040000,
      "gross_profit": 3446000,
      "operating_income": -3665000,
      "net_income": -6769000,
      "opex": 7111000,
      "cogs": 11594000,
      "rd": null,
      "sga": null,
      "fcf": 977000,
      "ocf": 977000,
      "capex": null,
      "gross_margin": 0.22912234042553192,
      "op_margin": -0.24368351063829788,
      "fcf_margin": 0.06496010638297872,
      "incr_op_margin_yoy": 0.3063302346170872,
      "rev_growth_yoy": 0.17674673343243877,
      "rev_growth_yoy_accel": 0.2743441069587781,
      "op_leverage_ratio": 0.5359678765958289,
      "fcf_margin_change": 0.07959546275804073
    },
    {
      "date": "2023-03-31T00:00:00",
      "quarter_label": "2023-03 (Q1)",
      "revenue": 11157000,
      "gross_profit": 2698000,
      "operating_income": -2578000,
      "net_income": -4357000,
      "opex": 5276000,
      "cogs": 8459000,
      "rd": null,
      "sga": null,
      "fcf": 1117000,
      "ocf": 1117000,
      "capex": null,
      "gross_margin": 0.24182127812135878,
      "op_margin": -0.23106569866451554,
      "fcf_margin": 0.10011651877744913,
      "incr_op_margin_yoy": -1.5619512195121952,
      "rev_growth_yoy": -0.0841405352158923,
      "rev_growth_yoy_accel": -0.26088726864833106,
      "fcf_margin_change": 0.03515641239447041
    },
    {
      "date": "2023-06-30T00:00:00",
      "quarter_label": "2023-06 (Q2)",
      "revenue": 10005000,
      "gross_profit": 2509000,
      "operating_income": -1747000,
      "net_income": -3134000,
      "opex": 4256000,
      "cogs": 7496000,
      "rd": null,
      "sga": null,
      "fcf": -3405000,
      "ocf": -3405000,
      "capex": null,
      "gross_margin": 0.2507746126936532,
      "op_margin": -0.17461269365317342,
      "fcf_margin": -0.3403298350824588,
      "incr_op_margin_yoy": -0.749731182795699,
      "rev_growth_yoy": -0.2710382513661202,
      "rev_growth_yoy_accel": -0.18689771615022788,
      "fcf_margin_change": -0.44044635385990794
    },
    {
      "date": "2023-09-30T00:00:00",
      "quarter_label": "2023-09 (Q3)",
      "revenue": 11856000,
      "gross_profit": 4033000,
      "operating_income": -143000,
      "net_income": -1436000,
      "opex": 4176000,
      "cogs": 7823000,
      "rd": null,
      "sga": null,
      "fcf": -1796000,
      "ocf": -1796000,
      "capex": null,
      "gross_margin": 0.34016531713900133,
      "op_margin": -0.01206140350877193,
      "fcf_margin": -0.15148448043184884,
      "rev_growth_yoy": -0.01967917975855796,
      "rev_growth_yoy_accel": 0.2513590716075622,
      "op_leverage_ratio": Infinity,
      "fcf_margin_change": 0.18884535465060995
    },
    {
      "date": "2023-12-31T00:00:00",
      "quarter_label": "2023-12 (Q4)",
      "revenue": 11693000,
      "gross_profit": 472000,
      "operating_income": -4949000,
      "net_income": -6596000,
      "opex": 5421000,
      "cogs": 8106000,
      "rd": null,
      "sga": null,
      "fcf": -183000,
      "ocf": -182000,
      "capex": -1000,
      "gross_margin": 0.04036603095869323,
      "op_margin": -0.4232446763020611,
      "fcf_margin": -0.01565038912169674,
      "incr_op_margin_yoy": 0.38362712877203464,
      "rev_growth_yoy": -0.22253989361702128,
      "rev_growth_yoy_accel": -0.20286071385846333,
      "fcf_margin_change": 0.1358340913101521
    },
    {
      "date": "2024-03-31T00:00:00",
      "quarter_label": "2024-03 (Q1)",
      "revenue": 9595000,
      "gross_profit": 3413000,
      "operating_income": -650000,
      "net_income": -1673000,
      "opex": 4063000,
      "cogs": 6182000,
      "rd": null,
      "sga": null,
      "fcf": -2411000,
      "ocf": -2395000,
      "capex": -16000,
      "gross_margin": 0.355706096925482,
      "op_margin": -0.06774361646690985,
      "fcf_margin": -0.2512767066180302,
      "incr_op_margin_yoy": -1.234314980793854,
      "rev_growth_yoy": -0.14000179259657614,
      "rev_growth_yoy_accel": 0.08253810102044515,
      "fcf_margin_change": -0.23562631749633345
    },
    {
      "date": "2024-06-30T00:00:00",
      "quarter_label": "2024-06 (Q2)",
      "revenue": 11874000,
      "gross_profit": 3831000,
      "operating_income": -669000,
      "net_income": -3212000,
      "opex": 4500000,
      "cogs": 8043000,
      "rd": null,
      "sga": null,
      "fcf": -924000,
      "ocf": -912000,
      "capex": -12000,
      "gross_margin": 0.32263769580596263,
      "op_margin": -0.056341586659929256,
      "fcf_margin": -0.07781707933299646,
      "incr_op_margin_yoy": 0.5767790262172284,
      "rev_growth_yoy": 0.18680659670164917,
      "rev_growth_yoy_accel": 0.3268083892982253,
      "op_leverage_ratio": 2.208333860002886,
      "fcf_margin_change": 0.17345962728503372
    },
    {
      "date": "2024-09-30T00:00:00",
      "quarter_label": "2024-09 (Q3)",
      "revenue": 6752000,
      "gross_profit": 1215000,
      "operating_income": -3138000,
      "net_income": -4150000,
      "opex": 4353000,
      "cogs": 5537000,
      "rd": null,
      "sga": null,
      "fcf": 1030000,
      "ocf": 1053000,
      "capex": -23000,
      "gross_margin": 0.17994668246445497,
      "op_margin": -0.4647511848341232,
      "fcf_margin": 0.15254739336492892,
      "incr_op_margin_yoy": 0.586794670846395,
      "rev_growth_yoy": -0.43049932523616735,
      "rev_growth_yoy_accel": -0.6173059219378165,
      "fcf_margin_change": 0.23036447269792537
    },
    {
      "date": "2024-12-31T00:00:00",
      "quarter_label": "2024-12 (Q4)",
      "revenue": 9733000,
      "gross_profit": 2917000,
      "operating_income": -3659000,
      "net_income": -4117000,
      "opex": 6576000,
      "cogs": 6816000,
      "rd": null,
      "sga": null,
      "fcf": -3971000,
      "ocf": -3870000,
      "capex": -101000,
      "gross_margin": 0.29970204459056815,
      "op_margin": -0.37593753210726394,
      "fcf_margin": -0.4079934244323436,
      "incr_op_margin_yoy": -0.6581632653061225,
      "rev_growth_yoy": -0.16762165398101428,
      "rev_growth_yoy_accel": 0.26287767125515304,
      "op_leverage_ratio": 0.8645273695083497,
      "fcf_margin_change": -0.5605408177972725
    },
    {
      "date": "2025-03-31T00:00:00",
      "quarter_label": "2025-03 (Q1)",
      "revenue": 10029000,
      "gross_profit": 3402000,
      "operating_income": -1742000,
      "net_income": -2031000,
      "opex": 5144000,
      "cogs": 6627000,
      "rd": null,
      "sga": null,
      "fcf": -5435000,
      "ocf": -5362000,
      "capex": -73000,
      "gross_margin": 0.3392162728088543,
      "op_margin": -0.1736962807857214,
      "fcf_margin": -0.5419284076179081,
      "rev_growth_yoy": 0.045231891610213654,
      "rev_growth_yoy_accel": 0.21285354559122793,
      "op_leverage_ratio": Infinity,
      "fcf_margin_change": -0.13393498318556446
    },
    {
      "date": "2025-06-30T00:00:00",
      "quarter_label": "2025-06 (Q2)",
      "revenue": 9523000,
      "gross_profit": 807000,
      "operating_income": -5793000,
      "net_income": -6048000,
      "opex": 6600000,
      "cogs": 8716000,
      "rd": null,
      "sga": null,
      "fcf": -5070000,
      "ocf": -5048000,
      "capex": -22000,
      "gross_margin": 0.08474220308726242,
      "op_margin": -0.6083167069200882,
      "fcf_margin": -0.5323952535965557,
      "incr_op_margin_yoy": 2.179498085920885,
      "rev_growth_yoy": -0.19799562068384707,
      "rev_growth_yoy_accel": -0.24322751229406073,
      "fcf_margin_change": 0.009533154021352352
    },
    {
      "date": "2025-09-30T00:00:00",
      "quarter_label": "2025-09 (Q3)",
      "revenue": 7033000,
      "gross_profit": 1224000,
      "operating_income": -4103000,
      "net_income": -3982000,
      "opex": 5327000,
      "cogs": 5809000,
      "rd": null,
      "sga": null,
      "fcf": -2916000,
      "ocf": -2820000,
      "capex": -96000,
      "gross_margin": 0.1740366842030428,
      "op_margin": -0.5833925778472914,
      "fcf_margin": -0.4146168064837196,
      "rev_growth_yoy": 0.041617298578199055,
      "rev_growth_yoy_accel": 0.23961291926204614,
      "fcf_margin_change": 0.11777844711283608
    }
  ],
  "signals": [
    {
      "quarter": "2025-09 (Q3)",
      "signal": "FCF MARGIN EXPANSION",
      "detail": "FCF margin: -53.2% -> -41.5% (+11.8%)",
      "severity": "MEDIUM"
    },
    {
      "quarter": "2025-09 (Q3)",
      "signal": "GROSS MARGIN INFLECTION",
      "detail": "GM: +33.9% -> +8.5% -> +17.4% (reversal +8.9%)",
      "severity": "HIGH"
    },
    {
      "quarter": "2025-09 (Q3)",
      "signal": "YoY REVENUE GROWTH ACCELERATION",
      "detail": "YoY growth: +4.2% vs prior quarter YoY: -19.8% (accel: +24.0%)",
      "severity": "HIGH"
    },
    {
      "quarter": "2025-06 (Q2)",
      "signal": "YoY REVENUE GROWTH DECELERATION",
      "detail": "YoY growth: -19.8% vs prior quarter YoY: +4.5% (decel: -24.3%)",
      "severity": "WARNING"
    },
    {
      "quarter": "2025-03 (Q1)",
      "signal": "YoY REVENUE GROWTH ACCELERATION",
      "detail": "YoY growth: +4.5% vs prior quarter YoY: -16.8% (accel: +21.3%)",
      "severity": "HIGH"
    },
    {
      "quarter": "2024-12 (Q4)",
      "signal": "GROSS MARGIN INFLECTION",
      "detail": "GM: +32.3% -> +18.0% -> +30.0% (reversal +12.0%)",
      "severity": "HIGH"
    },
    {
      "quarter": "2024-12 (Q4)",
      "signal": "YoY REVENUE GROWTH ACCELERATION",
      "detail": "YoY growth: -16.8% vs prior quarter YoY: -43.0% (accel: +26.3%)",
      "severity": "HIGH"
    },
    {
      "quarter": "2024-09 (Q3)",
      "signal": "FCF TURNED POSITIVE",
      "detail": "FCF margin: -7.8% -> +15.3%",
      "severity": "HIGH"
    },
    {
      "quarter": "2024-09 (Q3)",
      "signal": "YoY REVENUE GROWTH DECELERATION",
      "detail": "YoY growth: -43.0% vs prior quarter YoY: +18.7% (decel: -61.7%)",
      "severity": "WARNING"
    },
    {
      "quarter": "2024-06 (Q2)",
      "signal": "FCF MARGIN EXPANSION",
      "detail": "FCF margin: -25.1% -> -7.8% (+17.3%)",
      "severity": "MEDIUM"
    },
    {
      "quarter": "2024-06 (Q2)",
      "signal": "OPERATING LEVERAGE",
      "detail": "Rev growth +23.8% vs OpEx growth +10.8% (leverage: 2.2x)",
      "severity": "MEDIUM"
    },
    {
      "quarter": "2024-06 (Q2)",
      "signal": "YoY REVENUE GROWTH ACCELERATION",
      "detail": "YoY growth: +18.7% vs prior quarter YoY: -14.0% (accel: +32.7%)",
      "severity": "HIGH"
    },
    {
      "quarter": "2024-03 (Q1)",
      "signal": "GROSS MARGIN INFLECTION",
      "detail": "GM: +34.0% -> +4.0% -> +35.6% (reversal +31.5%)",
      "severity": "HIGH"
    },
    {
      "quarter": "2024-03 (Q1)",
      "signal": "YoY REVENUE GROWTH ACCELERATION",
      "detail": "YoY growth: -14.0% vs prior quarter YoY: -22.3% (accel: +8.3%)",
      "severity": "MEDIUM"
    },
    {
      "quarter": "2023-12 (Q4)",
      "signal": "FCF MARGIN EXPANSION",
      "detail": "FCF margin: -15.1% -> -1.6% (+13.6%)",
      "severity": "MEDIUM"
    },
    {
      "quarter": "2023-12 (Q4)",
      "signal": "YoY REVENUE GROWTH DECELERATION",
      "detail": "YoY growth: -22.3% vs prior quarter YoY: -2.0% (decel: -20.3%)",
      "severity": "WARNING"
    },
    {
      "quarter": "2023-09 (Q3)",
      "signal": "FCF MARGIN EXPANSION",
      "detail": "FCF margin: -34.0% -> -15.1% (+18.9%)",
      "severity": "MEDIUM"
    },
    {
      "quarter": "2023-09 (Q3)",
      "signal": "YoY REVENUE GROWTH ACCELERATION",
      "detail": "YoY growth: -2.0% vs prior quarter YoY: -27.1% (accel: +25.1%)",
      "severity": "HIGH"
    },
    {
      "quarter": "2023-06 (Q2)",
      "signal": "YoY REVENUE GROWTH DECELERATION",
      "detail": "YoY growth: -27.1% vs prior quarter YoY: -8.4% (decel: -18.7%)",
      "severity": "WARNING"
    },
    {
      "quarter": "2023-03 (Q1)",
      "signal": "YoY REVENUE GROWTH DECELERATION",
      "detail": "YoY growth: -8.4% vs prior quarter YoY: +17.7% (decel: -26.1%)",
      "severity": "WARNING"
    },
    {
      "quarter": "2022-12 (Q4)",
      "signal": "FCF TURNED POSITIVE",
      "detail": "FCF margin: -1.5% -> +6.5%",
      "severity": "HIGH"
    },
    {
      "quarter": "2022-12 (Q4)",
      "signal": "GROSS MARGIN INFLECTION",
      "detail": "GM: +24.0% -> +20.1% -> +22.9% (reversal +2.8%)",
      "severity": "MEDIUM"
    },
    {
      "quarter": "2022-12 (Q4)",
      "signal": "YoY REVENUE GROWTH ACCELERATION",
      "detail": "YoY growth: +17.7% vs prior quarter YoY: -9.8% (accel: +27.4%)",
      "severity": "HIGH"
    },
    {
      "quarter": "2022-09 (Q3)",
      "signal": "FCF MARGIN EXPANSION",
      "detail": "FCF margin: -102.9% -> -1.5% (+101.4%)",
      "severity": "MEDIUM"
    },
    {
      "quarter": "2022-09 (Q3)",
      "signal": "YoY REVENUE GROWTH DECELERATION",
      "detail": "YoY growth: -9.8% vs prior quarter YoY: +21.8% (decel: -31.5%)",
      "severity": "WARNING"
    },
    {
      "quarter": "2022-06 (Q2)",
      "signal": "YoY REVENUE GROWTH ACCELERATION",
      "detail": "YoY growth: +21.8% vs prior quarter YoY: +0.3% (accel: +21.5%)",
      "severity": "HIGH"
    },
    {
      "quarter": "2022-03 (Q1)",
      "signal": "GROSS MARGIN INFLECTION",
      "detail": "GM: +28.9% -> +20.4% -> +24.1% (reversal +3.7%)",
      "severity": "MEDIUM"
    },
    {
      "quarter": "2022-03 (Q1)",
      "signal": "YoY REVENUE GROWTH DECELERATION",
      "detail": "YoY growth: +0.3% vs prior quarter YoY: +19.7% (decel: -19.4%)",
      "severity": "WARNING"
    },
    {
      "quarter": "2021-12 (Q4)",
      "signal": "FCF MARGIN EXPANSION",
      "detail": "FCF margin: -37.3% -> -19.7% (+17.6%)",
      "severity": "MEDIUM"
    },
    {
      "quarter": "2021-09 (Q3)",
      "signal": "FCF MARGIN EXPANSION",
      "detail": "FCF margin: -46.6% -> -37.3% (+9.3%)",
      "severity": "MEDIUM"
    },
    {
      "quarter": "2021-09 (Q3)",
      "signal": "OPERATING LEVERAGE",
      "detail": "Rev growth +18.9% vs OpEx growth +7.8% (leverage: 2.4x)",
      "severity": "MEDIUM"
    }
  ],
  "data_quality": {
    "n_quarters": 20,
    "coverage": {
      "revenue": [
        20,
        20
      ],
      "gross_profit": [
        20,
        20
      ],
      "op_income": [
        20,
        20
      ],
      "fcf": [
        20,
        20
      ]
    },
    "gaps": [],
    "warnings": []
  },
  "market_cap": null,
  "source": "SEC EDGAR",
  "last_updated": "2026-02-02T23:51:28.188222"
}