{
  "ticker": "REKR",
  "name": "REKOR SYSTEMS, INC.",
  "quarters": [
    {
      "date": "2020-12-31T00:00:00",
      "quarter_label": "2020-12 (Q4)",
      "revenue": 2835000,
      "gross_profit": 2055000,
      "operating_income": -3099000,
      "net_income": -3107000,
      "opex": 5154000,
      "cogs": 780000,
      "rd": 1042000,
      "sga": null,
      "fcf": -3319000,
      "ocf": -3319000,
      "capex": null,
      "gross_margin": 0.7248677248677249,
      "op_margin": -1.0931216931216932,
      "fcf_margin": -1.1707231040564374
    },
    {
      "date": "2021-03-31T00:00:00",
      "quarter_label": "2021-03 (Q1)",
      "revenue": 4216000,
      "gross_profit": 2254000,
      "operating_income": -5308000,
      "net_income": -5406000,
      "opex": 7562000,
      "cogs": 1962000,
      "rd": 1222000,
      "sga": null,
      "fcf": -3163000,
      "ocf": -3163000,
      "capex": null,
      "gross_margin": 0.534629981024668,
      "op_margin": -1.2590132827324478,
      "fcf_margin": -0.7502371916508539,
      "op_leverage_ratio": 1.0426259909648614,
      "fcf_margin_change": 0.42048591240558353
    },
    {
      "date": "2021-06-30T00:00:00",
      "quarter_label": "2021-06 (Q2)",
      "revenue": 4274000,
      "gross_profit": 2842000,
      "operating_income": -4685000,
      "net_income": -4762000,
      "opex": 7527000,
      "cogs": 1432000,
      "rd": 1519000,
      "sga": null,
      "fcf": -3684000,
      "ocf": -3684000,
      "capex": null,
      "gross_margin": 0.6649508656995788,
      "op_margin": -1.0961628451099672,
      "fcf_margin": -0.8619560131024802,
      "op_leverage_ratio": Infinity,
      "fcf_margin_change": -0.11171882145162626
    },
    {
      "date": "2021-09-30T00:00:00",
      "quarter_label": "2021-09 (Q3)",
      "revenue": 2615000,
      "gross_profit": 1213000,
      "operating_income": -9655000,
      "net_income": -9613000,
      "opex": 10868000,
      "cogs": 1402000,
      "rd": 2000000,
      "sga": null,
      "fcf": -5478000,
      "ocf": -5478000,
      "capex": null,
      "gross_margin": 0.4638623326959847,
      "op_margin": -3.6921606118546846,
      "fcf_margin": -2.094837476099426,
      "fcf_margin_change": -1.232881462996946
    },
    {
      "date": "2021-12-31T00:00:00",
      "quarter_label": "2021-12 (Q4)",
      "revenue": 3189000,
      "gross_profit": 1658000,
      "operating_income": -11567000,
      "net_income": -7001000,
      "opex": 13225000,
      "cogs": 1531000,
      "rd": 3551000,
      "sga": null,
      "fcf": -5709000,
      "ocf": -5709000,
      "capex": null,
      "gross_margin": 0.519912198181248,
      "op_margin": -3.6271558482282846,
      "fcf_margin": -1.7902163687676387,
      "rev_growth_yoy": 0.12486772486772486,
      "op_leverage_ratio": 1.0121158974001205,
      "fcf_margin_change": 0.3046211073317875
    },
    {
      "date": "2022-03-31T00:00:00",
      "quarter_label": "2022-03 (Q1)",
      "revenue": 3608000,
      "gross_profit": 1625000,
      "operating_income": -12606000,
      "net_income": -12601000,
      "opex": 14231000,
      "cogs": 1983000,
      "rd": 4092000,
      "sga": null,
      "fcf": -12156000,
      "ocf": -12156000,
      "capex": null,
      "gross_margin": 0.4503880266075388,
      "op_margin": -3.4939024390243905,
      "fcf_margin": -3.369179600886918,
      "rev_growth_yoy": -0.1442125237191651,
      "rev_growth_yoy_accel": -0.26908024858688995,
      "op_leverage_ratio": 1.7272579636636127,
      "fcf_margin_change": -1.5789632321192792
    },
    {
      "date": "2022-06-30T00:00:00",
      "quarter_label": "2022-06 (Q2)",
      "revenue": 4334000,
      "gross_profit": 1668000,
      "operating_income": -15551000,
      "net_income": -15602000,
      "opex": 17219000,
      "cogs": 2666000,
      "rd": 4727000,
      "sga": null,
      "fcf": -10670000,
      "ocf": -10670000,
      "capex": null,
      "gross_margin": 0.38486386709736964,
      "op_margin": -3.5881402861098293,
      "fcf_margin": -2.4619289340101522,
      "rev_growth_yoy": 0.014038371548900327,
      "rev_growth_yoy_accel": 0.15825089526806543,
      "op_leverage_ratio": 0.9583516994808503,
      "fcf_margin_change": 0.9072506668767657
    },
    {
      "date": "2022-09-30T00:00:00",
      "quarter_label": "2022-09 (Q3)",
      "revenue": 7425000,
      "gross_profit": 3306000,
      "operating_income": -47639000,
      "net_income": -48085000,
      "opex": 50945000,
      "cogs": 4119000,
      "rd": 4911000,
      "sga": null,
      "fcf": -7264000,
      "ocf": -7264000,
      "capex": null,
      "gross_margin": 0.44525252525252523,
      "op_margin": -6.416026936026936,
      "fcf_margin": -0.9783164983164984,
      "incr_op_margin_yoy": -7.896881496881497,
      "rev_growth_yoy": 1.8393881453154877,
      "rev_growth_yoy_accel": 1.8253497737665874,
      "op_leverage_ratio": 0.3641272560506272,
      "fcf_margin_change": 1.483612435693654
    },
    {
      "date": "2022-12-31T00:00:00",
      "quarter_label": "2022-12 (Q4)",
      "revenue": 4549000,
      "gross_profit": 2439000,
      "operating_income": -9991000,
      "net_income": -6827000,
      "opex": 12430000,
      "cogs": 2110000,
      "rd": 4844000,
      "sga": null,
      "fcf": -9522000,
      "ocf": -9522000,
      "capex": null,
      "gross_margin": 0.5361617938008354,
      "op_margin": -2.1963068806331063,
      "fcf_margin": -2.09320729830732,
      "incr_op_margin_yoy": 1.1588235294117648,
      "rev_growth_yoy": 0.4264659767952336,
      "rev_growth_yoy_accel": -1.412922168520254,
      "fcf_margin_change": -1.114890799990822
    },
    {
      "date": "2023-03-31T00:00:00",
      "quarter_label": "2023-03 (Q1)",
      "revenue": 6185000,
      "gross_profit": 3317000,
      "operating_income": -12687000,
      "net_income": -12682000,
      "opex": 16004000,
      "cogs": 2868000,
      "rd": 4958000,
      "sga": null,
      "fcf": -9360000,
      "ocf": -9360000,
      "capex": null,
      "gross_margin": 0.5362974939369443,
      "op_margin": -2.05125303152789,
      "fcf_margin": -1.513338722716249,
      "incr_op_margin_yoy": -0.03143189755529686,
      "rev_growth_yoy": 0.7142461197339246,
      "rev_growth_yoy_accel": 0.287780142938691,
      "op_leverage_ratio": 1.250788682533276,
      "fcf_margin_change": 0.5798685755910713
    },
    {
      "date": "2023-06-30T00:00:00",
      "quarter_label": "2023-06 (Q2)",
      "revenue": 8563000,
      "gross_profit": 4432000,
      "operating_income": -10280000,
      "net_income": -11113000,
      "opex": 14712000,
      "cogs": 4131000,
      "rd": 4783000,
      "sga": null,
      "fcf": -10289000,
      "ocf": -10289000,
      "capex": null,
      "gross_margin": 0.5175756160224221,
      "op_margin": -1.2005138386079646,
      "fcf_margin": -1.2015648721242556,
      "incr_op_margin_yoy": 1.2463939465594702,
      "rev_growth_yoy": 0.9757729580064606,
      "rev_growth_yoy_accel": 0.261526838272536,
      "op_leverage_ratio": Infinity,
      "fcf_margin_change": 0.31177385059199336
    },
    {
      "date": "2023-09-30T00:00:00",
      "quarter_label": "2023-09 (Q3)",
      "revenue": 9119000,
      "gross_profit": 4799000,
      "operating_income": -9803000,
      "net_income": -10566000,
      "opex": 14602000,
      "cogs": 4320000,
      "rd": 4270000,
      "sga": null,
      "fcf": -7466000,
      "ocf": -7466000,
      "capex": null,
      "gross_margin": 0.5262638447198158,
      "op_margin": -1.075008224586029,
      "fcf_margin": -0.8187301239170962,
      "incr_op_margin_yoy": 22.33530106257379,
      "rev_growth_yoy": 0.22814814814814816,
      "rev_growth_yoy_accel": -0.7476248098583125,
      "op_leverage_ratio": Infinity,
      "fcf_margin_change": 0.38283474820715935
    },
    {
      "date": "2023-12-31T00:00:00",
      "quarter_label": "2023-12 (Q4)",
      "revenue": 11066000,
      "gross_profit": 5886000,
      "operating_income": -9346000,
      "net_income": -11324000,
      "opex": 15232000,
      "cogs": 5180000,
      "rd": 4260000,
      "sga": null,
      "fcf": -5512000,
      "ocf": -5512000,
      "capex": null,
      "gross_margin": 0.5318995120187963,
      "op_margin": -0.8445689499367431,
      "fcf_margin": -0.49810229531899514,
      "incr_op_margin_yoy": 0.09897191959490563,
      "rev_growth_yoy": 1.4326225544075621,
      "rev_growth_yoy_accel": 1.204474406259414,
      "op_leverage_ratio": 4.948693204664255,
      "fcf_margin_change": 0.3206278285981011
    },
    {
      "date": "2024-03-31T00:00:00",
      "quarter_label": "2024-03 (Q1)",
      "revenue": 9778000,
      "gross_profit": 4493000,
      "operating_income": -12916000,
      "net_income": -18614000,
      "opex": 17409000,
      "cogs": 5285000,
      "rd": 5001000,
      "sga": null,
      "fcf": -7886000,
      "ocf": -7886000,
      "capex": null,
      "gross_margin": 0.4595009204336265,
      "op_margin": -1.3209245244426262,
      "fcf_margin": -0.8065043976273266,
      "incr_op_margin_yoy": -0.06373504035624826,
      "rev_growth_yoy": 0.5809215844785772,
      "rev_growth_yoy_accel": -0.8517009699289849,
      "fcf_margin_change": -0.3084021023083315
    },
    {
      "date": "2024-06-30T00:00:00",
      "quarter_label": "2024-06 (Q2)",
      "revenue": 12427000,
      "gross_profit": 6651000,
      "operating_income": -10075000,
      "net_income": -9795000,
      "opex": 16726000,
      "cogs": 5776000,
      "rd": 4991000,
      "sga": null,
      "fcf": -10040000,
      "ocf": -10040000,
      "capex": null,
      "gross_margin": 0.5352056007081355,
      "op_margin": -0.8107346905930635,
      "fcf_margin": -0.8079182425364126,
      "incr_op_margin_yoy": 0.05305383022774327,
      "rev_growth_yoy": 0.45124372299427773,
      "rev_growth_yoy_accel": -0.1296778614842995,
      "op_leverage_ratio": Infinity,
      "fcf_margin_change": -0.0014138449090860261
    },
    {
      "date": "2024-09-30T00:00:00",
      "quarter_label": "2024-09 (Q3)",
      "revenue": 10546000,
      "gross_profit": 4643000,
      "operating_income": -12854000,
      "net_income": -12646000,
      "opex": 17497000,
      "cogs": 5903000,
      "rd": 4740000,
      "sga": null,
      "fcf": -9626000,
      "ocf": -9626000,
      "capex": null,
      "gross_margin": 0.4402617106011758,
      "op_margin": -1.2188507490991844,
      "fcf_margin": -0.9127631329413995,
      "incr_op_margin_yoy": -2.138051857042747,
      "rev_growth_yoy": 0.15648645684833865,
      "rev_growth_yoy_accel": -0.2947572661459391,
      "fcf_margin_change": -0.1048448904049869
    },
    {
      "date": "2024-12-31T00:00:00",
      "quarter_label": "2024-12 (Q4)",
      "revenue": 13277000,
      "gross_profit": 6897000,
      "operating_income": -18478000,
      "net_income": -20355000,
      "opex": 25375000,
      "cogs": 6380000,
      "rd": 4034000,
      "sga": null,
      "fcf": -4917000,
      "ocf": -4917000,
      "capex": null,
      "gross_margin": 0.5194697597348799,
      "op_margin": -1.3917300595013933,
      "fcf_margin": -0.37033968516984256,
      "incr_op_margin_yoy": -4.130257801899593,
      "rev_growth_yoy": 0.19980119284294234,
      "rev_growth_yoy_accel": 0.0433147359946037,
      "op_leverage_ratio": 0.5751505620007215,
      "fcf_margin_change": 0.542423447771557
    },
    {
      "date": "2025-03-31T00:00:00",
      "quarter_label": "2025-03 (Q1)",
      "revenue": 9198000,
      "gross_profit": 4437000,
      "operating_income": -10139000,
      "net_income": -10874000,
      "opex": 14576000,
      "cogs": 4761000,
      "rd": 3977000,
      "sga": null,
      "fcf": -8079000,
      "ocf": -8079000,
      "capex": null,
      "gross_margin": 0.48238747553816047,
      "op_margin": -1.1023048488801914,
      "fcf_margin": -0.8783431180691454,
      "rev_growth_yoy": -0.05931683370832481,
      "rev_growth_yoy_accel": -0.25911802655126714,
      "fcf_margin_change": -0.5080034328993028
    },
    {
      "date": "2025-06-30T00:00:00",
      "quarter_label": "2025-06 (Q2)",
      "revenue": 12359000,
      "gross_profit": 6114000,
      "operating_income": -7735000,
      "net_income": -8658000,
      "opex": 13849000,
      "cogs": 6245000,
      "rd": 3652000,
      "sga": null,
      "fcf": -7655000,
      "ocf": -7655000,
      "capex": null,
      "gross_margin": 0.49470021846427703,
      "op_margin": -0.6258596973865199,
      "fcf_margin": -0.6193866817703698,
      "rev_growth_yoy": -0.005471956224350205,
      "rev_growth_yoy_accel": 0.0538448774839746,
      "op_leverage_ratio": Infinity,
      "fcf_margin_change": 0.2589564362987756
    },
    {
      "date": "2025-09-30T00:00:00",
      "quarter_label": "2025-09 (Q3)",
      "revenue": 14194000,
      "gross_profit": 8999000,
      "operating_income": -3970000,
      "net_income": -4149000,
      "opex": 12969000,
      "cogs": 5195000,
      "rd": 3660000,
      "sga": null,
      "fcf": -4848000,
      "ocf": -4848000,
      "capex": null,
      "gross_margin": 0.6340002818092152,
      "op_margin": -0.27969564604762576,
      "fcf_margin": -0.341552768775539,
      "incr_op_margin_yoy": 2.4353070175438596,
      "rev_growth_yoy": 0.3459131424236677,
      "rev_growth_yoy_accel": 0.3513850986480179,
      "op_leverage_ratio": Infinity,
      "fcf_margin_change": 0.27783391299483085
    }
  ],
  "signals": [
    {
      "quarter": "2025-09 (Q3)",
      "signal": "FCF MARGIN EXPANSION",
      "detail": "FCF margin: -61.9% -> -34.2% (+27.8%)",
      "severity": "MEDIUM"
    },
    {
      "quarter": "2025-09 (Q3)",
      "signal": "YoY REVENUE GROWTH ACCELERATION",
      "detail": "YoY growth: +34.6% vs prior quarter YoY: -0.5% (accel: +35.1%)",
      "severity": "HIGH"
    },
    {
      "quarter": "2025-06 (Q2)",
      "signal": "FCF MARGIN EXPANSION",
      "detail": "FCF margin: -87.8% -> -61.9% (+25.9%)",
      "severity": "MEDIUM"
    },
    {
      "quarter": "2025-06 (Q2)",
      "signal": "YoY REVENUE GROWTH ACCELERATION",
      "detail": "YoY growth: -0.5% vs prior quarter YoY: -5.9% (accel: +5.4%)",
      "severity": "MEDIUM"
    },
    {
      "quarter": "2025-03 (Q1)",
      "signal": "YoY REVENUE GROWTH DECELERATION",
      "detail": "YoY growth: -5.9% vs prior quarter YoY: +20.0% (decel: -25.9%)",
      "severity": "WARNING"
    },
    {
      "quarter": "2024-12 (Q4)",
      "signal": "FCF MARGIN EXPANSION",
      "detail": "FCF margin: -91.3% -> -37.0% (+54.2%)",
      "severity": "MEDIUM"
    },
    {
      "quarter": "2024-12 (Q4)",
      "signal": "GROSS MARGIN INFLECTION",
      "detail": "GM: +53.5% -> +44.0% -> +51.9% (reversal +7.9%)",
      "severity": "HIGH"
    },
    {
      "quarter": "2024-09 (Q3)",
      "signal": "YoY REVENUE GROWTH DECELERATION",
      "detail": "YoY growth: +15.6% vs prior quarter YoY: +45.1% (decel: -29.5%)",
      "severity": "WARNING"
    },
    {
      "quarter": "2024-06 (Q2)",
      "signal": "GROSS MARGIN INFLECTION",
      "detail": "GM: +53.2% -> +46.0% -> +53.5% (reversal +7.6%)",
      "severity": "HIGH"
    },
    {
      "quarter": "2024-06 (Q2)",
      "signal": "YoY REVENUE GROWTH DECELERATION",
      "detail": "YoY growth: +45.1% vs prior quarter YoY: +58.1% (decel: -13.0%)",
      "severity": "WARNING"
    },
    {
      "quarter": "2024-03 (Q1)",
      "signal": "YoY REVENUE GROWTH DECELERATION",
      "detail": "YoY growth: +58.1% vs prior quarter YoY: +143.3% (decel: -85.2%)",
      "severity": "WARNING"
    },
    {
      "quarter": "2023-12 (Q4)",
      "signal": "FCF MARGIN EXPANSION",
      "detail": "FCF margin: -81.9% -> -49.8% (+32.1%)",
      "severity": "MEDIUM"
    },
    {
      "quarter": "2023-12 (Q4)",
      "signal": "OPERATING LEVERAGE",
      "detail": "Rev growth +21.4% vs OpEx growth +4.3% (leverage: 4.9x)",
      "severity": "MEDIUM"
    },
    {
      "quarter": "2023-12 (Q4)",
      "signal": "YoY REVENUE GROWTH ACCELERATION",
      "detail": "YoY growth: +143.3% vs prior quarter YoY: +22.8% (accel: +120.4%)",
      "severity": "HIGH"
    },
    {
      "quarter": "2023-09 (Q3)",
      "signal": "FCF MARGIN EXPANSION",
      "detail": "FCF margin: -120.2% -> -81.9% (+38.3%)",
      "severity": "MEDIUM"
    },
    {
      "quarter": "2023-09 (Q3)",
      "signal": "YoY REVENUE GROWTH DECELERATION",
      "detail": "YoY growth: +22.8% vs prior quarter YoY: +97.6% (decel: -74.8%)",
      "severity": "WARNING"
    },
    {
      "quarter": "2023-06 (Q2)",
      "signal": "FCF MARGIN EXPANSION",
      "detail": "FCF margin: -151.3% -> -120.2% (+31.2%)",
      "severity": "MEDIUM"
    },
    {
      "quarter": "2023-06 (Q2)",
      "signal": "YoY REVENUE GROWTH ACCELERATION",
      "detail": "YoY growth: +97.6% vs prior quarter YoY: +71.4% (accel: +26.2%)",
      "severity": "HIGH"
    },
    {
      "quarter": "2023-03 (Q1)",
      "signal": "FCF MARGIN EXPANSION",
      "detail": "FCF margin: -209.3% -> -151.3% (+58.0%)",
      "severity": "MEDIUM"
    },
    {
      "quarter": "2023-03 (Q1)",
      "signal": "YoY REVENUE GROWTH ACCELERATION",
      "detail": "YoY growth: +71.4% vs prior quarter YoY: +42.6% (accel: +28.8%)",
      "severity": "HIGH"
    },
    {
      "quarter": "2022-12 (Q4)",
      "signal": "YoY REVENUE GROWTH DECELERATION",
      "detail": "YoY growth: +42.6% vs prior quarter YoY: +183.9% (decel: -141.3%)",
      "severity": "WARNING"
    },
    {
      "quarter": "2022-09 (Q3)",
      "signal": "FCF MARGIN EXPANSION",
      "detail": "FCF margin: -246.2% -> -97.8% (+148.4%)",
      "severity": "MEDIUM"
    },
    {
      "quarter": "2022-09 (Q3)",
      "signal": "GROSS MARGIN INFLECTION",
      "detail": "GM: +45.0% -> +38.5% -> +44.5% (reversal +6.0%)",
      "severity": "HIGH"
    },
    {
      "quarter": "2022-09 (Q3)",
      "signal": "YoY REVENUE GROWTH ACCELERATION",
      "detail": "YoY growth: +183.9% vs prior quarter YoY: +1.4% (accel: +182.5%)",
      "severity": "HIGH"
    },
    {
      "quarter": "2022-06 (Q2)",
      "signal": "FCF MARGIN EXPANSION",
      "detail": "FCF margin: -336.9% -> -246.2% (+90.7%)",
      "severity": "MEDIUM"
    },
    {
      "quarter": "2022-06 (Q2)",
      "signal": "YoY REVENUE GROWTH ACCELERATION",
      "detail": "YoY growth: +1.4% vs prior quarter YoY: -14.4% (accel: +15.8%)",
      "severity": "HIGH"
    },
    {
      "quarter": "2022-03 (Q1)",
      "signal": "OPERATING LEVERAGE",
      "detail": "Rev growth +13.1% vs OpEx growth +7.6% (leverage: 1.7x)",
      "severity": "MEDIUM"
    },
    {
      "quarter": "2022-03 (Q1)",
      "signal": "YoY REVENUE GROWTH DECELERATION",
      "detail": "YoY growth: -14.4% vs prior quarter YoY: +12.5% (decel: -26.9%)",
      "severity": "WARNING"
    },
    {
      "quarter": "2021-12 (Q4)",
      "signal": "FCF MARGIN EXPANSION",
      "detail": "FCF margin: -209.5% -> -179.0% (+30.5%)",
      "severity": "MEDIUM"
    },
    {
      "quarter": "2021-12 (Q4)",
      "signal": "GROSS MARGIN INFLECTION",
      "detail": "GM: +66.5% -> +46.4% -> +52.0% (reversal +5.6%)",
      "severity": "HIGH"
    },
    {
      "quarter": "2021-06 (Q2)",
      "signal": "GROSS MARGIN INFLECTION",
      "detail": "GM: +72.5% -> +53.5% -> +66.5% (reversal +13.0%)",
      "severity": "HIGH"
    },
    {
      "quarter": "2021-03 (Q1)",
      "signal": "FCF MARGIN EXPANSION",
      "detail": "FCF margin: -117.1% -> -75.0% (+42.0%)",
      "severity": "MEDIUM"
    }
  ],
  "data_quality": {
    "n_quarters": 20,
    "coverage": {
      "revenue": [
        20,
        20
      ],
      "gross_profit": [
        20,
        20
      ],
      "op_income": [
        20,
        20
      ],
      "fcf": [
        20,
        20
      ]
    },
    "gaps": [],
    "warnings": []
  },
  "market_cap": null,
  "source": "SEC EDGAR",
  "last_updated": "2026-02-02T23:06:00.098655"
}