{
  "ticker": "RELL",
  "name": "RICHARDSON ELECTRONICS, LTD.",
  "quarters": [
    {
      "date": "2021-02-27T00:00:00",
      "quarter_label": "2021-02 (Q1)",
      "revenue": 45235000,
      "gross_profit": 15766000,
      "operating_income": 315000,
      "net_income": 228000,
      "opex": 15451000,
      "cogs": 29469000,
      "rd": null,
      "sga": 15457000,
      "fcf": 2798000,
      "ocf": 2798000,
      "capex": null,
      "gross_margin": 0.3485354261081021,
      "op_margin": 0.006963634353929479,
      "fcf_margin": 0.061854758483475186
    },
    {
      "date": "2021-05-29T00:00:00",
      "quarter_label": "2021-05 (Q2)",
      "revenue": 50472000,
      "gross_profit": 16357000,
      "operating_income": 2337000,
      "net_income": 1885000,
      "opex": 14020000,
      "cogs": 34115000,
      "rd": null,
      "sga": 14001000,
      "fcf": -3036000,
      "ocf": -3036000,
      "capex": null,
      "gross_margin": 0.3240806783959423,
      "op_margin": 0.04630290061816453,
      "fcf_margin": -0.060152163575844034,
      "op_leverage_ratio": Infinity,
      "fcf_margin_change": -0.12200692205931922
    },
    {
      "date": "2021-08-28T00:00:00",
      "quarter_label": "2021-08 (Q3)",
      "revenue": 53704000,
      "gross_profit": 16297000,
      "operating_income": 2828000,
      "net_income": 2635000,
      "opex": 13469000,
      "cogs": 37407000,
      "rd": null,
      "sga": 13469000,
      "fcf": -4873000,
      "ocf": -4873000,
      "capex": null,
      "gross_margin": 0.30345970504990316,
      "op_margin": 0.05265901981230448,
      "fcf_margin": -0.09073812006554446,
      "op_leverage_ratio": Infinity,
      "fcf_margin_change": -0.03058595648970043
    },
    {
      "date": "2021-11-27T00:00:00",
      "quarter_label": "2021-11 (Q4)",
      "revenue": 53979000,
      "gross_profit": 17657000,
      "operating_income": 4520000,
      "net_income": 4122000,
      "opex": 13137000,
      "cogs": 36322000,
      "rd": null,
      "sga": 13135000,
      "fcf": 4631000,
      "ocf": 4631000,
      "capex": null,
      "gross_margin": 0.32710869041664353,
      "op_margin": 0.0837362678078512,
      "fcf_margin": 0.0857926230571148,
      "fcf_margin_change": 0.17653074312265926
    },
    {
      "date": "2022-02-26T00:00:00",
      "quarter_label": "2022-02 (Q1)",
      "revenue": 55308000,
      "gross_profit": 17569000,
      "operating_income": 3623000,
      "net_income": 2887000,
      "opex": 13946000,
      "cogs": 37739000,
      "rd": null,
      "sga": 13946000,
      "fcf": -1214000,
      "ocf": -1214000,
      "capex": null,
      "gross_margin": 0.31765748173862735,
      "op_margin": 0.06550589426484414,
      "fcf_margin": -0.02194980834598973,
      "incr_op_margin_yoy": 0.32840266057778217,
      "rev_growth_yoy": 0.22268155189565603,
      "op_leverage_ratio": 0.39980463491605067,
      "fcf_margin_change": -0.10774243140310452
    },
    {
      "date": "2022-05-28T00:00:00",
      "quarter_label": "2022-05 (Q2)",
      "revenue": 61629000,
      "gross_profit": 20177000,
      "operating_income": 4986000,
      "net_income": 8283000,
      "opex": 15191000,
      "cogs": 41452000,
      "rd": null,
      "sga": 15173000,
      "fcf": 3367000,
      "ocf": 3367000,
      "capex": null,
      "gross_margin": 0.327394570737802,
      "op_margin": 0.08090347076863165,
      "fcf_margin": 0.05463337065342615,
      "incr_op_margin_yoy": 0.23742941650981447,
      "rev_growth_yoy": 0.2210532572515454,
      "rev_growth_yoy_accel": -0.0016282946441106283,
      "op_leverage_ratio": 1.2802009513427979,
      "fcf_margin_change": 0.07658317899941589
    },
    {
      "date": "2022-08-27T00:00:00",
      "quarter_label": "2022-08 (Q3)",
      "revenue": 67557000,
      "gross_profit": 23027000,
      "operating_income": 8779000,
      "net_income": 6324000,
      "opex": 14248000,
      "cogs": 44530000,
      "rd": null,
      "sga": 14248000,
      "fcf": -3231000,
      "ocf": -3231000,
      "capex": null,
      "gross_margin": 0.3408529093950294,
      "op_margin": 0.12994952410557012,
      "fcf_margin": -0.047826280030196726,
      "incr_op_margin_yoy": 0.4295820399913376,
      "rev_growth_yoy": 0.2579509906152242,
      "rev_growth_yoy_accel": 0.0368977333636788,
      "op_leverage_ratio": Infinity,
      "fcf_margin_change": -0.10245965068362287
    },
    {
      "date": "2022-11-26T00:00:00",
      "quarter_label": "2022-11 (Q4)",
      "revenue": 65905000,
      "gross_profit": 21851000,
      "operating_income": 7199000,
      "net_income": 5549000,
      "opex": 14652000,
      "cogs": 44054000,
      "rd": null,
      "sga": 14677000,
      "fcf": -3922000,
      "ocf": -3922000,
      "capex": null,
      "gross_margin": 0.33155299294438967,
      "op_margin": 0.10923298687504741,
      "fcf_margin": -0.059509900614520904,
      "incr_op_margin_yoy": 0.2246352507127285,
      "rev_growth_yoy": 0.22093777209655607,
      "rev_growth_yoy_accel": -0.03701321851866812,
      "fcf_margin_change": -0.011683620584324178
    },
    {
      "date": "2023-02-25T00:00:00",
      "quarter_label": "2023-02 (Q1)",
      "revenue": 70364000,
      "gross_profit": 22405000,
      "operating_income": 7613000,
      "net_income": 6340000,
      "opex": 14792000,
      "cogs": 47959000,
      "rd": null,
      "sga": 14779000,
      "fcf": -4260000,
      "ocf": -4260000,
      "capex": null,
      "gross_margin": 0.3184156671024956,
      "op_margin": 0.10819453129441192,
      "fcf_margin": -0.06054232277869365,
      "incr_op_margin_yoy": 0.2650106269925611,
      "rev_growth_yoy": 0.27222101685108846,
      "rev_growth_yoy_accel": 0.05128324475453239,
      "op_leverage_ratio": 7.08089219330855,
      "fcf_margin_change": -0.001032422164172743
    },
    {
      "date": "2023-05-27T00:00:00",
      "quarter_label": "2023-05 (Q2)",
      "revenue": 58832000,
      "gross_profit": 16406000,
      "operating_income": 1392000,
      "net_income": 4120000,
      "opex": 15014000,
      "cogs": 42426000,
      "rd": null,
      "sga": 15009000,
      "fcf": 3214000,
      "ocf": 3214000,
      "capex": null,
      "gross_margin": 0.2788618438944792,
      "op_margin": 0.023660592874626053,
      "fcf_margin": 0.05463013326081044,
      "incr_op_margin_yoy": 1.2849481587415088,
      "rev_growth_yoy": -0.04538447808661507,
      "rev_growth_yoy_accel": -0.3176054949377035,
      "fcf_margin_change": 0.11517245603950409
    },
    {
      "date": "2023-09-02T00:00:00",
      "quarter_label": "2023-09 (Q3)",
      "revenue": 52581000,
      "gross_profit": 17264000,
      "operating_income": 1472000,
      "net_income": 1227000,
      "opex": 15792000,
      "cogs": 35317000,
      "rd": null,
      "sga": 15792000,
      "fcf": 1015000,
      "ocf": 1015000,
      "capex": null,
      "gross_margin": 0.3283315265970598,
      "op_margin": 0.027994903101880908,
      "fcf_margin": 0.019303550712234458,
      "incr_op_margin_yoy": 0.48791399572649574,
      "rev_growth_yoy": -0.22167947066921267,
      "rev_growth_yoy_accel": -0.17629499258259762,
      "fcf_margin_change": -0.035326582548575985
    },
    {
      "date": "2023-12-02T00:00:00",
      "quarter_label": "2023-12 (Q4)",
      "revenue": 44130000,
      "gross_profit": 12542000,
      "operating_income": -2016000,
      "net_income": -1797000,
      "opex": 14558000,
      "cogs": 31588000,
      "rd": null,
      "sga": 14488000,
      "fcf": 800000,
      "ocf": 800000,
      "capex": null,
      "gross_margin": 0.28420575572173123,
      "op_margin": -0.04568320870156356,
      "fcf_margin": 0.018128257421255383,
      "incr_op_margin_yoy": 0.42319173363949486,
      "rev_growth_yoy": -0.33039981791973294,
      "rev_growth_yoy_accel": -0.10872034725052027,
      "fcf_margin_change": -0.001175293290979075
    },
    {
      "date": "2024-03-02T00:00:00",
      "quarter_label": "2024-03 (Q1)",
      "revenue": 52375000,
      "gross_profit": 15436000,
      "operating_income": 1006000,
      "net_income": 750000,
      "opex": 14430000,
      "cogs": 36939000,
      "rd": null,
      "sga": 14430000,
      "fcf": -2531000,
      "ocf": -2531000,
      "capex": null,
      "gross_margin": 0.29472076372315037,
      "op_margin": 0.01920763723150358,
      "fcf_margin": -0.04832458233890215,
      "incr_op_margin_yoy": 0.36728000444716213,
      "rev_growth_yoy": -0.2556563015178216,
      "rev_growth_yoy_accel": 0.07474351640191135,
      "op_leverage_ratio": Infinity,
      "fcf_margin_change": -0.06645283976015753
    },
    {
      "date": "2024-06-01T00:00:00",
      "quarter_label": "2024-06 (Q2)",
      "revenue": 47374000,
      "gross_profit": 14724000,
      "operating_income": -114000,
      "net_income": -119000,
      "opex": 14838000,
      "cogs": 32650000,
      "rd": null,
      "sga": 14838000,
      "fcf": 7240000,
      "ocf": 7240000,
      "capex": null,
      "gross_margin": 0.31080339426689746,
      "op_margin": -0.0024063832481952124,
      "fcf_margin": 0.15282644488538016,
      "incr_op_margin_yoy": 0.13143655088148018,
      "rev_growth_yoy": -0.19475795485450095,
      "rev_growth_yoy_accel": 0.06089834666332064,
      "fcf_margin_change": 0.2011510272242823
    },
    {
      "date": "2024-08-31T00:00:00",
      "quarter_label": "2024-08 (Q3)",
      "revenue": 53725000,
      "gross_profit": 16426000,
      "operating_income": 316000,
      "net_income": 590000,
      "opex": 16110000,
      "cogs": 37299000,
      "rd": null,
      "sga": 16112000,
      "fcf": 412000,
      "ocf": 412000,
      "capex": null,
      "gross_margin": 0.3057422056770591,
      "op_margin": 0.005881805490926012,
      "fcf_margin": 0.007668683108422522,
      "incr_op_margin_yoy": -1.0104895104895104,
      "rev_growth_yoy": 0.021756908388961792,
      "rev_growth_yoy_accel": 0.21651486324346275,
      "op_leverage_ratio": 1.563832780659083,
      "fcf_margin_change": -0.14515776177695763
    },
    {
      "date": "2024-11-30T00:00:00",
      "quarter_label": "2024-11 (Q4)",
      "revenue": 49491000,
      "gross_profit": 15326000,
      "operating_income": -667000,
      "net_income": -751000,
      "opex": 15993000,
      "cogs": 34165000,
      "rd": null,
      "sga": 15995000,
      "fcf": 5465000,
      "ocf": 5465000,
      "capex": null,
      "gross_margin": 0.3096724657008345,
      "op_margin": -0.013477197874360995,
      "fcf_margin": 0.1104241175163161,
      "incr_op_margin_yoy": 0.2516321581794441,
      "rev_growth_yoy": 0.12148198504418763,
      "rev_growth_yoy_accel": 0.09972507665522584,
      "fcf_margin_change": 0.10275543440789359
    },
    {
      "date": "2025-03-01T00:00:00",
      "quarter_label": "2025-03 (Q1)",
      "revenue": 53804000,
      "gross_profit": 16673000,
      "operating_income": -2743000,
      "net_income": -2057000,
      "opex": 19416000,
      "cogs": 37131000,
      "rd": null,
      "sga": 14500000,
      "fcf": 4601000,
      "ocf": 4601000,
      "capex": null,
      "gross_margin": 0.30988402349267713,
      "op_margin": -0.05098133967734741,
      "fcf_margin": 0.08551408817188313,
      "incr_op_margin_yoy": -2.6235129461161653,
      "rev_growth_yoy": 0.02728400954653938,
      "rev_growth_yoy_accel": -0.09419797549764825,
      "op_leverage_ratio": 0.4071704642126258,
      "fcf_margin_change": -0.02491002934443297
    },
    {
      "date": "2025-05-31T00:00:00",
      "quarter_label": "2025-05 (Q2)",
      "revenue": 51889000,
      "gross_profit": 16375000,
      "operating_income": 631000,
      "net_income": 1075000,
      "opex": 15744000,
      "cogs": 35514000,
      "rd": null,
      "sga": 15566000,
      "fcf": 74000,
      "ocf": 74000,
      "capex": null,
      "gross_margin": 0.31557748270346314,
      "op_margin": 0.012160573531962458,
      "fcf_margin": 0.0014261211432095434,
      "incr_op_margin_yoy": 0.16500553709856036,
      "rev_growth_yoy": 0.09530544180352092,
      "rev_growth_yoy_accel": 0.06802143225698154,
      "fcf_margin_change": -0.08408796702867359
    },
    {
      "date": "2025-08-30T00:00:00",
      "quarter_label": "2025-08 (Q3)",
      "revenue": 54607000,
      "gross_profit": 16929000,
      "operating_income": 968000,
      "net_income": 1909000,
      "opex": 15961000,
      "cogs": 37678000,
      "rd": null,
      "sga": 15961000,
      "fcf": 1367000,
      "ocf": 1367000,
      "capex": null,
      "gross_margin": 0.3100151995165455,
      "op_margin": 0.017726665079568552,
      "fcf_margin": 0.025033420623729558,
      "rev_growth_yoy": 0.016416938110749187,
      "rev_growth_yoy_accel": -0.07888850369277173,
      "op_leverage_ratio": 3.8004016549683826,
      "fcf_margin_change": 0.023607299480520014
    },
    {
      "date": "2025-11-29T00:00:00",
      "quarter_label": "2025-11 (Q4)",
      "revenue": 52288000,
      "gross_profit": 16077000,
      "operating_income": 132000,
      "net_income": -121000,
      "opex": 15945000,
      "cogs": 36211000,
      "rd": null,
      "sga": 15942000,
      "fcf": -99000,
      "ocf": -99000,
      "capex": null,
      "gross_margin": 0.3074701652386781,
      "op_margin": 0.002524479804161567,
      "fcf_margin": -0.001893359853121175,
      "incr_op_margin_yoy": 0.2856632105827672,
      "rev_growth_yoy": 0.05651532601887212,
      "rev_growth_yoy_accel": 0.04009838790812293,
      "fcf_margin_change": -0.026926780476850733
    }
  ],
  "signals": [
    {
      "quarter": "2025-11 (Q4)",
      "signal": "OP MARGIN TURNED POSITIVE (YoY)",
      "detail": "Op margin: -1.3% (year-ago) -> +0.3%",
      "severity": "HIGH"
    },
    {
      "quarter": "2025-08 (Q3)",
      "signal": "OPERATING LEVERAGE",
      "detail": "Rev growth +5.2% vs OpEx growth +1.4% (leverage: 3.8x)",
      "severity": "MEDIUM"
    },
    {
      "quarter": "2025-08 (Q3)",
      "signal": "YoY REVENUE GROWTH DECELERATION",
      "detail": "YoY growth: +1.6% vs prior quarter YoY: +9.5% (decel: -7.9%)",
      "severity": "WARNING"
    },
    {
      "quarter": "2025-05 (Q2)",
      "signal": "YoY REVENUE GROWTH ACCELERATION",
      "detail": "YoY growth: +9.5% vs prior quarter YoY: +2.7% (accel: +6.8%)",
      "severity": "MEDIUM"
    },
    {
      "quarter": "2025-05 (Q2)",
      "signal": "OP MARGIN TURNED POSITIVE (YoY)",
      "detail": "Op margin: -0.2% (year-ago) -> +1.2%",
      "severity": "HIGH"
    },
    {
      "quarter": "2025-05 (Q2)",
      "signal": "OP MARGIN TURNED POSITIVE (QoQ)",
      "detail": "Op margin: -5.1% -> +1.2%",
      "severity": "HIGH"
    },
    {
      "quarter": "2025-03 (Q1)",
      "signal": "YoY REVENUE GROWTH DECELERATION",
      "detail": "YoY growth: +2.7% vs prior quarter YoY: +12.1% (decel: -9.4%)",
      "severity": "WARNING"
    },
    {
      "quarter": "2024-11 (Q4)",
      "signal": "FCF MARGIN EXPANSION",
      "detail": "FCF margin: +0.8% -> +11.0% (+10.3%)",
      "severity": "MEDIUM"
    },
    {
      "quarter": "2024-11 (Q4)",
      "signal": "YoY REVENUE GROWTH ACCELERATION",
      "detail": "YoY growth: +12.1% vs prior quarter YoY: +2.2% (accel: +10.0%)",
      "severity": "MEDIUM"
    },
    {
      "quarter": "2024-08 (Q3)",
      "signal": "OPERATING LEVERAGE",
      "detail": "Rev growth +13.4% vs OpEx growth +8.6% (leverage: 1.6x)",
      "severity": "MEDIUM"
    },
    {
      "quarter": "2024-08 (Q3)",
      "signal": "YoY REVENUE GROWTH ACCELERATION",
      "detail": "YoY growth: +2.2% vs prior quarter YoY: -19.5% (accel: +21.7%)",
      "severity": "HIGH"
    },
    {
      "quarter": "2024-08 (Q3)",
      "signal": "OP MARGIN TURNED POSITIVE (QoQ)",
      "detail": "Op margin: -0.2% -> +0.6%",
      "severity": "HIGH"
    },
    {
      "quarter": "2024-06 (Q2)",
      "signal": "FCF TURNED POSITIVE",
      "detail": "FCF margin: -4.8% -> +15.3%",
      "severity": "HIGH"
    },
    {
      "quarter": "2024-06 (Q2)",
      "signal": "YoY REVENUE GROWTH ACCELERATION",
      "detail": "YoY growth: -19.5% vs prior quarter YoY: -25.6% (accel: +6.1%)",
      "severity": "MEDIUM"
    },
    {
      "quarter": "2024-03 (Q1)",
      "signal": "YoY REVENUE GROWTH ACCELERATION",
      "detail": "YoY growth: -25.6% vs prior quarter YoY: -33.0% (accel: +7.5%)",
      "severity": "MEDIUM"
    },
    {
      "quarter": "2024-03 (Q1)",
      "signal": "INCREMENTAL MARGIN (YoY)",
      "detail": "YoY Incr OPM: +36.7% vs year-ago OPM: +10.8%",
      "severity": "HIGH"
    },
    {
      "quarter": "2024-03 (Q1)",
      "signal": "OP MARGIN TURNED POSITIVE (QoQ)",
      "detail": "Op margin: -4.6% -> +1.9%",
      "severity": "HIGH"
    },
    {
      "quarter": "2023-12 (Q4)",
      "signal": "YoY REVENUE GROWTH DECELERATION",
      "detail": "YoY growth: -33.0% vs prior quarter YoY: -22.2% (decel: -10.9%)",
      "severity": "WARNING"
    },
    {
      "quarter": "2023-09 (Q3)",
      "signal": "GROSS MARGIN INFLECTION",
      "detail": "GM: +31.8% -> +27.9% -> +32.8% (reversal +4.9%)",
      "severity": "MEDIUM"
    },
    {
      "quarter": "2023-09 (Q3)",
      "signal": "YoY REVENUE GROWTH DECELERATION",
      "detail": "YoY growth: -22.2% vs prior quarter YoY: -4.5% (decel: -17.6%)",
      "severity": "WARNING"
    },
    {
      "quarter": "2023-09 (Q3)",
      "signal": "INCREMENTAL MARGIN (YoY)",
      "detail": "YoY Incr OPM: +48.8% vs year-ago OPM: +13.0%",
      "severity": "HIGH"
    },
    {
      "quarter": "2023-05 (Q2)",
      "signal": "FCF TURNED POSITIVE",
      "detail": "FCF margin: -6.1% -> +5.5%",
      "severity": "HIGH"
    },
    {
      "quarter": "2023-05 (Q2)",
      "signal": "YoY REVENUE GROWTH DECELERATION",
      "detail": "YoY growth: -4.5% vs prior quarter YoY: +27.2% (decel: -31.8%)",
      "severity": "WARNING"
    },
    {
      "quarter": "2023-05 (Q2)",
      "signal": "INCREMENTAL MARGIN (YoY)",
      "detail": "YoY Incr OPM: +128.5% vs year-ago OPM: +8.1%",
      "severity": "HIGH"
    },
    {
      "quarter": "2023-02 (Q1)",
      "signal": "OPERATING LEVERAGE",
      "detail": "Rev growth +6.8% vs OpEx growth +1.0% (leverage: 7.1x)",
      "severity": "MEDIUM"
    },
    {
      "quarter": "2023-02 (Q1)",
      "signal": "YoY REVENUE GROWTH ACCELERATION",
      "detail": "YoY growth: +27.2% vs prior quarter YoY: +22.1% (accel: +5.1%)",
      "severity": "MEDIUM"
    },
    {
      "quarter": "2023-02 (Q1)",
      "signal": "INCREMENTAL MARGIN (YoY)",
      "detail": "YoY Incr OPM: +26.5% vs year-ago OPM: +6.6%",
      "severity": "MEDIUM"
    },
    {
      "quarter": "2022-11 (Q4)",
      "signal": "INCREMENTAL MARGIN (YoY)",
      "detail": "YoY Incr OPM: +22.5% vs year-ago OPM: +8.4%",
      "severity": "MEDIUM"
    },
    {
      "quarter": "2022-08 (Q3)",
      "signal": "INCREMENTAL MARGIN (YoY)",
      "detail": "YoY Incr OPM: +43.0% vs year-ago OPM: +5.3%",
      "severity": "HIGH"
    },
    {
      "quarter": "2022-05 (Q2)",
      "signal": "FCF TURNED POSITIVE",
      "detail": "FCF margin: -2.2% -> +5.5%",
      "severity": "HIGH"
    },
    {
      "quarter": "2022-05 (Q2)",
      "signal": "INCREMENTAL MARGIN (YoY)",
      "detail": "YoY Incr OPM: +23.7% vs year-ago OPM: +4.6%",
      "severity": "MEDIUM"
    },
    {
      "quarter": "2022-02 (Q1)",
      "signal": "INCREMENTAL MARGIN (YoY)",
      "detail": "YoY Incr OPM: +32.8% vs year-ago OPM: +0.7%",
      "severity": "HIGH"
    },
    {
      "quarter": "2021-11 (Q4)",
      "signal": "FCF TURNED POSITIVE",
      "detail": "FCF margin: -9.1% -> +8.6%",
      "severity": "HIGH"
    },
    {
      "quarter": "2021-11 (Q4)",
      "signal": "GROSS MARGIN INFLECTION",
      "detail": "GM: +32.4% -> +30.3% -> +32.7% (reversal +2.4%)",
      "severity": "MEDIUM"
    }
  ],
  "data_quality": {
    "n_quarters": 20,
    "coverage": {
      "revenue": [
        20,
        20
      ],
      "gross_profit": [
        20,
        20
      ],
      "op_income": [
        20,
        20
      ],
      "fcf": [
        20,
        20
      ]
    },
    "gaps": [],
    "warnings": []
  },
  "market_cap": null,
  "source": "SEC EDGAR",
  "last_updated": "2026-02-02T23:04:53.675052"
}