{
  "ticker": "RES",
  "name": "RPC, INC.",
  "quarters": [
    {
      "date": "2020-12-31T00:00:00",
      "quarter_label": "2020-12 (Q4)",
      "revenue": 148637000,
      "gross_profit": 30751000,
      "operating_income": -21646000,
      "net_income": -10239000,
      "opex": 52397000,
      "cogs": 117886000,
      "rd": null,
      "sga": 26017000,
      "fcf": -66158000,
      "ocf": -53406000,
      "capex": -12752000,
      "gross_margin": 0.20688657602077545,
      "op_margin": -0.14562995754758237,
      "fcf_margin": -0.44509778857215904
    },
    {
      "date": "2021-03-31T00:00:00",
      "quarter_label": "2021-03 (Q1)",
      "revenue": 182610000,
      "gross_profit": 36387000,
      "operating_income": -10521000,
      "net_income": -9662000,
      "opex": 46908000,
      "cogs": 146223000,
      "rd": null,
      "sga": 30595000,
      "fcf": -2486000,
      "ocf": 9264000,
      "capex": -11750000,
      "gross_margin": 0.19926071956628882,
      "op_margin": -0.05761458846722523,
      "fcf_margin": -0.013613712283007503,
      "op_leverage_ratio": Infinity,
      "fcf_margin_change": 0.43148407628915153
    },
    {
      "date": "2021-06-30T00:00:00",
      "quarter_label": "2021-06 (Q2)",
      "revenue": 188757000,
      "gross_profit": 42968000,
      "operating_income": -1220000,
      "net_income": -726000,
      "opex": 44188000,
      "cogs": 145789000,
      "rd": null,
      "sga": 29403000,
      "fcf": 31477000,
      "ocf": 45602000,
      "capex": -14125000,
      "gross_margin": 0.22763659096086503,
      "op_margin": -0.006463336459045227,
      "fcf_margin": 0.16675937846013658,
      "op_leverage_ratio": Infinity,
      "fcf_margin_change": 0.1803730907431441
    },
    {
      "date": "2021-09-30T00:00:00",
      "quarter_label": "2021-09 (Q3)",
      "revenue": 225310000,
      "gross_profit": 54689000,
      "operating_income": 7974000,
      "net_income": 5266000,
      "opex": 46715000,
      "cogs": 170621000,
      "rd": null,
      "sga": 31446000,
      "fcf": -47500000,
      "ocf": -28450000,
      "capex": -19050000,
      "gross_margin": 0.2427277972571124,
      "op_margin": 0.03539123873773912,
      "fcf_margin": -0.21082064710842838,
      "op_leverage_ratio": 3.3862503549584404,
      "fcf_margin_change": -0.37758002556856496
    },
    {
      "date": "2021-12-31T00:00:00",
      "quarter_label": "2021-12 (Q4)",
      "revenue": 268252000,
      "gross_profit": 67623000,
      "operating_income": 20058000,
      "net_income": 12339000,
      "opex": 47565000,
      "cogs": 200629000,
      "rd": null,
      "sga": 32128000,
      "fcf": -1417000,
      "ocf": 21303000,
      "capex": -22720000,
      "gross_margin": 0.25208758928172015,
      "op_margin": 0.07477297466561293,
      "fcf_margin": -0.005282346450352654,
      "incr_op_margin_yoy": 0.3486519249258036,
      "rev_growth_yoy": 0.8047457900791862,
      "op_leverage_ratio": 10.474642936398741,
      "fcf_margin_change": 0.2055383006580757
    },
    {
      "date": "2022-03-31T00:00:00",
      "quarter_label": "2022-03 (Q1)",
      "revenue": 284624000,
      "gross_profit": 75787000,
      "operating_income": 23035000,
      "net_income": 15079000,
      "opex": 52752000,
      "cogs": 208837000,
      "rd": null,
      "sga": 36240000,
      "fcf": -10836000,
      "ocf": 8248000,
      "capex": -19084000,
      "gross_margin": 0.26627058856596775,
      "op_margin": 0.08093133397043116,
      "fcf_margin": -0.03807128000449716,
      "incr_op_margin_yoy": 0.32893524418217107,
      "rev_growth_yoy": 0.55864410492306,
      "rev_growth_yoy_accel": -0.24610168515612618,
      "op_leverage_ratio": 0.5596674128580891,
      "fcf_margin_change": -0.03278893355414451
    },
    {
      "date": "2022-06-30T00:00:00",
      "quarter_label": "2022-06 (Q2)",
      "revenue": 375507000,
      "gross_profit": 114590000,
      "operating_income": 60415000,
      "net_income": 46939000,
      "opex": 54175000,
      "cogs": 260917000,
      "rd": null,
      "sga": 35879000,
      "fcf": 3111000,
      "ocf": 34605000,
      "capex": -31494000,
      "gross_margin": 0.3051607559912332,
      "op_margin": 0.1608891445432442,
      "fcf_margin": 0.008284798951817144,
      "incr_op_margin_yoy": 0.3300401606425703,
      "rev_growth_yoy": 0.9893672817431937,
      "rev_growth_yoy_accel": 0.4307231768201336,
      "op_leverage_ratio": 11.837095906820908,
      "fcf_margin_change": 0.0463560789563143
    },
    {
      "date": "2022-09-30T00:00:00",
      "quarter_label": "2022-09 (Q3)",
      "revenue": 459601000,
      "gross_profit": 149811000,
      "operating_income": 92170000,
      "net_income": 69340000,
      "opex": 57641000,
      "cogs": 309790000,
      "rd": null,
      "sga": 38243000,
      "fcf": -41574000,
      "ocf": -1925000,
      "capex": -39649000,
      "gross_margin": 0.32595882080326194,
      "op_margin": 0.20054351491837485,
      "fcf_margin": -0.09045672224385935,
      "incr_op_margin_yoy": 0.3593650631052836,
      "rev_growth_yoy": 1.0398606364564378,
      "rev_growth_yoy_accel": 0.05049335471324412,
      "op_leverage_ratio": 3.5003972570995923,
      "fcf_margin_change": -0.0987415211956765
    },
    {
      "date": "2022-12-31T00:00:00",
      "quarter_label": "2022-12 (Q4)",
      "revenue": 482030000,
      "gross_profit": 173459000,
      "operating_income": 112320000,
      "net_income": 87005000,
      "opex": 61139000,
      "cogs": 308571000,
      "rd": null,
      "sga": 38211000,
      "fcf": 111033000,
      "ocf": 160358000,
      "capex": -49325000,
      "gross_margin": 0.3598510466153559,
      "op_margin": 0.23301454266331972,
      "fcf_margin": 0.23034458436196917,
      "incr_op_margin_yoy": 0.4315785534526471,
      "rev_growth_yoy": 0.7969297526206701,
      "rev_growth_yoy_accel": -0.24293088383576766,
      "op_leverage_ratio": 0.8041566311298265,
      "fcf_margin_change": 0.3208013066058285
    },
    {
      "date": "2023-03-31T00:00:00",
      "quarter_label": "2023-03 (Q1)",
      "revenue": 476668000,
      "gross_profit": 171418000,
      "operating_income": 90657000,
      "net_income": 71524000,
      "opex": 80761000,
      "cogs": 305250000,
      "rd": null,
      "sga": 42197000,
      "fcf": 67223000,
      "ocf": 132523000,
      "capex": -65300000,
      "gross_margin": 0.3596171758960115,
      "op_margin": 0.19018897849236785,
      "fcf_margin": 0.1410268782464944,
      "incr_op_margin_yoy": 0.35211722313636457,
      "rev_growth_yoy": 0.6747287649671145,
      "rev_growth_yoy_accel": -0.12220098765355558,
      "fcf_margin_change": -0.08931770611547477
    },
    {
      "date": "2023-06-30T00:00:00",
      "quarter_label": "2023-06 (Q2)",
      "revenue": 415858000,
      "gross_profit": 150072000,
      "operating_income": 82369000,
      "net_income": 65013000,
      "opex": 67703000,
      "cogs": 265786000,
      "rd": null,
      "sga": 43604000,
      "fcf": 5847000,
      "ocf": 45035000,
      "capex": -39188000,
      "gross_margin": 0.3608731826729316,
      "op_margin": 0.19807001428372184,
      "fcf_margin": 0.014060087818438025,
      "incr_op_margin_yoy": 0.5440757354216748,
      "rev_growth_yoy": 0.1074573842831159,
      "rev_growth_yoy_accel": -0.5672713806839986,
      "fcf_margin_change": -0.12696679042805636
    },
    {
      "date": "2023-09-30T00:00:00",
      "quarter_label": "2023-09 (Q3)",
      "revenue": 330417000,
      "gross_profit": 91333000,
      "operating_income": 22711000,
      "net_income": 18317000,
      "opex": 68622000,
      "cogs": 239084000,
      "rd": null,
      "sga": 42012000,
      "fcf": 77256000,
      "ocf": 121584000,
      "capex": -44328000,
      "gross_margin": 0.2764173756192932,
      "op_margin": 0.06873435688841675,
      "fcf_margin": 0.23381363549696293,
      "incr_op_margin_yoy": 0.5376749442655437,
      "rev_growth_yoy": -0.2810785877315323,
      "rev_growth_yoy_accel": -0.38853597201464823,
      "fcf_margin_change": 0.2197535476785249
    },
    {
      "date": "2023-12-31T00:00:00",
      "quarter_label": "2023-12 (Q4)",
      "revenue": 394531000,
      "gross_profit": 115132000,
      "operating_income": 49213000,
      "net_income": 40259000,
      "opex": 65919000,
      "cogs": 279399000,
      "rd": null,
      "sga": 38127000,
      "fcf": 63432000,
      "ocf": 95621000,
      "capex": -32189000,
      "gross_margin": 0.2918199076878623,
      "op_margin": 0.12473798003198734,
      "fcf_margin": 0.1607782404931425,
      "incr_op_margin_yoy": 0.7212310997839976,
      "rev_growth_yoy": -0.18152189697736656,
      "rev_growth_yoy_accel": 0.09955669075416576,
      "op_leverage_ratio": Infinity,
      "fcf_margin_change": -0.07303539500382045
    },
    {
      "date": "2024-03-31T00:00:00",
      "quarter_label": "2024-03 (Q1)",
      "revenue": 377833000,
      "gross_profit": 101224000,
      "operating_income": 32349000,
      "net_income": 27467000,
      "opex": 68875000,
      "cogs": 276609000,
      "rd": null,
      "sga": 40085000,
      "fcf": 3781000,
      "ocf": 56559000,
      "capex": -52778000,
      "gross_margin": 0.26790672069406324,
      "op_margin": 0.08561719066360006,
      "fcf_margin": 0.010007066614086117,
      "incr_op_margin_yoy": 0.5899529518895128,
      "rev_growth_yoy": -0.20734557385853467,
      "rev_growth_yoy_accel": -0.0258236768811681,
      "fcf_margin_change": -0.15077117387905636
    },
    {
      "date": "2024-06-30T00:00:00",
      "quarter_label": "2024-06 (Q2)",
      "revenue": 364153000,
      "gross_profit": 101869000,
      "operating_income": 35468000,
      "net_income": 32419000,
      "opex": 66401000,
      "cogs": 262284000,
      "rd": null,
      "sga": 37406000,
      "fcf": 52907000,
      "ocf": 127928000,
      "capex": -75021000,
      "gross_margin": 0.27974230611858203,
      "op_margin": 0.09739862090934305,
      "fcf_margin": 0.14528783231224238,
      "incr_op_margin_yoy": 0.9070882893337201,
      "rev_growth_yoy": -0.12433330608044092,
      "rev_growth_yoy_accel": 0.08301226777809374,
      "fcf_margin_change": 0.13528076569815625
    },
    {
      "date": "2024-09-30T00:00:00",
      "quarter_label": "2024-09 (Q3)",
      "revenue": 337652000,
      "gross_profit": 90145000,
      "operating_income": 19204000,
      "net_income": 18796000,
      "opex": 70941000,
      "cogs": 247507000,
      "rd": null,
      "sga": 37697000,
      "fcf": 19067000,
      "ocf": 70728000,
      "capex": -51661000,
      "gross_margin": 0.2669760581900892,
      "op_margin": 0.05687512586923815,
      "fcf_margin": 0.056469382678023525,
      "incr_op_margin_yoy": -0.4847270214236351,
      "rev_growth_yoy": 0.02189657311821123,
      "rev_growth_yoy_accel": 0.14622987919865216,
      "fcf_margin_change": -0.08881844963421885
    },
    {
      "date": "2024-12-31T00:00:00",
      "quarter_label": "2024-12 (Q4)",
      "revenue": 335361000,
      "gross_profit": 85113000,
      "operating_income": 10517000,
      "net_income": 12762000,
      "opex": 74596000,
      "cogs": 250248000,
      "rd": null,
      "sga": 41249000,
      "fcf": 53701000,
      "ocf": 94171000,
      "capex": -40470000,
      "gross_margin": 0.25379516401728286,
      "op_margin": 0.03136023568632011,
      "fcf_margin": 0.1601289356842328,
      "incr_op_margin_yoy": 0.6539800574615514,
      "rev_growth_yoy": -0.14997554057856036,
      "rev_growth_yoy_accel": -0.17187211369677158,
      "fcf_margin_change": 0.10365955300620928
    },
    {
      "date": "2025-03-31T00:00:00",
      "quarter_label": "2025-03 (Q1)",
      "revenue": 332877000,
      "gross_profit": 88982000,
      "operating_income": 12386000,
      "net_income": 12030000,
      "opex": 76596000,
      "cogs": 243895000,
      "rd": null,
      "sga": 42499000,
      "fcf": 7595000,
      "ocf": 39865000,
      "capex": -32270000,
      "gross_margin": 0.26731195005963165,
      "op_margin": 0.037208939037542396,
      "fcf_margin": 0.0228162354262986,
      "incr_op_margin_yoy": 0.44405641071269686,
      "rev_growth_yoy": -0.11898378384100912,
      "rev_growth_yoy_accel": 0.030991756737551238,
      "fcf_margin_change": -0.1373127002579342
    },
    {
      "date": "2025-06-30T00:00:00",
      "quarter_label": "2025-06 (Q2)",
      "revenue": 420809000,
      "gross_profit": 103063000,
      "operating_income": 15536000,
      "net_income": 10148000,
      "opex": 87527000,
      "cogs": 317746000,
      "rd": null,
      "sga": 40825000,
      "fcf": 10025000,
      "ocf": 53078000,
      "capex": -43053000,
      "gross_margin": 0.24491633971706878,
      "op_margin": 0.03691936246610695,
      "fcf_margin": 0.02382315967576739,
      "incr_op_margin_yoy": -0.3518073990398193,
      "rev_growth_yoy": 0.15558295551595072,
      "rev_growth_yoy_accel": 0.27456673935695985,
      "op_leverage_ratio": 1.8510125299784426,
      "fcf_margin_change": 0.0010069242494687887
    },
    {
      "date": "2025-09-30T00:00:00",
      "quarter_label": "2025-09 (Q3)",
      "revenue": 447103000,
      "gross_profit": 112430000,
      "operating_income": 20800000,
      "net_income": 12963000,
      "opex": 91630000,
      "cogs": 334673000,
      "rd": null,
      "sga": 44628000,
      "fcf": 4068000,
      "ocf": 46525000,
      "capex": -42457000,
      "gross_margin": 0.25146330934929984,
      "op_margin": 0.04652171870911177,
      "fcf_margin": 0.009098574601378206,
      "incr_op_margin_yoy": 0.014581867685082822,
      "rev_growth_yoy": 0.32415327023088863,
      "rev_growth_yoy_accel": 0.1685703147149379,
      "op_leverage_ratio": 1.3329448013250769,
      "fcf_margin_change": -0.014724585074389184
    }
  ],
  "signals": [
    {
      "quarter": "2025-09 (Q3)",
      "signal": "YoY REVENUE GROWTH ACCELERATION",
      "detail": "YoY growth: +32.4% vs prior quarter YoY: +15.6% (accel: +16.9%)",
      "severity": "HIGH"
    },
    {
      "quarter": "2025-06 (Q2)",
      "signal": "OPERATING LEVERAGE",
      "detail": "Rev growth +26.4% vs OpEx growth +14.3% (leverage: 1.9x)",
      "severity": "MEDIUM"
    },
    {
      "quarter": "2025-06 (Q2)",
      "signal": "YoY REVENUE GROWTH ACCELERATION",
      "detail": "YoY growth: +15.6% vs prior quarter YoY: -11.9% (accel: +27.5%)",
      "severity": "HIGH"
    },
    {
      "quarter": "2025-03 (Q1)",
      "signal": "INCREMENTAL MARGIN (YoY)",
      "detail": "YoY Incr OPM: +44.4% vs year-ago OPM: +8.6%",
      "severity": "HIGH"
    },
    {
      "quarter": "2024-12 (Q4)",
      "signal": "FCF MARGIN EXPANSION",
      "detail": "FCF margin: +5.6% -> +16.0% (+10.4%)",
      "severity": "MEDIUM"
    },
    {
      "quarter": "2024-12 (Q4)",
      "signal": "YoY REVENUE GROWTH DECELERATION",
      "detail": "YoY growth: -15.0% vs prior quarter YoY: +2.2% (decel: -17.2%)",
      "severity": "WARNING"
    },
    {
      "quarter": "2024-12 (Q4)",
      "signal": "INCREMENTAL MARGIN (YoY)",
      "detail": "YoY Incr OPM: +65.4% vs year-ago OPM: +12.5%",
      "severity": "HIGH"
    },
    {
      "quarter": "2024-09 (Q3)",
      "signal": "YoY REVENUE GROWTH ACCELERATION",
      "detail": "YoY growth: +2.2% vs prior quarter YoY: -12.4% (accel: +14.6%)",
      "severity": "MEDIUM"
    },
    {
      "quarter": "2024-06 (Q2)",
      "signal": "FCF MARGIN EXPANSION",
      "detail": "FCF margin: +1.0% -> +14.5% (+13.5%)",
      "severity": "MEDIUM"
    },
    {
      "quarter": "2024-06 (Q2)",
      "signal": "YoY REVENUE GROWTH ACCELERATION",
      "detail": "YoY growth: -12.4% vs prior quarter YoY: -20.7% (accel: +8.3%)",
      "severity": "MEDIUM"
    },
    {
      "quarter": "2024-06 (Q2)",
      "signal": "INCREMENTAL MARGIN (YoY)",
      "detail": "YoY Incr OPM: +90.7% vs year-ago OPM: +19.8%",
      "severity": "HIGH"
    },
    {
      "quarter": "2024-03 (Q1)",
      "signal": "INCREMENTAL MARGIN (YoY)",
      "detail": "YoY Incr OPM: +59.0% vs year-ago OPM: +19.0%",
      "severity": "HIGH"
    },
    {
      "quarter": "2023-12 (Q4)",
      "signal": "YoY REVENUE GROWTH ACCELERATION",
      "detail": "YoY growth: -18.2% vs prior quarter YoY: -28.1% (accel: +10.0%)",
      "severity": "MEDIUM"
    },
    {
      "quarter": "2023-12 (Q4)",
      "signal": "INCREMENTAL MARGIN (YoY)",
      "detail": "YoY Incr OPM: +72.1% vs year-ago OPM: +23.3%",
      "severity": "HIGH"
    },
    {
      "quarter": "2023-09 (Q3)",
      "signal": "FCF MARGIN EXPANSION",
      "detail": "FCF margin: +1.4% -> +23.4% (+22.0%)",
      "severity": "MEDIUM"
    },
    {
      "quarter": "2023-09 (Q3)",
      "signal": "YoY REVENUE GROWTH DECELERATION",
      "detail": "YoY growth: -28.1% vs prior quarter YoY: +10.7% (decel: -38.9%)",
      "severity": "WARNING"
    },
    {
      "quarter": "2023-09 (Q3)",
      "signal": "INCREMENTAL MARGIN (YoY)",
      "detail": "YoY Incr OPM: +53.8% vs year-ago OPM: +20.1%",
      "severity": "HIGH"
    },
    {
      "quarter": "2023-06 (Q2)",
      "signal": "YoY REVENUE GROWTH DECELERATION",
      "detail": "YoY growth: +10.7% vs prior quarter YoY: +67.5% (decel: -56.7%)",
      "severity": "WARNING"
    },
    {
      "quarter": "2023-06 (Q2)",
      "signal": "INCREMENTAL MARGIN (YoY)",
      "detail": "YoY Incr OPM: +54.4% vs year-ago OPM: +16.1%",
      "severity": "HIGH"
    },
    {
      "quarter": "2023-03 (Q1)",
      "signal": "YoY REVENUE GROWTH DECELERATION",
      "detail": "YoY growth: +67.5% vs prior quarter YoY: +79.7% (decel: -12.2%)",
      "severity": "WARNING"
    },
    {
      "quarter": "2023-03 (Q1)",
      "signal": "INCREMENTAL MARGIN (YoY)",
      "detail": "YoY Incr OPM: +35.2% vs year-ago OPM: +8.1%",
      "severity": "HIGH"
    },
    {
      "quarter": "2022-12 (Q4)",
      "signal": "FCF TURNED POSITIVE",
      "detail": "FCF margin: -9.0% -> +23.0%",
      "severity": "HIGH"
    },
    {
      "quarter": "2022-12 (Q4)",
      "signal": "YoY REVENUE GROWTH DECELERATION",
      "detail": "YoY growth: +79.7% vs prior quarter YoY: +104.0% (decel: -24.3%)",
      "severity": "WARNING"
    },
    {
      "quarter": "2022-12 (Q4)",
      "signal": "INCREMENTAL MARGIN (YoY)",
      "detail": "YoY Incr OPM: +43.2% vs year-ago OPM: +7.5%",
      "severity": "HIGH"
    },
    {
      "quarter": "2022-09 (Q3)",
      "signal": "OPERATING LEVERAGE",
      "detail": "Rev growth +22.4% vs OpEx growth +6.4% (leverage: 3.5x)",
      "severity": "MEDIUM"
    },
    {
      "quarter": "2022-09 (Q3)",
      "signal": "YoY REVENUE GROWTH ACCELERATION",
      "detail": "YoY growth: +104.0% vs prior quarter YoY: +98.9% (accel: +5.0%)",
      "severity": "MEDIUM"
    },
    {
      "quarter": "2022-09 (Q3)",
      "signal": "INCREMENTAL MARGIN (YoY)",
      "detail": "YoY Incr OPM: +35.9% vs year-ago OPM: +3.5%",
      "severity": "HIGH"
    },
    {
      "quarter": "2022-06 (Q2)",
      "signal": "FCF TURNED POSITIVE",
      "detail": "FCF margin: -3.8% -> +0.8%",
      "severity": "HIGH"
    },
    {
      "quarter": "2022-06 (Q2)",
      "signal": "OPERATING LEVERAGE",
      "detail": "Rev growth +31.9% vs OpEx growth +2.7% (leverage: 11.8x)",
      "severity": "MEDIUM"
    },
    {
      "quarter": "2022-06 (Q2)",
      "signal": "YoY REVENUE GROWTH ACCELERATION",
      "detail": "YoY growth: +98.9% vs prior quarter YoY: +55.9% (accel: +43.1%)",
      "severity": "HIGH"
    },
    {
      "quarter": "2022-06 (Q2)",
      "signal": "OP MARGIN TURNED POSITIVE (YoY)",
      "detail": "Op margin: -0.6% (year-ago) -> +16.1%",
      "severity": "HIGH"
    },
    {
      "quarter": "2022-03 (Q1)",
      "signal": "YoY REVENUE GROWTH DECELERATION",
      "detail": "YoY growth: +55.9% vs prior quarter YoY: +80.5% (decel: -24.6%)",
      "severity": "WARNING"
    },
    {
      "quarter": "2022-03 (Q1)",
      "signal": "OP MARGIN TURNED POSITIVE (YoY)",
      "detail": "Op margin: -5.8% (year-ago) -> +8.1%",
      "severity": "HIGH"
    },
    {
      "quarter": "2021-12 (Q4)",
      "signal": "FCF MARGIN EXPANSION",
      "detail": "FCF margin: -21.1% -> -0.5% (+20.6%)",
      "severity": "MEDIUM"
    },
    {
      "quarter": "2021-12 (Q4)",
      "signal": "OPERATING LEVERAGE",
      "detail": "Rev growth +19.1% vs OpEx growth +1.8% (leverage: 10.5x)",
      "severity": "MEDIUM"
    },
    {
      "quarter": "2021-12 (Q4)",
      "signal": "OP MARGIN TURNED POSITIVE (YoY)",
      "detail": "Op margin: -14.6% (year-ago) -> +7.5%",
      "severity": "HIGH"
    },
    {
      "quarter": "2021-09 (Q3)",
      "signal": "OPERATING LEVERAGE",
      "detail": "Rev growth +19.4% vs OpEx growth +5.7% (leverage: 3.4x)",
      "severity": "MEDIUM"
    },
    {
      "quarter": "2021-09 (Q3)",
      "signal": "OP MARGIN TURNED POSITIVE (QoQ)",
      "detail": "Op margin: -0.6% -> +3.5%",
      "severity": "HIGH"
    },
    {
      "quarter": "2021-06 (Q2)",
      "signal": "FCF TURNED POSITIVE",
      "detail": "FCF margin: -1.4% -> +16.7%",
      "severity": "HIGH"
    },
    {
      "quarter": "2021-06 (Q2)",
      "signal": "GROSS MARGIN INFLECTION",
      "detail": "GM: +20.7% -> +19.9% -> +22.8% (reversal +2.8%)",
      "severity": "MEDIUM"
    },
    {
      "quarter": "2021-03 (Q1)",
      "signal": "FCF MARGIN EXPANSION",
      "detail": "FCF margin: -44.5% -> -1.4% (+43.1%)",
      "severity": "MEDIUM"
    }
  ],
  "data_quality": {
    "n_quarters": 20,
    "coverage": {
      "revenue": [
        20,
        20
      ],
      "gross_profit": [
        20,
        20
      ],
      "op_income": [
        20,
        20
      ],
      "fcf": [
        20,
        20
      ]
    },
    "gaps": [],
    "warnings": []
  },
  "market_cap": null,
  "source": "SEC EDGAR",
  "last_updated": "2026-02-02T21:50:03.452258"
}