{
  "ticker": "REVG",
  "name": "REV Group, Inc.",
  "quarters": [
    {
      "date": "2021-01-31T00:00:00",
      "quarter_label": "2021-01 (Q1)",
      "revenue": 554000000,
      "gross_profit": 61700000,
      "operating_income": 9700000,
      "net_income": null,
      "opex": 52000000,
      "cogs": 492300000,
      "rd": 1300000,
      "sga": 47100000,
      "fcf": -1000000,
      "ocf": 1900000,
      "capex": -2900000,
      "gross_margin": 0.11137184115523466,
      "op_margin": 0.017509025270758122,
      "fcf_margin": -0.0018050541516245488
    },
    {
      "date": "2021-04-30T00:00:00",
      "quarter_label": "2021-04 (Q2)",
      "revenue": 643600000,
      "gross_profit": 87400000,
      "operating_income": 34700000,
      "net_income": 20600000,
      "opex": 52700000,
      "cogs": 556200000,
      "rd": 1500000,
      "sga": 48700000,
      "fcf": 29500000,
      "ocf": 35200000,
      "capex": -5700000,
      "gross_margin": 0.1357986326911125,
      "op_margin": 0.05391547545059043,
      "fcf_margin": 0.04583592293349907,
      "op_leverage_ratio": 12.014440433212995,
      "fcf_margin_change": 0.04764097708512362
    },
    {
      "date": "2021-07-31T00:00:00",
      "quarter_label": "2021-07 (Q3)",
      "revenue": 593300000,
      "gross_profit": 76600000,
      "operating_income": 28500000,
      "net_income": 23700000,
      "opex": 48100000,
      "cogs": 516700000,
      "rd": 600000,
      "sga": 45200000,
      "fcf": 58200000,
      "ocf": 63500000,
      "capex": -5300000,
      "gross_margin": 0.12910837687510535,
      "op_margin": 0.04803640653969324,
      "fcf_margin": 0.09809539861789988,
      "fcf_margin_change": 0.052259475684400813
    },
    {
      "date": "2021-10-31T00:00:00",
      "quarter_label": "2021-10 (Q4)",
      "revenue": 589900000,
      "gross_profit": 65300000,
      "operating_income": 10800000,
      "net_income": 0,
      "opex": 54500000,
      "cogs": 524600000,
      "rd": 1100000,
      "sga": 48000000,
      "fcf": 46900000,
      "ocf": 57700000,
      "capex": -10800000,
      "gross_margin": 0.11069672825902695,
      "op_margin": 0.0183081878284455,
      "fcf_margin": 0.07950500084760129,
      "fcf_margin_change": -0.018590397770298597
    },
    {
      "date": "2022-01-31T00:00:00",
      "quarter_label": "2022-01 (Q1)",
      "revenue": 537000000,
      "gross_profit": 55800000,
      "operating_income": 900000,
      "net_income": -700000,
      "opex": 54900000,
      "cogs": 481200000,
      "rd": 1200000,
      "sga": 47600000,
      "fcf": -8200000,
      "ocf": -3700000,
      "capex": -4500000,
      "gross_margin": 0.10391061452513967,
      "op_margin": 0.0016759776536312849,
      "fcf_margin": -0.015270018621973929,
      "incr_op_margin_yoy": 0.5176470588235295,
      "rev_growth_yoy": -0.030685920577617327,
      "fcf_margin_change": -0.09477501946957521
    },
    {
      "date": "2022-04-30T00:00:00",
      "quarter_label": "2022-04 (Q2)",
      "revenue": 576300000,
      "gross_profit": 57100000,
      "operating_income": 900000,
      "net_income": -2300000,
      "opex": 56200000,
      "cogs": 519200000,
      "rd": 800000,
      "sga": 50500000,
      "fcf": 27100000,
      "ocf": 31100000,
      "capex": -4000000,
      "gross_margin": 0.09908034010064203,
      "op_margin": 0.0015616866215512754,
      "fcf_margin": 0.04702411938226618,
      "incr_op_margin_yoy": 0.5022288261515602,
      "rev_growth_yoy": -0.1045680546923555,
      "rev_growth_yoy_accel": -0.07388213411473818,
      "op_leverage_ratio": 3.0906317146540614,
      "fcf_margin_change": 0.06229413800424011
    },
    {
      "date": "2022-07-31T00:00:00",
      "quarter_label": "2022-07 (Q3)",
      "revenue": 594800000,
      "gross_profit": 67800000,
      "operating_income": 17200000,
      "net_income": 9500000,
      "opex": 50600000,
      "cogs": 527000000,
      "rd": 900000,
      "sga": 46100000,
      "fcf": 24700000,
      "ocf": 32100000,
      "capex": -7400000,
      "gross_margin": 0.11398789509078681,
      "op_margin": 0.028917283120376596,
      "fcf_margin": 0.04152656355077337,
      "incr_op_margin_yoy": -7.533333333333333,
      "rev_growth_yoy": 0.0025282319231417494,
      "rev_growth_yoy_accel": 0.10709628661549725,
      "op_leverage_ratio": Infinity,
      "fcf_margin_change": -0.005497555831492813
    },
    {
      "date": "2022-10-31T00:00:00",
      "quarter_label": "2022-10 (Q4)",
      "revenue": 623500000,
      "gross_profit": 66800000,
      "operating_income": 17800000,
      "net_income": 8700000,
      "opex": 49000000,
      "cogs": 556700000,
      "rd": 1300000,
      "sga": 45800000,
      "fcf": 23200000,
      "ocf": 32100000,
      "capex": -8900000,
      "gross_margin": 0.10713712910986367,
      "op_margin": 0.02854851643945469,
      "fcf_margin": 0.037209302325581395,
      "incr_op_margin_yoy": 0.20833333333333334,
      "rev_growth_yoy": 0.056958806577386,
      "rev_growth_yoy_accel": 0.05443057465424425,
      "op_leverage_ratio": Infinity,
      "fcf_margin_change": -0.004317261225191972
    },
    {
      "date": "2023-01-31T00:00:00",
      "quarter_label": "2023-01 (Q1)",
      "revenue": 583500000,
      "gross_profit": 57900000,
      "operating_income": -11300000,
      "net_income": -13500000,
      "opex": 69200000,
      "cogs": 525600000,
      "rd": 900000,
      "sga": 66900000,
      "fcf": -10700000,
      "ocf": -6900000,
      "capex": -3800000,
      "gross_margin": 0.09922879177377893,
      "op_margin": -0.019365895458440446,
      "fcf_margin": -0.018337617823479008,
      "incr_op_margin_yoy": -0.2623655913978495,
      "rev_growth_yoy": 0.08659217877094973,
      "rev_growth_yoy_accel": 0.029633372193563726,
      "fcf_margin_change": -0.0555469201490604
    },
    {
      "date": "2023-04-30T00:00:00",
      "quarter_label": "2023-04 (Q2)",
      "revenue": 681200000,
      "gross_profit": 82500000,
      "operating_income": 29000000,
      "net_income": 14200000,
      "opex": 53500000,
      "cogs": 598700000,
      "rd": 1300000,
      "sga": 51200000,
      "fcf": 8300000,
      "ocf": 15100000,
      "capex": -6800000,
      "gross_margin": 0.12110980622431004,
      "op_margin": 0.04257193188490899,
      "fcf_margin": 0.012184380504991193,
      "incr_op_margin_yoy": 0.2678741658722593,
      "rev_growth_yoy": 0.18202325177858755,
      "rev_growth_yoy_accel": 0.09543107300763783,
      "op_leverage_ratio": Infinity,
      "fcf_margin_change": 0.0305219983284702
    },
    {
      "date": "2023-07-31T00:00:00",
      "quarter_label": "2023-07 (Q3)",
      "revenue": 680000000,
      "gross_profit": 80200000,
      "operating_income": 25700000,
      "net_income": 14900000,
      "opex": 54500000,
      "cogs": 599800000,
      "rd": 1300000,
      "sga": 52600000,
      "fcf": 56100000,
      "ocf": 65200000,
      "capex": -9100000,
      "gross_margin": 0.11794117647058823,
      "op_margin": 0.037794117647058825,
      "fcf_margin": 0.0825,
      "incr_op_margin_yoy": 0.09976525821596244,
      "rev_growth_yoy": 0.14324142568930734,
      "rev_growth_yoy_accel": -0.038781826089280214,
      "fcf_margin_change": 0.07031561949500881
    },
    {
      "date": "2023-10-31T00:00:00",
      "quarter_label": "2023-10 (Q4)",
      "revenue": 693300000,
      "gross_profit": 95500000,
      "operating_income": 45100000,
      "net_income": 29700000,
      "opex": 50400000,
      "cogs": 597800000,
      "rd": 1200000,
      "sga": 53400000,
      "fcf": 40000000,
      "ocf": 53100000,
      "capex": -13100000,
      "gross_margin": 0.13774700706764748,
      "op_margin": 0.0650512043848262,
      "fcf_margin": 0.05769508149430261,
      "incr_op_margin_yoy": 0.39111747851002865,
      "rev_growth_yoy": 0.1119486768243785,
      "rev_growth_yoy_accel": -0.03129274886492883,
      "op_leverage_ratio": Infinity,
      "fcf_margin_change": -0.024804918505697396
    },
    {
      "date": "2024-01-31T00:00:00",
      "quarter_label": "2024-01 (Q1)",
      "revenue": 586000000,
      "gross_profit": 62900000,
      "operating_income": -6500000,
      "net_income": 182700000,
      "opex": 69400000,
      "cogs": 523100000,
      "rd": null,
      "sga": 55400000,
      "fcf": -80200000,
      "ocf": -69700000,
      "capex": -10500000,
      "gross_margin": 0.10733788395904437,
      "op_margin": -0.011092150170648464,
      "fcf_margin": -0.13686006825938565,
      "incr_op_margin_yoy": 1.92,
      "rev_growth_yoy": 0.004284490145672665,
      "rev_growth_yoy_accel": -0.10766418667870584,
      "fcf_margin_change": -0.19455514975368826
    },
    {
      "date": "2024-04-30T00:00:00",
      "quarter_label": "2024-04 (Q2)",
      "revenue": 616900000,
      "gross_profit": 77300000,
      "operating_income": 22900000,
      "net_income": 15200000,
      "opex": 54400000,
      "cogs": 539600000,
      "rd": null,
      "sga": 50100000,
      "fcf": 34200000,
      "ocf": 40100000,
      "capex": -5900000,
      "gross_margin": 0.12530393905008916,
      "op_margin": 0.03712108931755552,
      "fcf_margin": 0.05543848273626196,
      "incr_op_margin_yoy": 0.09486780715396578,
      "rev_growth_yoy": -0.09439224897240164,
      "rev_growth_yoy_accel": -0.09867673911807431,
      "op_leverage_ratio": Infinity,
      "fcf_margin_change": 0.1922985509956476
    },
    {
      "date": "2024-07-31T00:00:00",
      "quarter_label": "2024-07 (Q3)",
      "revenue": 579400000,
      "gross_profit": 78300000,
      "operating_income": 28600000,
      "net_income": 18000000,
      "opex": 49700000,
      "cogs": 501100000,
      "rd": null,
      "sga": 42600000,
      "fcf": 8500000,
      "ocf": 14400000,
      "capex": -5900000,
      "gross_margin": 0.1351397997928892,
      "op_margin": 0.049361408353469104,
      "fcf_margin": 0.014670348636520539,
      "incr_op_margin_yoy": -0.02882703777335984,
      "rev_growth_yoy": -0.14794117647058824,
      "rev_growth_yoy_accel": -0.0535489274981866,
      "fcf_margin_change": -0.04076813409974142
    },
    {
      "date": "2024-10-31T00:00:00",
      "quarter_label": "2024-10 (Q4)",
      "revenue": 597900000,
      "gross_profit": 78800000,
      "operating_income": 34600000,
      "net_income": 41700000,
      "opex": 44200000,
      "cogs": 519100000,
      "rd": null,
      "sga": 40600000,
      "fcf": 63300000,
      "ocf": 68600000,
      "capex": -5300000,
      "gross_margin": 0.13179461448402743,
      "op_margin": 0.057869208897809,
      "fcf_margin": 0.1058705469141997,
      "incr_op_margin_yoy": 0.11006289308176101,
      "rev_growth_yoy": -0.13760276936391172,
      "rev_growth_yoy_accel": 0.010338407106676523,
      "op_leverage_ratio": Infinity,
      "fcf_margin_change": 0.09120019827767915
    },
    {
      "date": "2025-01-31T00:00:00",
      "quarter_label": "2025-01 (Q1)",
      "revenue": 525100000,
      "gross_profit": 69800000,
      "operating_income": 28000000,
      "net_income": 18200000,
      "opex": 41800000,
      "cogs": 455300000,
      "rd": null,
      "sga": 41200000,
      "fcf": -18000000,
      "ocf": -13100000,
      "capex": -4900000,
      "gross_margin": 0.13292706151209294,
      "op_margin": 0.05332317653780232,
      "fcf_margin": -0.03427918491715864,
      "incr_op_margin_yoy": -0.5665024630541872,
      "rev_growth_yoy": -0.10392491467576792,
      "rev_growth_yoy_accel": 0.0336778546881438,
      "fcf_margin_change": -0.14014973183135834
    },
    {
      "date": "2025-04-30T00:00:00",
      "quarter_label": "2025-04 (Q2)",
      "revenue": 629100000,
      "gross_profit": 95700000,
      "operating_income": 49700000,
      "net_income": 19000000,
      "opex": 46000000,
      "cogs": 533400000,
      "rd": null,
      "sga": 46000000,
      "fcf": 105600000,
      "ocf": 117000000,
      "capex": -11400000,
      "gross_margin": 0.15212207916070578,
      "op_margin": 0.07900174852964552,
      "fcf_margin": 0.16785884597043396,
      "incr_op_margin_yoy": 2.19672131147541,
      "rev_growth_yoy": 0.019776300859134382,
      "rev_growth_yoy_accel": 0.1237012155349023,
      "op_leverage_ratio": 1.9711438184110055,
      "fcf_margin_change": 0.2021380308875926
    },
    {
      "date": "2025-07-31T00:00:00",
      "quarter_label": "2025-07 (Q3)",
      "revenue": 644900000,
      "gross_profit": 101700000,
      "operating_income": 57000000,
      "net_income": 29100000,
      "opex": 44700000,
      "cogs": 543200000,
      "rd": null,
      "sga": 44700000,
      "fcf": 48700000,
      "ocf": 60300000,
      "capex": -11600000,
      "gross_margin": 0.15769886804155683,
      "op_margin": 0.08838579624748023,
      "fcf_margin": 0.07551558381144363,
      "incr_op_margin_yoy": 0.433587786259542,
      "rev_growth_yoy": 0.11304798066965827,
      "rev_growth_yoy_accel": 0.09327167981052388,
      "op_leverage_ratio": Infinity,
      "fcf_margin_change": -0.09234326215899033
    },
    {
      "date": "2025-10-31T00:00:00",
      "quarter_label": "2025-10 (Q4)",
      "revenue": 664400000,
      "gross_profit": 102600000,
      "operating_income": 47500000,
      "net_income": 28900000,
      "opex": 55100000,
      "cogs": 561800000,
      "rd": null,
      "sga": 55100000,
      "fcf": 53700000,
      "ocf": 76900000,
      "capex": -23200000,
      "gross_margin": 0.15442504515352198,
      "op_margin": 0.07149307645996388,
      "fcf_margin": 0.08082480433473811,
      "incr_op_margin_yoy": 0.19398496240601504,
      "rev_growth_yoy": 0.11122261247700284,
      "rev_growth_yoy_accel": -0.0018253681926554272,
      "op_leverage_ratio": 0.12996200961389362,
      "fcf_margin_change": 0.005309220523294481
    }
  ],
  "signals": [
    {
      "quarter": "2025-10 (Q4)",
      "signal": "INCREMENTAL MARGIN (YoY)",
      "detail": "YoY Incr OPM: +19.4% vs year-ago OPM: +5.8%",
      "severity": "MEDIUM"
    },
    {
      "quarter": "2025-07 (Q3)",
      "signal": "YoY REVENUE GROWTH ACCELERATION",
      "detail": "YoY growth: +11.3% vs prior quarter YoY: +2.0% (accel: +9.3%)",
      "severity": "MEDIUM"
    },
    {
      "quarter": "2025-07 (Q3)",
      "signal": "INCREMENTAL MARGIN (YoY)",
      "detail": "YoY Incr OPM: +43.4% vs year-ago OPM: +4.9%",
      "severity": "HIGH"
    },
    {
      "quarter": "2025-04 (Q2)",
      "signal": "FCF TURNED POSITIVE",
      "detail": "FCF margin: -3.4% -> +16.8%",
      "severity": "HIGH"
    },
    {
      "quarter": "2025-04 (Q2)",
      "signal": "OPERATING LEVERAGE",
      "detail": "Rev growth +19.8% vs OpEx growth +10.0% (leverage: 2.0x)",
      "severity": "MEDIUM"
    },
    {
      "quarter": "2025-04 (Q2)",
      "signal": "YoY REVENUE GROWTH ACCELERATION",
      "detail": "YoY growth: +2.0% vs prior quarter YoY: -10.4% (accel: +12.4%)",
      "severity": "MEDIUM"
    },
    {
      "quarter": "2025-04 (Q2)",
      "signal": "INCREMENTAL MARGIN (YoY)",
      "detail": "YoY Incr OPM: +219.7% vs year-ago OPM: +3.7%",
      "severity": "HIGH"
    },
    {
      "quarter": "2025-01 (Q1)",
      "signal": "OP MARGIN TURNED POSITIVE (YoY)",
      "detail": "Op margin: -1.1% (year-ago) -> +5.3%",
      "severity": "HIGH"
    },
    {
      "quarter": "2024-10 (Q4)",
      "signal": "FCF MARGIN EXPANSION",
      "detail": "FCF margin: +1.5% -> +10.6% (+9.1%)",
      "severity": "MEDIUM"
    },
    {
      "quarter": "2024-07 (Q3)",
      "signal": "YoY REVENUE GROWTH DECELERATION",
      "detail": "YoY growth: -14.8% vs prior quarter YoY: -9.4% (decel: -5.4%)",
      "severity": "WARNING"
    },
    {
      "quarter": "2024-04 (Q2)",
      "signal": "FCF TURNED POSITIVE",
      "detail": "FCF margin: -13.7% -> +5.5%",
      "severity": "HIGH"
    },
    {
      "quarter": "2024-04 (Q2)",
      "signal": "YoY REVENUE GROWTH DECELERATION",
      "detail": "YoY growth: -9.4% vs prior quarter YoY: +0.4% (decel: -9.9%)",
      "severity": "WARNING"
    },
    {
      "quarter": "2024-04 (Q2)",
      "signal": "OP MARGIN TURNED POSITIVE (QoQ)",
      "detail": "Op margin: -1.1% -> +3.7%",
      "severity": "HIGH"
    },
    {
      "quarter": "2024-01 (Q1)",
      "signal": "YoY REVENUE GROWTH DECELERATION",
      "detail": "YoY growth: +0.4% vs prior quarter YoY: +11.2% (decel: -10.8%)",
      "severity": "WARNING"
    },
    {
      "quarter": "2023-10 (Q4)",
      "signal": "INCREMENTAL MARGIN (YoY)",
      "detail": "YoY Incr OPM: +39.1% vs year-ago OPM: +2.9%",
      "severity": "HIGH"
    },
    {
      "quarter": "2023-07 (Q3)",
      "signal": "FCF MARGIN EXPANSION",
      "detail": "FCF margin: +1.2% -> +8.2% (+7.0%)",
      "severity": "MEDIUM"
    },
    {
      "quarter": "2023-04 (Q2)",
      "signal": "FCF TURNED POSITIVE",
      "detail": "FCF margin: -1.8% -> +1.2%",
      "severity": "HIGH"
    },
    {
      "quarter": "2023-04 (Q2)",
      "signal": "GROSS MARGIN INFLECTION",
      "detail": "GM: +10.7% -> +9.9% -> +12.1% (reversal +2.2%)",
      "severity": "MEDIUM"
    },
    {
      "quarter": "2023-04 (Q2)",
      "signal": "YoY REVENUE GROWTH ACCELERATION",
      "detail": "YoY growth: +18.2% vs prior quarter YoY: +8.7% (accel: +9.5%)",
      "severity": "MEDIUM"
    },
    {
      "quarter": "2023-04 (Q2)",
      "signal": "INCREMENTAL MARGIN (YoY)",
      "detail": "YoY Incr OPM: +26.8% vs year-ago OPM: +0.2%",
      "severity": "HIGH"
    },
    {
      "quarter": "2023-04 (Q2)",
      "signal": "OP MARGIN TURNED POSITIVE (QoQ)",
      "detail": "Op margin: -1.9% -> +4.3%",
      "severity": "HIGH"
    },
    {
      "quarter": "2022-10 (Q4)",
      "signal": "YoY REVENUE GROWTH ACCELERATION",
      "detail": "YoY growth: +5.7% vs prior quarter YoY: +0.3% (accel: +5.4%)",
      "severity": "MEDIUM"
    },
    {
      "quarter": "2022-10 (Q4)",
      "signal": "INCREMENTAL MARGIN (YoY)",
      "detail": "YoY Incr OPM: +20.8% vs year-ago OPM: +1.8%",
      "severity": "MEDIUM"
    },
    {
      "quarter": "2022-07 (Q3)",
      "signal": "YoY REVENUE GROWTH ACCELERATION",
      "detail": "YoY growth: +0.3% vs prior quarter YoY: -10.5% (accel: +10.7%)",
      "severity": "MEDIUM"
    },
    {
      "quarter": "2022-04 (Q2)",
      "signal": "FCF TURNED POSITIVE",
      "detail": "FCF margin: -1.5% -> +4.7%",
      "severity": "HIGH"
    },
    {
      "quarter": "2022-04 (Q2)",
      "signal": "OPERATING LEVERAGE",
      "detail": "Rev growth +7.3% vs OpEx growth +2.4% (leverage: 3.1x)",
      "severity": "MEDIUM"
    },
    {
      "quarter": "2022-04 (Q2)",
      "signal": "YoY REVENUE GROWTH DECELERATION",
      "detail": "YoY growth: -10.5% vs prior quarter YoY: -3.1% (decel: -7.4%)",
      "severity": "WARNING"
    },
    {
      "quarter": "2022-04 (Q2)",
      "signal": "INCREMENTAL MARGIN (YoY)",
      "detail": "YoY Incr OPM: +50.2% vs year-ago OPM: +5.4%",
      "severity": "HIGH"
    },
    {
      "quarter": "2022-01 (Q1)",
      "signal": "INCREMENTAL MARGIN (YoY)",
      "detail": "YoY Incr OPM: +51.8% vs year-ago OPM: +1.8%",
      "severity": "HIGH"
    },
    {
      "quarter": "2021-07 (Q3)",
      "signal": "FCF MARGIN EXPANSION",
      "detail": "FCF margin: +4.6% -> +9.8% (+5.2%)",
      "severity": "MEDIUM"
    },
    {
      "quarter": "2021-04 (Q2)",
      "signal": "FCF TURNED POSITIVE",
      "detail": "FCF margin: -0.2% -> +4.6%",
      "severity": "HIGH"
    },
    {
      "quarter": "2021-04 (Q2)",
      "signal": "OPERATING LEVERAGE",
      "detail": "Rev growth +16.2% vs OpEx growth +1.3% (leverage: 12.0x)",
      "severity": "MEDIUM"
    }
  ],
  "data_quality": {
    "n_quarters": 20,
    "coverage": {
      "revenue": [
        20,
        20
      ],
      "gross_profit": [
        20,
        20
      ],
      "op_income": [
        20,
        20
      ],
      "fcf": [
        20,
        20
      ]
    },
    "gaps": [],
    "warnings": []
  },
  "market_cap": null,
  "source": "SEC EDGAR",
  "last_updated": "2026-02-02T21:19:23.915338"
}