{
  "ticker": "REZI",
  "name": "Resideo Technologies, Inc.",
  "quarters": [
    {
      "date": "2020-12-31T00:00:00",
      "quarter_label": "2020-12 (Q4)",
      "revenue": 1501000000,
      "gross_profit": 423000000,
      "operating_income": 152000000,
      "net_income": 59000000,
      "opex": 271000000,
      "cogs": 1078000000,
      "rd": 22000000,
      "sga": 271000000,
      "fcf": 152000000,
      "ocf": 152000000,
      "capex": null,
      "gross_margin": 0.28181212524983346,
      "op_margin": 0.10126582278481013,
      "fcf_margin": 0.10126582278481013
    },
    {
      "date": "2021-04-03T00:00:00",
      "quarter_label": "2021-04 (Q2)",
      "revenue": 1419000000,
      "gross_profit": 368000000,
      "operating_income": 130000000,
      "net_income": 49000000,
      "opex": 238000000,
      "cogs": 1051000000,
      "rd": 21000000,
      "sga": 238000000,
      "fcf": 5000000,
      "ocf": 5000000,
      "capex": null,
      "gross_margin": 0.25933756166314303,
      "op_margin": 0.0916138125440451,
      "fcf_margin": 0.0035236081747709656,
      "fcf_margin_change": -0.09774221461003917
    },
    {
      "date": "2021-07-03T00:00:00",
      "quarter_label": "2021-07 (Q3)",
      "revenue": 1477000000,
      "gross_profit": 381000000,
      "operating_income": 121000000,
      "net_income": 58000000,
      "opex": 260000000,
      "cogs": 1096000000,
      "rd": 22000000,
      "sga": 238000000,
      "fcf": 94000000,
      "ocf": 94000000,
      "capex": null,
      "gross_margin": 0.25795531482735273,
      "op_margin": 0.08192281651997292,
      "fcf_margin": 0.06364251861882193,
      "op_leverage_ratio": 0.44218079313216735,
      "fcf_margin_change": 0.06011891044405097
    },
    {
      "date": "2021-10-02T00:00:00",
      "quarter_label": "2021-10 (Q4)",
      "revenue": 1496000000,
      "gross_profit": 416000000,
      "operating_income": 167000000,
      "net_income": 68000000,
      "opex": 249000000,
      "cogs": 1080000000,
      "rd": 20000000,
      "sga": 229000000,
      "fcf": 91000000,
      "ocf": 104000000,
      "capex": -13000000,
      "gross_margin": 0.27807486631016043,
      "op_margin": 0.11163101604278075,
      "fcf_margin": 0.060828877005347594,
      "op_leverage_ratio": Infinity,
      "fcf_margin_change": -0.0028136416134743394
    },
    {
      "date": "2021-12-31T00:00:00",
      "quarter_label": "2021-12 (Q4)",
      "revenue": 1454000000,
      "gross_profit": 396000000,
      "operating_income": 141000000,
      "net_income": 67000000,
      "opex": 255000000,
      "cogs": 1058000000,
      "rd": 23000000,
      "sga": 232000000,
      "fcf": 97000000,
      "ocf": 112000000,
      "capex": -15000000,
      "gross_margin": 0.2723521320495186,
      "op_margin": 0.0969738651994498,
      "fcf_margin": 0.06671251719394773,
      "incr_op_margin_yoy": 0.23404255319148937,
      "rev_growth_yoy": -0.0313124583610926,
      "fcf_margin_change": 0.005883640188600138
    },
    {
      "date": "2022-04-02T00:00:00",
      "quarter_label": "2022-04 (Q2)",
      "revenue": 1506000000,
      "gross_profit": 434000000,
      "operating_income": 172000000,
      "net_income": 87000000,
      "opex": 262000000,
      "cogs": 1072000000,
      "rd": 24000000,
      "sga": 238000000,
      "fcf": -78000000,
      "ocf": -59000000,
      "capex": -19000000,
      "gross_margin": 0.28818061088977426,
      "op_margin": 0.11420982735723771,
      "fcf_margin": -0.05179282868525897,
      "incr_op_margin_yoy": 0.4827586206896552,
      "rev_growth_yoy": 0.0613107822410148,
      "rev_growth_yoy_accel": 0.0926232406021074,
      "op_leverage_ratio": 1.3028099823147967,
      "fcf_margin_change": -0.11850534587920669
    },
    {
      "date": "2022-07-02T00:00:00",
      "quarter_label": "2022-07 (Q3)",
      "revenue": 1686000000,
      "gross_profit": 467000000,
      "operating_income": 186000000,
      "net_income": 94000000,
      "opex": 281000000,
      "cogs": 1219000000,
      "rd": 28000000,
      "sga": 244000000,
      "fcf": 30000000,
      "ocf": 35000000,
      "capex": -5000000,
      "gross_margin": 0.27698695136417556,
      "op_margin": 0.1103202846975089,
      "fcf_margin": 0.017793594306049824,
      "incr_op_margin_yoy": 0.31100478468899523,
      "rev_growth_yoy": 0.14150304671631686,
      "rev_growth_yoy_accel": 0.08019226447530206,
      "op_leverage_ratio": 1.648144265045083,
      "fcf_margin_change": 0.0695864229913088
    },
    {
      "date": "2022-10-01T00:00:00",
      "quarter_label": "2022-10 (Q4)",
      "revenue": 1618000000,
      "gross_profit": 430000000,
      "operating_income": 155000000,
      "net_income": 63000000,
      "opex": 275000000,
      "cogs": 1188000000,
      "rd": 29000000,
      "sga": 236000000,
      "fcf": 27000000,
      "ocf": 37000000,
      "capex": -10000000,
      "gross_margin": 0.2657601977750309,
      "op_margin": 0.0957972805933251,
      "fcf_margin": 0.01668726823238566,
      "incr_op_margin_yoy": -0.09836065573770492,
      "rev_growth_yoy": 0.08155080213903744,
      "rev_growth_yoy_accel": -0.05995224457727942,
      "fcf_margin_change": -0.0011063260736641628
    },
    {
      "date": "2022-12-31T00:00:00",
      "quarter_label": "2022-12 (Q4)",
      "revenue": 1560000000,
      "gross_profit": 431000000,
      "operating_income": 98000000,
      "net_income": 39000000,
      "opex": 333000000,
      "cogs": 1129000000,
      "rd": 30000000,
      "sga": 258000000,
      "fcf": 88000000,
      "ocf": 139000000,
      "capex": -51000000,
      "gross_margin": 0.2762820512820513,
      "op_margin": 0.06282051282051282,
      "fcf_margin": 0.05641025641025641,
      "incr_op_margin_yoy": -0.4056603773584906,
      "rev_growth_yoy": 0.07290233837689133,
      "rev_growth_yoy_accel": -0.008648463762146105,
      "fcf_margin_change": 0.03972298817787075
    },
    {
      "date": "2023-04-01T00:00:00",
      "quarter_label": "2023-04 (Q2)",
      "revenue": 1549000000,
      "gross_profit": 420000000,
      "operating_income": 138000000,
      "net_income": 57000000,
      "opex": 280000000,
      "cogs": 1129000000,
      "rd": 27000000,
      "sga": 244000000,
      "fcf": -24000000,
      "ocf": -4000000,
      "capex": -20000000,
      "gross_margin": 0.2711426726920594,
      "op_margin": 0.08908973531310523,
      "fcf_margin": -0.015493867010974823,
      "incr_op_margin_yoy": -0.7906976744186046,
      "rev_growth_yoy": 0.028552456839309428,
      "rev_growth_yoy_accel": -0.0443498815375819,
      "fcf_margin_change": -0.07190412342123123
    },
    {
      "date": "2023-07-01T00:00:00",
      "quarter_label": "2023-07 (Q3)",
      "revenue": 1602000000,
      "gross_profit": 436000000,
      "operating_income": 153000000,
      "net_income": 50000000,
      "opex": 283000000,
      "cogs": 1166000000,
      "rd": 29000000,
      "sga": 242000000,
      "fcf": 92000000,
      "ocf": 121000000,
      "capex": -29000000,
      "gross_margin": 0.2721598002496879,
      "op_margin": 0.09550561797752809,
      "fcf_margin": 0.05742821473158552,
      "incr_op_margin_yoy": 0.39285714285714285,
      "rev_growth_yoy": -0.0498220640569395,
      "rev_growth_yoy_accel": -0.07837452089624893,
      "op_leverage_ratio": 3.193458145039811,
      "fcf_margin_change": 0.07292208174256035
    },
    {
      "date": "2023-09-30T00:00:00",
      "quarter_label": "2023-09 (Q3)",
      "revenue": 1554000000,
      "gross_profit": 417000000,
      "operating_income": 109000000,
      "net_income": 21000000,
      "opex": 308000000,
      "cogs": 1137000000,
      "rd": 28000000,
      "sga": 233000000,
      "fcf": 35000000,
      "ocf": 60000000,
      "capex": -25000000,
      "gross_margin": 0.26833976833976836,
      "op_margin": 0.07014157014157014,
      "fcf_margin": 0.02252252252252252,
      "incr_op_margin_yoy": 0.71875,
      "rev_growth_yoy": -0.03955500618046971,
      "rev_growth_yoy_accel": 0.010267057876469789,
      "fcf_margin_change": -0.034905692209063
    },
    {
      "date": "2023-12-31T00:00:00",
      "quarter_label": "2023-12 (Q4)",
      "revenue": 1537000000,
      "gross_profit": 423000000,
      "operating_income": 147000000,
      "net_income": 82000000,
      "opex": 276000000,
      "cogs": 1114000000,
      "rd": 25000000,
      "sga": 241000000,
      "fcf": 232000000,
      "ocf": 263000000,
      "capex": -31000000,
      "gross_margin": 0.27521145087833443,
      "op_margin": 0.09564085881587508,
      "fcf_margin": 0.1509433962264151,
      "incr_op_margin_yoy": -2.130434782608696,
      "rev_growth_yoy": -0.014743589743589743,
      "rev_growth_yoy_accel": 0.02481141643687997,
      "fcf_margin_change": 0.12842087370389257
    },
    {
      "date": "2024-03-30T00:00:00",
      "quarter_label": "2024-03 (Q1)",
      "revenue": 1486000000,
      "gross_profit": 400000000,
      "operating_income": 128000000,
      "net_income": 43000000,
      "opex": 272000000,
      "cogs": 1086000000,
      "rd": 25000000,
      "sga": 231000000,
      "fcf": -19000000,
      "ocf": 2000000,
      "capex": -21000000,
      "gross_margin": 0.2691790040376851,
      "op_margin": 0.08613728129205922,
      "fcf_margin": -0.01278600269179004,
      "incr_op_margin_yoy": 0.15873015873015872,
      "rev_growth_yoy": -0.040671400903808906,
      "rev_growth_yoy_accel": -0.025927811160219163,
      "fcf_margin_change": -0.16372939891820512
    },
    {
      "date": "2024-06-29T00:00:00",
      "quarter_label": "2024-06 (Q2)",
      "revenue": 1589000000,
      "gross_profit": 447000000,
      "operating_income": 122000000,
      "net_income": 30000000,
      "opex": 325000000,
      "cogs": 1142000000,
      "rd": 21000000,
      "sga": 280000000,
      "fcf": 77000000,
      "ocf": 92000000,
      "capex": -15000000,
      "gross_margin": 0.2813089993706734,
      "op_margin": 0.07677784770295784,
      "fcf_margin": 0.048458149779735685,
      "incr_op_margin_yoy": 2.3846153846153846,
      "rev_growth_yoy": -0.008114856429463172,
      "rev_growth_yoy_accel": 0.032556544474345736,
      "op_leverage_ratio": 0.3557225932603672,
      "fcf_margin_change": 0.061244152471525724
    },
    {
      "date": "2024-09-28T00:00:00",
      "quarter_label": "2024-09 (Q3)",
      "revenue": 1828000000,
      "gross_profit": 524000000,
      "operating_income": 126000000,
      "net_income": 20000000,
      "opex": 398000000,
      "cogs": 1304000000,
      "rd": 23000000,
      "sga": 317000000,
      "fcf": 125000000,
      "ocf": 147000000,
      "capex": -22000000,
      "gross_margin": 0.28665207877461707,
      "op_margin": 0.06892778993435449,
      "fcf_margin": 0.06838074398249452,
      "incr_op_margin_yoy": 0.06204379562043796,
      "rev_growth_yoy": 0.17631917631917632,
      "rev_growth_yoy_accel": 0.18443403274863948,
      "op_leverage_ratio": 0.6696293869669043,
      "fcf_margin_change": 0.01992259420275884
    },
    {
      "date": "2024-12-31T00:00:00",
      "quarter_label": "2024-12 (Q4)",
      "revenue": 1858000000,
      "gross_profit": 530000000,
      "operating_income": 144000000,
      "net_income": 23000000,
      "opex": 386000000,
      "cogs": 1328000000,
      "rd": 42000000,
      "sga": 310000000,
      "fcf": 181000000,
      "ocf": 203000000,
      "capex": -22000000,
      "gross_margin": 0.2852529601722282,
      "op_margin": 0.077502691065662,
      "fcf_margin": 0.09741657696447793,
      "incr_op_margin_yoy": -0.009345794392523364,
      "rev_growth_yoy": 0.2088484059856864,
      "rev_growth_yoy_accel": 0.03252922966651009,
      "op_leverage_ratio": Infinity,
      "fcf_margin_change": 0.02903583298198341
    },
    {
      "date": "2025-03-29T00:00:00",
      "quarter_label": "2025-03 (Q1)",
      "revenue": 1770000000,
      "gross_profit": 511000000,
      "operating_income": 136000000,
      "net_income": 6000000,
      "opex": 375000000,
      "cogs": 1259000000,
      "rd": 35000000,
      "sga": 306000000,
      "fcf": -96000000,
      "ocf": -65000000,
      "capex": -31000000,
      "gross_margin": 0.2887005649717514,
      "op_margin": 0.0768361581920904,
      "fcf_margin": -0.05423728813559322,
      "incr_op_margin_yoy": 0.028169014084507043,
      "rev_growth_yoy": 0.1911170928667564,
      "rev_growth_yoy_accel": -0.017731313118930003,
      "fcf_margin_change": -0.15165386510007114
    },
    {
      "date": "2025-06-28T00:00:00",
      "quarter_label": "2025-06 (Q2)",
      "revenue": 1943000000,
      "gross_profit": 569000000,
      "operating_income": 177000000,
      "net_income": -825000000,
      "opex": 392000000,
      "cogs": 1374000000,
      "rd": 41000000,
      "sga": 319000000,
      "fcf": 180000000,
      "ocf": 200000000,
      "capex": -20000000,
      "gross_margin": 0.2928461142563047,
      "op_margin": 0.09109624292331446,
      "fcf_margin": 0.09264024704065878,
      "incr_op_margin_yoy": 0.1553672316384181,
      "rev_growth_yoy": 0.22278162366268092,
      "rev_growth_yoy_accel": 0.03166453079592452,
      "op_leverage_ratio": 2.1560319042871385,
      "fcf_margin_change": 0.146877535176252
    },
    {
      "date": "2025-09-27T00:00:00",
      "quarter_label": "2025-09 (Q3)",
      "revenue": 1864000000,
      "gross_profit": 556000000,
      "operating_income": 154000000,
      "net_income": 156000000,
      "opex": 402000000,
      "cogs": 1308000000,
      "rd": 44000000,
      "sga": 324000000,
      "fcf": -1599000000,
      "ocf": -1571000000,
      "capex": -28000000,
      "gross_margin": 0.2982832618025751,
      "op_margin": 0.08261802575107297,
      "fcf_margin": -0.8578326180257511,
      "incr_op_margin_yoy": 0.7777777777777778,
      "rev_growth_yoy": 0.019693654266958426,
      "rev_growth_yoy_accel": -0.2030879693957225,
      "fcf_margin_change": -0.9504728650664098
    }
  ],
  "signals": [
    {
      "quarter": "2025-09 (Q3)",
      "signal": "YoY REVENUE GROWTH DECELERATION",
      "detail": "YoY growth: +2.0% vs prior quarter YoY: +22.3% (decel: -20.3%)",
      "severity": "WARNING"
    },
    {
      "quarter": "2025-09 (Q3)",
      "signal": "INCREMENTAL MARGIN (YoY)",
      "detail": "YoY Incr OPM: +77.8% vs year-ago OPM: +6.9%",
      "severity": "HIGH"
    },
    {
      "quarter": "2025-06 (Q2)",
      "signal": "FCF TURNED POSITIVE",
      "detail": "FCF margin: -5.4% -> +9.3%",
      "severity": "HIGH"
    },
    {
      "quarter": "2025-06 (Q2)",
      "signal": "OPERATING LEVERAGE",
      "detail": "Rev growth +9.8% vs OpEx growth +4.5% (leverage: 2.2x)",
      "severity": "MEDIUM"
    },
    {
      "quarter": "2024-09 (Q3)",
      "signal": "YoY REVENUE GROWTH ACCELERATION",
      "detail": "YoY growth: +17.6% vs prior quarter YoY: -0.8% (accel: +18.4%)",
      "severity": "HIGH"
    },
    {
      "quarter": "2024-06 (Q2)",
      "signal": "FCF TURNED POSITIVE",
      "detail": "FCF margin: -1.3% -> +4.8%",
      "severity": "HIGH"
    },
    {
      "quarter": "2024-06 (Q2)",
      "signal": "INCREMENTAL MARGIN (YoY)",
      "detail": "YoY Incr OPM: +238.5% vs year-ago OPM: +9.6%",
      "severity": "HIGH"
    },
    {
      "quarter": "2023-12 (Q4)",
      "signal": "FCF MARGIN EXPANSION",
      "detail": "FCF margin: +2.3% -> +15.1% (+12.8%)",
      "severity": "MEDIUM"
    },
    {
      "quarter": "2023-09 (Q3)",
      "signal": "INCREMENTAL MARGIN (YoY)",
      "detail": "YoY Incr OPM: +71.9% vs year-ago OPM: +9.6%",
      "severity": "HIGH"
    },
    {
      "quarter": "2023-07 (Q3)",
      "signal": "FCF TURNED POSITIVE",
      "detail": "FCF margin: -1.5% -> +5.7%",
      "severity": "HIGH"
    },
    {
      "quarter": "2023-07 (Q3)",
      "signal": "OPERATING LEVERAGE",
      "detail": "Rev growth +3.4% vs OpEx growth +1.1% (leverage: 3.2x)",
      "severity": "MEDIUM"
    },
    {
      "quarter": "2023-07 (Q3)",
      "signal": "YoY REVENUE GROWTH DECELERATION",
      "detail": "YoY growth: -5.0% vs prior quarter YoY: +2.9% (decel: -7.8%)",
      "severity": "WARNING"
    },
    {
      "quarter": "2023-07 (Q3)",
      "signal": "INCREMENTAL MARGIN (YoY)",
      "detail": "YoY Incr OPM: +39.3% vs year-ago OPM: +11.0%",
      "severity": "HIGH"
    },
    {
      "quarter": "2022-10 (Q4)",
      "signal": "YoY REVENUE GROWTH DECELERATION",
      "detail": "YoY growth: +8.2% vs prior quarter YoY: +14.2% (decel: -6.0%)",
      "severity": "WARNING"
    },
    {
      "quarter": "2022-07 (Q3)",
      "signal": "FCF TURNED POSITIVE",
      "detail": "FCF margin: -5.2% -> +1.8%",
      "severity": "HIGH"
    },
    {
      "quarter": "2022-07 (Q3)",
      "signal": "OPERATING LEVERAGE",
      "detail": "Rev growth +12.0% vs OpEx growth +7.3% (leverage: 1.6x)",
      "severity": "MEDIUM"
    },
    {
      "quarter": "2022-07 (Q3)",
      "signal": "YoY REVENUE GROWTH ACCELERATION",
      "detail": "YoY growth: +14.2% vs prior quarter YoY: +6.1% (accel: +8.0%)",
      "severity": "MEDIUM"
    },
    {
      "quarter": "2022-07 (Q3)",
      "signal": "INCREMENTAL MARGIN (YoY)",
      "detail": "YoY Incr OPM: +31.1% vs year-ago OPM: +8.2%",
      "severity": "HIGH"
    },
    {
      "quarter": "2022-04 (Q2)",
      "signal": "YoY REVENUE GROWTH ACCELERATION",
      "detail": "YoY growth: +6.1% vs prior quarter YoY: -3.1% (accel: +9.3%)",
      "severity": "MEDIUM"
    },
    {
      "quarter": "2022-04 (Q2)",
      "signal": "INCREMENTAL MARGIN (YoY)",
      "detail": "YoY Incr OPM: +48.3% vs year-ago OPM: +9.2%",
      "severity": "HIGH"
    },
    {
      "quarter": "2021-12 (Q4)",
      "signal": "INCREMENTAL MARGIN (YoY)",
      "detail": "YoY Incr OPM: +23.4% vs year-ago OPM: +10.1%",
      "severity": "MEDIUM"
    },
    {
      "quarter": "2021-10 (Q4)",
      "signal": "GROSS MARGIN INFLECTION",
      "detail": "GM: +25.9% -> +25.8% -> +27.8% (reversal +2.0%)",
      "severity": "MEDIUM"
    },
    {
      "quarter": "2021-07 (Q3)",
      "signal": "FCF MARGIN EXPANSION",
      "detail": "FCF margin: +0.4% -> +6.4% (+6.0%)",
      "severity": "MEDIUM"
    }
  ],
  "data_quality": {
    "n_quarters": 20,
    "coverage": {
      "revenue": [
        20,
        20
      ],
      "gross_profit": [
        20,
        20
      ],
      "op_income": [
        20,
        20
      ],
      "fcf": [
        20,
        20
      ]
    },
    "gaps": [],
    "warnings": []
  },
  "market_cap": null,
  "source": "SEC EDGAR",
  "last_updated": "2026-02-02T21:03:09.818195"
}