{
  "ticker": "RFIL",
  "name": "R F INDUSTRIES LTD",
  "quarters": [
    {
      "date": "2021-01-31T00:00:00",
      "quarter_label": "2021-01 (Q1)",
      "revenue": 10002000,
      "gross_profit": 2606000,
      "operating_income": -589000,
      "net_income": -403000,
      "opex": 3195000,
      "cogs": 7396000,
      "rd": 431000,
      "sga": 2764000,
      "fcf": -693000,
      "ocf": -577000,
      "capex": -116000,
      "gross_margin": 0.2605478904219156,
      "op_margin": -0.058888222355528895,
      "fcf_margin": -0.06928614277144571
    },
    {
      "date": "2021-04-30T00:00:00",
      "quarter_label": "2021-04 (Q2)",
      "revenue": 11057000,
      "gross_profit": 4770000,
      "operating_income": 2684000,
      "net_income": 4845000,
      "opex": 2086000,
      "cogs": 6287000,
      "rd": 202000,
      "sga": 1884000,
      "fcf": -827000,
      "ocf": -775000,
      "capex": -52000,
      "gross_margin": 0.43140092249253864,
      "op_margin": 0.24274215429139911,
      "fcf_margin": -0.0747942479877001,
      "op_leverage_ratio": Infinity,
      "fcf_margin_change": -0.005508105216254389
    },
    {
      "date": "2021-07-31T00:00:00",
      "quarter_label": "2021-07 (Q3)",
      "revenue": 15257000,
      "gross_profit": 5059000,
      "operating_income": 1196000,
      "net_income": 926000,
      "opex": 3863000,
      "cogs": 10198000,
      "rd": 411000,
      "sga": 3452000,
      "fcf": -2266000,
      "ocf": -2240000,
      "capex": -26000,
      "gross_margin": 0.33158550173690765,
      "op_margin": 0.07839024709969195,
      "fcf_margin": -0.14852198990627252,
      "op_leverage_ratio": 0.4459014217472066,
      "fcf_margin_change": -0.07372774191857243
    },
    {
      "date": "2021-10-31T00:00:00",
      "quarter_label": "2021-10 (Q4)",
      "revenue": 21108000,
      "gross_profit": 5333000,
      "operating_income": 1123000,
      "net_income": 813000,
      "opex": 4210000,
      "cogs": 15775000,
      "rd": 435000,
      "sga": 3775000,
      "fcf": 437000,
      "ocf": 470000,
      "capex": -33000,
      "gross_margin": 0.25265302255069166,
      "op_margin": 0.05320257722190638,
      "fcf_margin": 0.020703050975933297,
      "op_leverage_ratio": 4.269295201390055,
      "fcf_margin_change": 0.16922504088220583
    },
    {
      "date": "2022-01-31T00:00:00",
      "quarter_label": "2022-01 (Q1)",
      "revenue": 16918000,
      "gross_profit": 4084000,
      "operating_income": -362000,
      "net_income": -277000,
      "opex": 4446000,
      "cogs": 12834000,
      "rd": 454000,
      "sga": 3992000,
      "fcf": 454000,
      "ocf": 557000,
      "capex": -103000,
      "gross_margin": 0.24139969263506325,
      "op_margin": -0.02139732828939591,
      "fcf_margin": 0.026835323324270008,
      "incr_op_margin_yoy": 0.03282244071717756,
      "rev_growth_yoy": 0.6914617076584683,
      "fcf_margin_change": 0.006132272348336711
    },
    {
      "date": "2022-04-30T00:00:00",
      "quarter_label": "2022-04 (Q2)",
      "revenue": 21505000,
      "gross_profit": 6080000,
      "operating_income": 746000,
      "net_income": 503000,
      "opex": 5334000,
      "cogs": 15425000,
      "rd": 857000,
      "sga": 4477000,
      "fcf": -2361000,
      "ocf": -2196000,
      "capex": -165000,
      "gross_margin": 0.2827249476865845,
      "op_margin": 0.03468960706812369,
      "fcf_margin": -0.10978842129737271,
      "incr_op_margin_yoy": -0.18549004594180704,
      "rev_growth_yoy": 0.9449217690151036,
      "rev_growth_yoy_accel": 0.25346006135663535,
      "op_leverage_ratio": 1.3574886655185745,
      "fcf_margin_change": -0.13662374462164273
    },
    {
      "date": "2022-07-31T00:00:00",
      "quarter_label": "2022-07 (Q3)",
      "revenue": 23842000,
      "gross_profit": 7248000,
      "operating_income": 1088000,
      "net_income": 771000,
      "opex": 6160000,
      "cogs": 16594000,
      "rd": 791000,
      "sga": 5369000,
      "fcf": 2073000,
      "ocf": 2235000,
      "capex": -162000,
      "gross_margin": 0.3040013421692811,
      "op_margin": 0.04563375555741968,
      "fcf_margin": 0.08694740374129688,
      "incr_op_margin_yoy": -0.012580081537565522,
      "rev_growth_yoy": 0.5626925345742938,
      "rev_growth_yoy_accel": -0.3822292344408098,
      "op_leverage_ratio": 0.7017658486989624,
      "fcf_margin_change": 0.1967358250386696
    },
    {
      "date": "2022-10-31T00:00:00",
      "quarter_label": "2022-10 (Q4)",
      "revenue": 22989000,
      "gross_profit": 7137000,
      "operating_income": 715000,
      "net_income": 451000,
      "opex": 6422000,
      "cogs": 15852000,
      "rd": 812000,
      "sga": 5610000,
      "fcf": 51000,
      "ocf": 2296000,
      "capex": -2245000,
      "gross_margin": 0.3104528252642568,
      "op_margin": 0.031101831310626823,
      "fcf_margin": 0.0022184523032754795,
      "incr_op_margin_yoy": -0.21690590111642744,
      "rev_growth_yoy": 0.08911313246162593,
      "rev_growth_yoy_accel": -0.47357940211266786,
      "fcf_margin_change": -0.0847289514380214
    },
    {
      "date": "2023-01-31T00:00:00",
      "quarter_label": "2023-01 (Q1)",
      "revenue": 18343000,
      "gross_profit": 5086000,
      "operating_income": -1169000,
      "net_income": -1162000,
      "opex": 6255000,
      "cogs": 13257000,
      "rd": 961000,
      "sga": 5294000,
      "fcf": -241000,
      "ocf": 889000,
      "capex": -1130000,
      "gross_margin": 0.277271983863054,
      "op_margin": -0.06373003325519272,
      "fcf_margin": -0.013138526958512784,
      "incr_op_margin_yoy": -0.5663157894736842,
      "rev_growth_yoy": 0.08422981439886511,
      "rev_growth_yoy_accel": -0.004883318062760822,
      "fcf_margin_change": -0.015356979261788264
    },
    {
      "date": "2023-04-30T00:00:00",
      "quarter_label": "2023-04 (Q2)",
      "revenue": 22298000,
      "gross_profit": 6120000,
      "operating_income": 489000,
      "net_income": 581000,
      "opex": 5631000,
      "cogs": 16178000,
      "rd": 882000,
      "sga": 4749000,
      "fcf": 1162000,
      "ocf": 1335000,
      "capex": -173000,
      "gross_margin": 0.27446407749573953,
      "op_margin": 0.021930217956767424,
      "fcf_margin": 0.052112297067001524,
      "rev_growth_yoy": 0.03687514531504301,
      "rev_growth_yoy_accel": -0.0473546690838221,
      "op_leverage_ratio": Infinity,
      "fcf_margin_change": 0.06525082402551431
    },
    {
      "date": "2023-07-31T00:00:00",
      "quarter_label": "2023-07 (Q3)",
      "revenue": 15652000,
      "gross_profit": 3824000,
      "operating_income": -2010000,
      "net_income": -1645000,
      "opex": 5834000,
      "cogs": 11828000,
      "rd": 690000,
      "sga": 5144000,
      "fcf": -658000,
      "ocf": 350000,
      "capex": -1008000,
      "gross_margin": 0.24431382570917454,
      "op_margin": -0.1284180935343726,
      "fcf_margin": -0.04203935599284436,
      "incr_op_margin_yoy": 0.37826617826617825,
      "rev_growth_yoy": -0.3435114503816794,
      "rev_growth_yoy_accel": -0.3803865956967224,
      "fcf_margin_change": -0.09415165305984588
    },
    {
      "date": "2023-10-31T00:00:00",
      "quarter_label": "2023-10 (Q4)",
      "revenue": 15874000,
      "gross_profit": 4506000,
      "operating_income": -1107000,
      "net_income": -852000,
      "opex": 5613000,
      "cogs": 11368000,
      "rd": 616000,
      "sga": 4997000,
      "fcf": 1439000,
      "ocf": 1611000,
      "capex": -172000,
      "gross_margin": 0.2838604006551594,
      "op_margin": -0.06973667632606778,
      "fcf_margin": 0.0906513796144639,
      "incr_op_margin_yoy": 0.2560787069571328,
      "rev_growth_yoy": -0.30949584583931444,
      "rev_growth_yoy_accel": 0.03401560454236496,
      "op_leverage_ratio": Infinity,
      "fcf_margin_change": 0.13269073560730826
    },
    {
      "date": "2024-01-31T00:00:00",
      "quarter_label": "2024-01 (Q1)",
      "revenue": 13458000,
      "gross_profit": 3303000,
      "operating_income": -2085000,
      "net_income": -1362000,
      "opex": 5388000,
      "cogs": 10155000,
      "rd": 769000,
      "sga": 4619000,
      "fcf": 697000,
      "ocf": 840000,
      "capex": -143000,
      "gross_margin": 0.2454302273740526,
      "op_margin": -0.15492643780650914,
      "fcf_margin": 0.05179075642740377,
      "incr_op_margin_yoy": 0.18751279426816786,
      "rev_growth_yoy": -0.26631412527939813,
      "rev_growth_yoy_accel": 0.043181720559916315,
      "fcf_margin_change": -0.03886062318706013
    },
    {
      "date": "2024-04-30T00:00:00",
      "quarter_label": "2024-04 (Q2)",
      "revenue": 16110000,
      "gross_profit": 4824000,
      "operating_income": -415000,
      "net_income": -4294000,
      "opex": 5239000,
      "cogs": 11286000,
      "rd": 637000,
      "sga": 4602000,
      "fcf": 28000,
      "ocf": 197000,
      "capex": -169000,
      "gross_margin": 0.2994413407821229,
      "op_margin": -0.025760397268777158,
      "fcf_margin": 0.0017380509000620731,
      "incr_op_margin_yoy": 0.14608920491273433,
      "rev_growth_yoy": -0.2775136783568033,
      "rev_growth_yoy_accel": -0.011199553077405167,
      "op_leverage_ratio": Infinity,
      "fcf_margin_change": -0.0500527055273417
    },
    {
      "date": "2024-07-31T00:00:00",
      "quarter_label": "2024-07 (Q3)",
      "revenue": 16836000,
      "gross_profit": 4961000,
      "operating_income": -419000,
      "net_income": -705000,
      "opex": 5380000,
      "cogs": 11875000,
      "rd": 653000,
      "sga": 4727000,
      "fcf": 2120000,
      "ocf": 2372000,
      "capex": -252000,
      "gross_margin": 0.29466619149441675,
      "op_margin": -0.024887146590639106,
      "fcf_margin": 0.12592064623425991,
      "incr_op_margin_yoy": 1.34375,
      "rev_growth_yoy": 0.07564528494761052,
      "rev_growth_yoy_accel": 0.3531589633044138,
      "op_leverage_ratio": 1.6744429916663364,
      "fcf_margin_change": 0.12418259533419784
    },
    {
      "date": "2024-10-31T00:00:00",
      "quarter_label": "2024-10 (Q4)",
      "revenue": 18453000,
      "gross_profit": 5783000,
      "operating_income": 96000,
      "net_income": -238000,
      "opex": 5687000,
      "cogs": 12670000,
      "rd": 723000,
      "sga": 4964000,
      "fcf": -418000,
      "ocf": -244000,
      "capex": -174000,
      "gross_margin": 0.3133907765674958,
      "op_margin": 0.005202406112827182,
      "fcf_margin": -0.022652143282935026,
      "incr_op_margin_yoy": 0.4664598681659558,
      "rev_growth_yoy": 0.16246692705052287,
      "rev_growth_yoy_accel": 0.08682164210291235,
      "op_leverage_ratio": 1.6831196992949033,
      "fcf_margin_change": -0.14857278951719494
    },
    {
      "date": "2025-01-31T00:00:00",
      "quarter_label": "2025-01 (Q1)",
      "revenue": 19200000,
      "gross_profit": 5717000,
      "operating_income": 56000,
      "net_income": -245000,
      "opex": 5661000,
      "cogs": 13483000,
      "rd": 682000,
      "sga": 4979000,
      "fcf": 574000,
      "ocf": 601000,
      "capex": -27000,
      "gross_margin": 0.2977604166666667,
      "op_margin": 0.002916666666666667,
      "fcf_margin": 0.029895833333333333,
      "incr_op_margin_yoy": 0.37286659700452807,
      "rev_growth_yoy": 0.42666072224699064,
      "rev_growth_yoy_accel": 0.2641937951964678,
      "op_leverage_ratio": Infinity,
      "fcf_margin_change": 0.05254797661626836
    },
    {
      "date": "2025-04-30T00:00:00",
      "quarter_label": "2025-04 (Q2)",
      "revenue": 18910000,
      "gross_profit": 5950000,
      "operating_income": 106000,
      "net_income": -245000,
      "opex": 5844000,
      "cogs": 12960000,
      "rd": 683000,
      "sga": 5161000,
      "fcf": 2157000,
      "ocf": 2191000,
      "capex": -34000,
      "gross_margin": 0.31464833421470123,
      "op_margin": 0.005605499735589635,
      "fcf_margin": 0.11406663141195135,
      "incr_op_margin_yoy": 0.18607142857142858,
      "rev_growth_yoy": 0.17380509000620734,
      "rev_growth_yoy_accel": -0.25285563224078333,
      "fcf_margin_change": 0.08417079807861802
    },
    {
      "date": "2025-07-31T00:00:00",
      "quarter_label": "2025-07 (Q3)",
      "revenue": 19790000,
      "gross_profit": 6719000,
      "operating_income": 719000,
      "net_income": 392000,
      "opex": 5999000,
      "cogs": 13071000,
      "rd": 759000,
      "sga": 5240000,
      "fcf": -419000,
      "ocf": -311000,
      "capex": -108000,
      "gross_margin": 0.3395149065184437,
      "op_margin": 0.03633148054573017,
      "fcf_margin": -0.02117230924709449,
      "incr_op_margin_yoy": 0.3852403520649966,
      "rev_growth_yoy": 0.17545735329056783,
      "rev_growth_yoy_accel": 0.0016522632843604945,
      "op_leverage_ratio": 1.7545657699459238,
      "fcf_margin_change": -0.13523894065904585
    },
    {
      "date": "2025-10-31T00:00:00",
      "quarter_label": "2025-10 (Q4)",
      "revenue": 22686000,
      "gross_profit": 8350000,
      "operating_income": 903000,
      "net_income": 173000,
      "opex": 7447000,
      "cogs": 14336000,
      "rd": 858000,
      "sga": 6589000,
      "fcf": 2032000,
      "ocf": 2098000,
      "capex": -66000,
      "gross_margin": 0.3680684122366217,
      "op_margin": 0.03980428458079873,
      "fcf_margin": 0.08957066031913956,
      "incr_op_margin_yoy": 0.19064493267186391,
      "rev_growth_yoy": 0.22939359453747357,
      "rev_growth_yoy_accel": 0.05393624124690574,
      "op_leverage_ratio": 0.6062657908034361,
      "fcf_margin_change": 0.11074296956623406
    }
  ],
  "signals": [
    {
      "quarter": "2025-10 (Q4)",
      "signal": "FCF TURNED POSITIVE",
      "detail": "FCF margin: -2.1% -> +9.0%",
      "severity": "HIGH"
    },
    {
      "quarter": "2025-10 (Q4)",
      "signal": "YoY REVENUE GROWTH ACCELERATION",
      "detail": "YoY growth: +22.9% vs prior quarter YoY: +17.5% (accel: +5.4%)",
      "severity": "MEDIUM"
    },
    {
      "quarter": "2025-10 (Q4)",
      "signal": "INCREMENTAL MARGIN (YoY)",
      "detail": "YoY Incr OPM: +19.1% vs year-ago OPM: +0.5%",
      "severity": "MEDIUM"
    },
    {
      "quarter": "2025-07 (Q3)",
      "signal": "OPERATING LEVERAGE",
      "detail": "Rev growth +4.7% vs OpEx growth +2.7% (leverage: 1.8x)",
      "severity": "MEDIUM"
    },
    {
      "quarter": "2025-07 (Q3)",
      "signal": "OP MARGIN TURNED POSITIVE (YoY)",
      "detail": "Op margin: -2.5% (year-ago) -> +3.6%",
      "severity": "HIGH"
    },
    {
      "quarter": "2025-04 (Q2)",
      "signal": "FCF MARGIN EXPANSION",
      "detail": "FCF margin: +3.0% -> +11.4% (+8.4%)",
      "severity": "MEDIUM"
    },
    {
      "quarter": "2025-04 (Q2)",
      "signal": "YoY REVENUE GROWTH DECELERATION",
      "detail": "YoY growth: +17.4% vs prior quarter YoY: +42.7% (decel: -25.3%)",
      "severity": "WARNING"
    },
    {
      "quarter": "2025-04 (Q2)",
      "signal": "OP MARGIN TURNED POSITIVE (YoY)",
      "detail": "Op margin: -2.6% (year-ago) -> +0.6%",
      "severity": "HIGH"
    },
    {
      "quarter": "2025-01 (Q1)",
      "signal": "FCF TURNED POSITIVE",
      "detail": "FCF margin: -2.3% -> +3.0%",
      "severity": "HIGH"
    },
    {
      "quarter": "2025-01 (Q1)",
      "signal": "YoY REVENUE GROWTH ACCELERATION",
      "detail": "YoY growth: +42.7% vs prior quarter YoY: +16.2% (accel: +26.4%)",
      "severity": "HIGH"
    },
    {
      "quarter": "2025-01 (Q1)",
      "signal": "OP MARGIN TURNED POSITIVE (YoY)",
      "detail": "Op margin: -15.5% (year-ago) -> +0.3%",
      "severity": "HIGH"
    },
    {
      "quarter": "2024-10 (Q4)",
      "signal": "OPERATING LEVERAGE",
      "detail": "Rev growth +9.6% vs OpEx growth +5.7% (leverage: 1.7x)",
      "severity": "MEDIUM"
    },
    {
      "quarter": "2024-10 (Q4)",
      "signal": "YoY REVENUE GROWTH ACCELERATION",
      "detail": "YoY growth: +16.2% vs prior quarter YoY: +7.6% (accel: +8.7%)",
      "severity": "MEDIUM"
    },
    {
      "quarter": "2024-10 (Q4)",
      "signal": "OP MARGIN TURNED POSITIVE (YoY)",
      "detail": "Op margin: -7.0% (year-ago) -> +0.5%",
      "severity": "HIGH"
    },
    {
      "quarter": "2024-10 (Q4)",
      "signal": "OP MARGIN TURNED POSITIVE (QoQ)",
      "detail": "Op margin: -2.5% -> +0.5%",
      "severity": "HIGH"
    },
    {
      "quarter": "2024-07 (Q3)",
      "signal": "FCF MARGIN EXPANSION",
      "detail": "FCF margin: +0.2% -> +12.6% (+12.4%)",
      "severity": "MEDIUM"
    },
    {
      "quarter": "2024-07 (Q3)",
      "signal": "OPERATING LEVERAGE",
      "detail": "Rev growth +4.5% vs OpEx growth +2.7% (leverage: 1.7x)",
      "severity": "MEDIUM"
    },
    {
      "quarter": "2024-07 (Q3)",
      "signal": "YoY REVENUE GROWTH ACCELERATION",
      "detail": "YoY growth: +7.6% vs prior quarter YoY: -27.8% (accel: +35.3%)",
      "severity": "HIGH"
    },
    {
      "quarter": "2024-04 (Q2)",
      "signal": "GROSS MARGIN INFLECTION",
      "detail": "GM: +28.4% -> +24.5% -> +29.9% (reversal +5.4%)",
      "severity": "HIGH"
    },
    {
      "quarter": "2023-10 (Q4)",
      "signal": "FCF TURNED POSITIVE",
      "detail": "FCF margin: -4.2% -> +9.1%",
      "severity": "HIGH"
    },
    {
      "quarter": "2023-10 (Q4)",
      "signal": "GROSS MARGIN INFLECTION",
      "detail": "GM: +27.4% -> +24.4% -> +28.4% (reversal +4.0%)",
      "severity": "MEDIUM"
    },
    {
      "quarter": "2023-07 (Q3)",
      "signal": "YoY REVENUE GROWTH DECELERATION",
      "detail": "YoY growth: -34.4% vs prior quarter YoY: +3.7% (decel: -38.0%)",
      "severity": "WARNING"
    },
    {
      "quarter": "2023-04 (Q2)",
      "signal": "FCF TURNED POSITIVE",
      "detail": "FCF margin: -1.3% -> +5.2%",
      "severity": "HIGH"
    },
    {
      "quarter": "2023-04 (Q2)",
      "signal": "OP MARGIN TURNED POSITIVE (QoQ)",
      "detail": "Op margin: -6.4% -> +2.2%",
      "severity": "HIGH"
    },
    {
      "quarter": "2022-10 (Q4)",
      "signal": "YoY REVENUE GROWTH DECELERATION",
      "detail": "YoY growth: +8.9% vs prior quarter YoY: +56.3% (decel: -47.4%)",
      "severity": "WARNING"
    },
    {
      "quarter": "2022-07 (Q3)",
      "signal": "FCF TURNED POSITIVE",
      "detail": "FCF margin: -11.0% -> +8.7%",
      "severity": "HIGH"
    },
    {
      "quarter": "2022-07 (Q3)",
      "signal": "YoY REVENUE GROWTH DECELERATION",
      "detail": "YoY growth: +56.3% vs prior quarter YoY: +94.5% (decel: -38.2%)",
      "severity": "WARNING"
    },
    {
      "quarter": "2022-04 (Q2)",
      "signal": "GROSS MARGIN INFLECTION",
      "detail": "GM: +25.3% -> +24.1% -> +28.3% (reversal +4.1%)",
      "severity": "MEDIUM"
    },
    {
      "quarter": "2022-04 (Q2)",
      "signal": "YoY REVENUE GROWTH ACCELERATION",
      "detail": "YoY growth: +94.5% vs prior quarter YoY: +69.1% (accel: +25.3%)",
      "severity": "HIGH"
    },
    {
      "quarter": "2022-04 (Q2)",
      "signal": "OP MARGIN TURNED POSITIVE (QoQ)",
      "detail": "Op margin: -2.1% -> +3.5%",
      "severity": "HIGH"
    },
    {
      "quarter": "2021-10 (Q4)",
      "signal": "FCF TURNED POSITIVE",
      "detail": "FCF margin: -14.9% -> +2.1%",
      "severity": "HIGH"
    },
    {
      "quarter": "2021-10 (Q4)",
      "signal": "OPERATING LEVERAGE",
      "detail": "Rev growth +38.3% vs OpEx growth +9.0% (leverage: 4.3x)",
      "severity": "MEDIUM"
    },
    {
      "quarter": "2021-04 (Q2)",
      "signal": "OP MARGIN TURNED POSITIVE (QoQ)",
      "detail": "Op margin: -5.9% -> +24.3%",
      "severity": "HIGH"
    }
  ],
  "data_quality": {
    "n_quarters": 20,
    "coverage": {
      "revenue": [
        20,
        20
      ],
      "gross_profit": [
        20,
        20
      ],
      "op_income": [
        20,
        20
      ],
      "fcf": [
        20,
        20
      ]
    },
    "gaps": [],
    "warnings": []
  },
  "market_cap": null,
  "source": "SEC EDGAR",
  "last_updated": "2026-02-02T23:17:29.046880"
}