{
  "ticker": "RGEN",
  "name": "REPLIGEN CORP",
  "quarters": [
    {
      "date": "2020-12-31T00:00:00",
      "quarter_label": "2020-12 (Q4)",
      "revenue": 108648000,
      "gross_profit": 60485000,
      "operating_income": 17419000,
      "net_income": 19698000,
      "opex": 91229000,
      "cogs": 48163000,
      "rd": 6722000,
      "sga": 36344000,
      "fcf": 3483000,
      "ocf": 14871000,
      "capex": -11388000,
      "gross_margin": 0.5567060599366762,
      "op_margin": 0.16032508651792945,
      "fcf_margin": 0.03205765407554672
    },
    {
      "date": "2021-03-31T00:00:00",
      "quarter_label": "2021-03 (Q1)",
      "revenue": 142837000,
      "gross_profit": 83090000,
      "operating_income": 36383000,
      "net_income": 29450000,
      "opex": 106454000,
      "cogs": 59747000,
      "rd": 7612000,
      "sga": 39095000,
      "fcf": 1678000,
      "ocf": 9262000,
      "capex": -7584000,
      "gross_margin": 0.5817120213950167,
      "op_margin": 0.254716915085027,
      "fcf_margin": 0.011747656419555157,
      "op_leverage_ratio": 1.885559646439311,
      "fcf_margin_change": -0.020309997655991563
    },
    {
      "date": "2021-06-30T00:00:00",
      "quarter_label": "2021-06 (Q2)",
      "revenue": 162960000,
      "gross_profit": 100970000,
      "operating_income": 48240000,
      "net_income": 36233000,
      "opex": 114720000,
      "cogs": 61990000,
      "rd": 8389000,
      "sga": 44341000,
      "fcf": 21157000,
      "ocf": 37651000,
      "capex": -16494000,
      "gross_margin": 0.6195999018163967,
      "op_margin": 0.2960235640648012,
      "fcf_margin": 0.12982940598919981,
      "op_leverage_ratio": 1.8143396464727803,
      "fcf_margin_change": 0.11808174956964465
    },
    {
      "date": "2021-09-30T00:00:00",
      "quarter_label": "2021-09 (Q3)",
      "revenue": 178216000,
      "gross_profit": 102721000,
      "operating_income": 45194000,
      "net_income": 33498000,
      "opex": 133022000,
      "cogs": 75495000,
      "rd": 9154000,
      "sga": 48373000,
      "fcf": 11592000,
      "ocf": 22483000,
      "capex": -10891000,
      "gross_margin": 0.5763848363783274,
      "op_margin": 0.25359114782062214,
      "fcf_margin": 0.06504466490101898,
      "op_leverage_ratio": 0.5868137092463881,
      "fcf_margin_change": -0.06478474108818083
    },
    {
      "date": "2021-12-31T00:00:00",
      "quarter_label": "2021-12 (Q4)",
      "revenue": 186521000,
      "gross_profit": 104473000,
      "operating_income": 37432000,
      "net_income": 29110000,
      "opex": 149089000,
      "cogs": 82048000,
      "rd": 9119000,
      "sga": 52057000,
      "fcf": 17500000,
      "ocf": 49620000,
      "capex": -32120000,
      "gross_margin": 0.5601138745771254,
      "op_margin": 0.20068517754033058,
      "fcf_margin": 0.09382321561647214,
      "incr_op_margin_yoy": 0.2569953642469148,
      "rev_growth_yoy": 0.7167458213680877,
      "op_leverage_ratio": 0.38581723516211697,
      "fcf_margin_change": 0.028778550715453155
    },
    {
      "date": "2022-03-31T00:00:00",
      "quarter_label": "2022-03 (Q1)",
      "revenue": 206400000,
      "gross_profit": 124044000,
      "operating_income": 60000000,
      "net_income": 46964000,
      "opex": 146400000,
      "cogs": 82356000,
      "rd": 12155000,
      "sga": 54300000,
      "fcf": -4091000,
      "ocf": 23113000,
      "capex": -27204000,
      "gross_margin": 0.6009883720930232,
      "op_margin": 0.29069767441860467,
      "fcf_margin": -0.019820736434108525,
      "incr_op_margin_yoy": 0.3715526328209808,
      "rev_growth_yoy": 0.44500374552811944,
      "rev_growth_yoy_accel": -0.2717420758399683,
      "op_leverage_ratio": Infinity,
      "fcf_margin_change": -0.11364395205058067
    },
    {
      "date": "2022-06-30T00:00:00",
      "quarter_label": "2022-06 (Q2)",
      "revenue": 207633000,
      "gross_profit": 121373000,
      "operating_income": 63168000,
      "net_income": 49861000,
      "opex": 144465000,
      "cogs": 86260000,
      "rd": 10440000,
      "sga": 54649000,
      "fcf": 20349000,
      "ocf": 45721000,
      "capex": -25372000,
      "gross_margin": 0.5845554415723897,
      "op_margin": 0.30422909653089825,
      "fcf_margin": 0.0980046524396411,
      "incr_op_margin_yoy": 0.33416157410516417,
      "rev_growth_yoy": 0.27413475699558176,
      "rev_growth_yoy_accel": -0.17086898853253768,
      "fcf_margin_change": 0.11782538887374963
    },
    {
      "date": "2022-09-30T00:00:00",
      "quarter_label": "2022-09 (Q3)",
      "revenue": 200741000,
      "gross_profit": 114227000,
      "operating_income": 52665000,
      "net_income": 40405000,
      "opex": 148076000,
      "cogs": 86514000,
      "rd": 10228000,
      "sga": 53643000,
      "fcf": 29553000,
      "ocf": 41367000,
      "capex": -11814000,
      "gross_margin": 0.5690267558695035,
      "op_margin": 0.2623529822009455,
      "fcf_margin": 0.14721955156146477,
      "incr_op_margin_yoy": 0.33167591564927856,
      "rev_growth_yoy": 0.1263915697804911,
      "rev_growth_yoy_accel": -0.14774318721509067,
      "fcf_margin_change": 0.04921489912182367
    },
    {
      "date": "2022-12-31T00:00:00",
      "quarter_label": "2022-12 (Q4)",
      "revenue": 186762000,
      "gross_profit": 96062000,
      "operating_income": 48837000,
      "net_income": 48729000,
      "opex": 137925000,
      "cogs": 90700000,
      "rd": 11113000,
      "sga": 53237000,
      "fcf": 41438000,
      "ocf": 61882000,
      "capex": -20444000,
      "gross_margin": 0.5143551686103168,
      "op_margin": 0.2614932373823369,
      "fcf_margin": 0.22187597048650154,
      "rev_growth_yoy": 0.0012920797122039879,
      "rev_growth_yoy_accel": -0.1250994900682871,
      "fcf_margin_change": 0.07465641892503677
    },
    {
      "date": "2023-03-31T00:00:00",
      "quarter_label": "2023-03 (Q1)",
      "revenue": 182660000,
      "gross_profit": 100815000,
      "operating_income": 31256000,
      "net_income": 28829000,
      "opex": 151404000,
      "cogs": 81845000,
      "rd": 12154000,
      "sga": 56170000,
      "fcf": 2645000,
      "ocf": 11154000,
      "capex": -8509000,
      "gross_margin": 0.5519270776305705,
      "op_margin": 0.1711157341508814,
      "fcf_margin": 0.014480455491076316,
      "incr_op_margin_yoy": 1.2107834877843302,
      "rev_growth_yoy": -0.11501937984496124,
      "rev_growth_yoy_accel": -0.11631145955716524,
      "fcf_margin_change": -0.20739551499542522
    },
    {
      "date": "2023-06-30T00:00:00",
      "quarter_label": "2023-06 (Q2)",
      "revenue": 159169000,
      "gross_profit": 79862000,
      "operating_income": 19399000,
      "net_income": 20064000,
      "opex": 139770000,
      "cogs": 79307000,
      "rd": 9706000,
      "sga": 48966000,
      "fcf": 26228000,
      "ocf": 34468000,
      "capex": -8240000,
      "gross_margin": 0.5017434299392469,
      "op_margin": 0.12187674735658326,
      "fcf_margin": 0.1647808304380878,
      "incr_op_margin_yoy": 0.9031239683063718,
      "rev_growth_yoy": -0.23341183723203923,
      "rev_growth_yoy_accel": -0.11839245738707799,
      "fcf_margin_change": 0.15030037494701148
    },
    {
      "date": "2023-09-30T00:00:00",
      "quarter_label": "2023-09 (Q3)",
      "revenue": 141192000,
      "gross_profit": 36558000,
      "operating_income": 4808000,
      "net_income": 18172000,
      "opex": 136384000,
      "cogs": 104634000,
      "rd": 10577000,
      "sga": 55465000,
      "fcf": 30845000,
      "ocf": 39231000,
      "capex": -8386000,
      "gross_margin": 0.2589240183579806,
      "op_margin": 0.034052920845373674,
      "fcf_margin": 0.2184613859142161,
      "incr_op_margin_yoy": 0.8036574921493224,
      "rev_growth_yoy": -0.2966459268410539,
      "rev_growth_yoy_accel": -0.06323408960901467,
      "fcf_margin_change": 0.053680555476128294
    },
    {
      "date": "2023-12-31T00:00:00",
      "quarter_label": "2023-12 (Q4)",
      "revenue": 155743000,
      "gross_profit": 67607000,
      "operating_income": -887000,
      "net_income": -25488000,
      "opex": 156630000,
      "cogs": 88136000,
      "rd": 10285000,
      "sga": 57512000,
      "fcf": 17978000,
      "ocf": 29065000,
      "capex": -11087000,
      "gross_margin": 0.4340933460893909,
      "op_margin": -0.005695280044689007,
      "fcf_margin": 0.11543375946270458,
      "incr_op_margin_yoy": 1.6030175053999163,
      "rev_growth_yoy": -0.1660883905719579,
      "rev_growth_yoy_accel": 0.130557536269096,
      "op_leverage_ratio": 0.6942356983492526,
      "fcf_margin_change": -0.10302762645151152
    },
    {
      "date": "2024-03-31T00:00:00",
      "quarter_label": "2024-03 (Q1)",
      "revenue": 151346000,
      "gross_profit": 74955000,
      "operating_income": 2031000,
      "net_income": 2094000,
      "opex": 149315000,
      "cogs": 76391000,
      "rd": 11238000,
      "sga": 61686000,
      "fcf": 36362000,
      "ocf": 44708000,
      "capex": -8346000,
      "gross_margin": 0.4952559036908805,
      "op_margin": 0.013419581620921597,
      "fcf_margin": 0.24025742338746978,
      "incr_op_margin_yoy": 0.9332886248962126,
      "rev_growth_yoy": -0.17143326398773678,
      "rev_growth_yoy_accel": -0.0053448734157788835,
      "fcf_margin_change": 0.1248236639247652
    },
    {
      "date": "2024-06-30T00:00:00",
      "quarter_label": "2024-06 (Q2)",
      "revenue": 154073000,
      "gross_profit": 76759000,
      "operating_income": 1487000,
      "net_income": 3321000,
      "opex": 152586000,
      "cogs": 77314000,
      "rd": 10575000,
      "sga": 64697000,
      "fcf": 37382000,
      "ocf": 42190000,
      "capex": -4808000,
      "gross_margin": 0.49819890571352543,
      "op_margin": 0.009651269203559352,
      "fcf_margin": 0.24262524907024594,
      "incr_op_margin_yoy": 3.5149136577708004,
      "rev_growth_yoy": -0.032016284578027125,
      "rev_growth_yoy_accel": 0.13941697940970965,
      "op_leverage_ratio": 0.822502232014597,
      "fcf_margin_change": 0.002367825682776159
    },
    {
      "date": "2024-09-30T00:00:00",
      "quarter_label": "2024-09 (Q3)",
      "revenue": 154871000,
      "gross_profit": 77488000,
      "operating_income": -7832000,
      "net_income": -654000,
      "opex": 162703000,
      "cogs": 77383000,
      "rd": 9710000,
      "sga": 75610000,
      "fcf": 42337000,
      "ocf": 49320000,
      "capex": -6983000,
      "gross_margin": 0.5003389918060838,
      "op_margin": -0.05057112048091637,
      "fcf_margin": 0.27336944941273705,
      "incr_op_margin_yoy": -0.9240441552745083,
      "rev_growth_yoy": 0.09688225961810867,
      "rev_growth_yoy_accel": 0.1288985441961358,
      "fcf_margin_change": 0.030744200342491118
    },
    {
      "date": "2024-12-31T00:00:00",
      "quarter_label": "2024-12 (Q4)",
      "revenue": 167547000,
      "gross_profit": 38841000,
      "operating_income": -36501000,
      "net_income": -33869000,
      "opex": 204048000,
      "cogs": 128706000,
      "rd": 11677000,
      "sga": 60474000,
      "fcf": 33636000,
      "ocf": 39176000,
      "capex": -5540000,
      "gross_margin": 0.23182151873802576,
      "op_margin": -0.2178552883668463,
      "fcf_margin": 0.2007556088739279,
      "incr_op_margin_yoy": -3.0171128431040324,
      "rev_growth_yoy": 0.07579152835119396,
      "rev_growth_yoy_accel": -0.021090731266914714,
      "op_leverage_ratio": 0.32209552601804564,
      "fcf_margin_change": -0.07261384053880915
    },
    {
      "date": "2025-03-31T00:00:00",
      "quarter_label": "2025-03 (Q1)",
      "revenue": 169172000,
      "gross_profit": 90757000,
      "operating_income": 6578000,
      "net_income": 5830000,
      "opex": 162594000,
      "cogs": 78415000,
      "rd": 12924000,
      "sga": 71255000,
      "fcf": 11442000,
      "ocf": 15005000,
      "capex": -3563000,
      "gross_margin": 0.5364776676991464,
      "op_margin": 0.0388835031801953,
      "fcf_margin": 0.06763530607902017,
      "incr_op_margin_yoy": 0.25507685403343433,
      "rev_growth_yoy": 0.11778309304507552,
      "rev_growth_yoy_accel": 0.04199156469388156,
      "fcf_margin_change": -0.13312030279490772
    },
    {
      "date": "2025-06-30T00:00:00",
      "quarter_label": "2025-06 (Q2)",
      "revenue": 182366000,
      "gross_profit": 91142000,
      "operating_income": 13896000,
      "net_income": 14866000,
      "opex": 168470000,
      "cogs": 91224000,
      "rd": 13958000,
      "sga": 71227000,
      "fcf": 21508000,
      "ocf": 28609000,
      "capex": -7101000,
      "gross_margin": 0.49977517739052235,
      "op_margin": 0.07619841417808144,
      "fcf_margin": 0.117938650845004,
      "incr_op_margin_yoy": 0.438589050295126,
      "rev_growth_yoy": 0.18363373206207448,
      "rev_growth_yoy_accel": 0.06585063901699896,
      "op_leverage_ratio": 2.158095823526294,
      "fcf_margin_change": 0.05030334476598383
    },
    {
      "date": "2025-09-30T00:00:00",
      "quarter_label": "2025-09 (Q3)",
      "revenue": 188805000,
      "gross_profit": 100515000,
      "operating_income": 16825000,
      "net_income": 14911000,
      "opex": 171980000,
      "cogs": 88290000,
      "rd": 14175000,
      "sga": 73663000,
      "fcf": 43397000,
      "ocf": 48099000,
      "capex": -4702000,
      "gross_margin": 0.5323746722809247,
      "op_margin": 0.0891131061147745,
      "fcf_margin": 0.2298509043722359,
      "incr_op_margin_yoy": 0.7266163729592738,
      "rev_growth_yoy": 0.21911138947898573,
      "rev_growth_yoy_accel": 0.03547765741691125,
      "op_leverage_ratio": 1.6946890060134852,
      "fcf_margin_change": 0.1119122535272319
    }
  ],
  "signals": [
    {
      "quarter": "2025-09 (Q3)",
      "signal": "FCF MARGIN EXPANSION",
      "detail": "FCF margin: +11.8% -> +23.0% (+11.2%)",
      "severity": "MEDIUM"
    },
    {
      "quarter": "2025-09 (Q3)",
      "signal": "OPERATING LEVERAGE",
      "detail": "Rev growth +3.5% vs OpEx growth +2.1% (leverage: 1.7x)",
      "severity": "MEDIUM"
    },
    {
      "quarter": "2025-09 (Q3)",
      "signal": "GROSS MARGIN INFLECTION",
      "detail": "GM: +53.6% -> +50.0% -> +53.2% (reversal +3.3%)",
      "severity": "MEDIUM"
    },
    {
      "quarter": "2025-09 (Q3)",
      "signal": "OP MARGIN TURNED POSITIVE (YoY)",
      "detail": "Op margin: -5.1% (year-ago) -> +8.9%",
      "severity": "HIGH"
    },
    {
      "quarter": "2025-06 (Q2)",
      "signal": "FCF MARGIN EXPANSION",
      "detail": "FCF margin: +6.8% -> +11.8% (+5.0%)",
      "severity": "MEDIUM"
    },
    {
      "quarter": "2025-06 (Q2)",
      "signal": "OPERATING LEVERAGE",
      "detail": "Rev growth +7.8% vs OpEx growth +3.6% (leverage: 2.2x)",
      "severity": "MEDIUM"
    },
    {
      "quarter": "2025-06 (Q2)",
      "signal": "YoY REVENUE GROWTH ACCELERATION",
      "detail": "YoY growth: +18.4% vs prior quarter YoY: +11.8% (accel: +6.6%)",
      "severity": "MEDIUM"
    },
    {
      "quarter": "2025-06 (Q2)",
      "signal": "INCREMENTAL MARGIN (YoY)",
      "detail": "YoY Incr OPM: +43.9% vs year-ago OPM: +1.0%",
      "severity": "HIGH"
    },
    {
      "quarter": "2025-03 (Q1)",
      "signal": "GROSS MARGIN INFLECTION",
      "detail": "GM: +50.0% -> +23.2% -> +53.6% (reversal +30.5%)",
      "severity": "HIGH"
    },
    {
      "quarter": "2025-03 (Q1)",
      "signal": "INCREMENTAL MARGIN (YoY)",
      "detail": "YoY Incr OPM: +25.5% vs year-ago OPM: +1.3%",
      "severity": "HIGH"
    },
    {
      "quarter": "2025-03 (Q1)",
      "signal": "OP MARGIN TURNED POSITIVE (QoQ)",
      "detail": "Op margin: -21.8% -> +3.9%",
      "severity": "HIGH"
    },
    {
      "quarter": "2024-09 (Q3)",
      "signal": "YoY REVENUE GROWTH ACCELERATION",
      "detail": "YoY growth: +9.7% vs prior quarter YoY: -3.2% (accel: +12.9%)",
      "severity": "MEDIUM"
    },
    {
      "quarter": "2024-06 (Q2)",
      "signal": "YoY REVENUE GROWTH ACCELERATION",
      "detail": "YoY growth: -3.2% vs prior quarter YoY: -17.1% (accel: +13.9%)",
      "severity": "MEDIUM"
    },
    {
      "quarter": "2024-06 (Q2)",
      "signal": "INCREMENTAL MARGIN (YoY)",
      "detail": "YoY Incr OPM: +351.5% vs year-ago OPM: +12.2%",
      "severity": "HIGH"
    },
    {
      "quarter": "2024-03 (Q1)",
      "signal": "FCF MARGIN EXPANSION",
      "detail": "FCF margin: +11.5% -> +24.0% (+12.5%)",
      "severity": "MEDIUM"
    },
    {
      "quarter": "2024-03 (Q1)",
      "signal": "INCREMENTAL MARGIN (YoY)",
      "detail": "YoY Incr OPM: +93.3% vs year-ago OPM: +17.1%",
      "severity": "HIGH"
    },
    {
      "quarter": "2024-03 (Q1)",
      "signal": "OP MARGIN TURNED POSITIVE (QoQ)",
      "detail": "Op margin: -0.6% -> +1.3%",
      "severity": "HIGH"
    },
    {
      "quarter": "2023-12 (Q4)",
      "signal": "GROSS MARGIN INFLECTION",
      "detail": "GM: +50.2% -> +25.9% -> +43.4% (reversal +17.5%)",
      "severity": "HIGH"
    },
    {
      "quarter": "2023-12 (Q4)",
      "signal": "YoY REVENUE GROWTH ACCELERATION",
      "detail": "YoY growth: -16.6% vs prior quarter YoY: -29.7% (accel: +13.1%)",
      "severity": "MEDIUM"
    },
    {
      "quarter": "2023-09 (Q3)",
      "signal": "FCF MARGIN EXPANSION",
      "detail": "FCF margin: +16.5% -> +21.8% (+5.4%)",
      "severity": "MEDIUM"
    },
    {
      "quarter": "2023-09 (Q3)",
      "signal": "YoY REVENUE GROWTH DECELERATION",
      "detail": "YoY growth: -29.7% vs prior quarter YoY: -23.3% (decel: -6.3%)",
      "severity": "WARNING"
    },
    {
      "quarter": "2023-09 (Q3)",
      "signal": "INCREMENTAL MARGIN (YoY)",
      "detail": "YoY Incr OPM: +80.4% vs year-ago OPM: +26.2%",
      "severity": "HIGH"
    },
    {
      "quarter": "2023-06 (Q2)",
      "signal": "FCF MARGIN EXPANSION",
      "detail": "FCF margin: +1.4% -> +16.5% (+15.0%)",
      "severity": "MEDIUM"
    },
    {
      "quarter": "2023-06 (Q2)",
      "signal": "YoY REVENUE GROWTH DECELERATION",
      "detail": "YoY growth: -23.3% vs prior quarter YoY: -11.5% (decel: -11.8%)",
      "severity": "WARNING"
    },
    {
      "quarter": "2023-06 (Q2)",
      "signal": "INCREMENTAL MARGIN (YoY)",
      "detail": "YoY Incr OPM: +90.3% vs year-ago OPM: +30.4%",
      "severity": "HIGH"
    },
    {
      "quarter": "2023-03 (Q1)",
      "signal": "GROSS MARGIN INFLECTION",
      "detail": "GM: +56.9% -> +51.4% -> +55.2% (reversal +3.8%)",
      "severity": "MEDIUM"
    },
    {
      "quarter": "2023-03 (Q1)",
      "signal": "YoY REVENUE GROWTH DECELERATION",
      "detail": "YoY growth: -11.5% vs prior quarter YoY: +0.1% (decel: -11.6%)",
      "severity": "WARNING"
    },
    {
      "quarter": "2023-03 (Q1)",
      "signal": "INCREMENTAL MARGIN (YoY)",
      "detail": "YoY Incr OPM: +121.1% vs year-ago OPM: +29.1%",
      "severity": "HIGH"
    },
    {
      "quarter": "2022-12 (Q4)",
      "signal": "FCF MARGIN EXPANSION",
      "detail": "FCF margin: +14.7% -> +22.2% (+7.5%)",
      "severity": "MEDIUM"
    },
    {
      "quarter": "2022-12 (Q4)",
      "signal": "YoY REVENUE GROWTH DECELERATION",
      "detail": "YoY growth: +0.1% vs prior quarter YoY: +12.6% (decel: -12.5%)",
      "severity": "WARNING"
    },
    {
      "quarter": "2022-09 (Q3)",
      "signal": "YoY REVENUE GROWTH DECELERATION",
      "detail": "YoY growth: +12.6% vs prior quarter YoY: +27.4% (decel: -14.8%)",
      "severity": "WARNING"
    },
    {
      "quarter": "2022-06 (Q2)",
      "signal": "FCF TURNED POSITIVE",
      "detail": "FCF margin: -2.0% -> +9.8%",
      "severity": "HIGH"
    },
    {
      "quarter": "2022-06 (Q2)",
      "signal": "YoY REVENUE GROWTH DECELERATION",
      "detail": "YoY growth: +27.4% vs prior quarter YoY: +44.5% (decel: -17.1%)",
      "severity": "WARNING"
    },
    {
      "quarter": "2022-03 (Q1)",
      "signal": "GROSS MARGIN INFLECTION",
      "detail": "GM: +57.6% -> +56.0% -> +60.1% (reversal +4.1%)",
      "severity": "MEDIUM"
    },
    {
      "quarter": "2022-03 (Q1)",
      "signal": "YoY REVENUE GROWTH DECELERATION",
      "detail": "YoY growth: +44.5% vs prior quarter YoY: +71.7% (decel: -27.2%)",
      "severity": "WARNING"
    },
    {
      "quarter": "2022-03 (Q1)",
      "signal": "INCREMENTAL MARGIN (YoY)",
      "detail": "YoY Incr OPM: +37.2% vs year-ago OPM: +25.5%",
      "severity": "MEDIUM"
    },
    {
      "quarter": "2021-06 (Q2)",
      "signal": "FCF MARGIN EXPANSION",
      "detail": "FCF margin: +1.2% -> +13.0% (+11.8%)",
      "severity": "MEDIUM"
    },
    {
      "quarter": "2021-06 (Q2)",
      "signal": "OPERATING LEVERAGE",
      "detail": "Rev growth +14.1% vs OpEx growth +7.8% (leverage: 1.8x)",
      "severity": "MEDIUM"
    },
    {
      "quarter": "2021-03 (Q1)",
      "signal": "OPERATING LEVERAGE",
      "detail": "Rev growth +31.5% vs OpEx growth +16.7% (leverage: 1.9x)",
      "severity": "MEDIUM"
    }
  ],
  "data_quality": {
    "n_quarters": 20,
    "coverage": {
      "revenue": [
        20,
        20
      ],
      "gross_profit": [
        20,
        20
      ],
      "op_income": [
        20,
        20
      ],
      "fcf": [
        20,
        20
      ]
    },
    "gaps": [],
    "warnings": []
  },
  "market_cap": null,
  "source": "SEC EDGAR",
  "last_updated": "2026-02-02T20:41:26.146743"
}