{
  "ticker": "RGLD",
  "name": "Royal Gold, Inc.",
  "quarters": [
    {
      "date": "2020-12-31T00:00:00",
      "quarter_label": "2020-12 (Q4)",
      "revenue": 158360000,
      "gross_profit": 84239000,
      "operating_income": 77366000,
      "net_income": 59889000,
      "opex": 80994000,
      "cogs": 24859000,
      "rd": null,
      "sga": null,
      "fcf": 99912000,
      "ocf": 99912000,
      "capex": null,
      "gross_margin": 0.5319461985349836,
      "op_margin": 0.488545087143218,
      "fcf_margin": 0.6309168982066178
    },
    {
      "date": "2021-03-31T00:00:00",
      "quarter_label": "2021-03 (Q1)",
      "revenue": 142589000,
      "gross_profit": 78083000,
      "operating_income": 71057000,
      "net_income": 54026000,
      "opex": 71532000,
      "cogs": 21469000,
      "rd": null,
      "sga": null,
      "fcf": 92233000,
      "ocf": 92233000,
      "capex": null,
      "gross_margin": 0.5476088618336618,
      "op_margin": 0.4983343736192834,
      "fcf_margin": 0.6468451283058301,
      "fcf_margin_change": 0.015928230099212293
    },
    {
      "date": "2021-06-30T00:00:00",
      "quarter_label": "2021-06 (Q2)",
      "revenue": 168027000,
      "gross_profit": 93271000,
      "operating_income": 85967000,
      "net_income": 81677000,
      "opex": 82060000,
      "cogs": 24668000,
      "rd": null,
      "sga": null,
      "fcf": 120853000,
      "ocf": 120853000,
      "capex": null,
      "gross_margin": 0.5550953120629423,
      "op_margin": 0.5116261077088802,
      "fcf_margin": 0.7192475018895773,
      "op_leverage_ratio": 1.2121362275714922,
      "fcf_margin_change": 0.07240237358374724
    },
    {
      "date": "2021-09-30T00:00:00",
      "quarter_label": "2021-09 (Q3)",
      "revenue": 174431000,
      "gross_profit": 94628000,
      "operating_income": 87407000,
      "net_income": 70176000,
      "opex": 87024000,
      "cogs": 27230000,
      "rd": null,
      "sga": null,
      "fcf": 129885000,
      "ocf": 129885000,
      "capex": null,
      "gross_margin": 0.5424953133330658,
      "op_margin": 0.5010978553124158,
      "fcf_margin": 0.7446210822617539,
      "op_leverage_ratio": 0.6300456096358443,
      "fcf_margin_change": 0.02537358037217663
    },
    {
      "date": "2021-12-31T00:00:00",
      "quarter_label": "2021-12 (Q4)",
      "revenue": 168521000,
      "gross_profit": 143421000,
      "operating_income": 83956000,
      "net_income": 68163000,
      "opex": 84565000,
      "cogs": 25100000,
      "rd": null,
      "sga": null,
      "fcf": 118898000,
      "ocf": 118898000,
      "capex": null,
      "gross_margin": 0.8510571382795022,
      "op_margin": 0.49819310353012386,
      "fcf_margin": 0.7055381821850096,
      "incr_op_margin_yoy": 0.6485582127743332,
      "rev_growth_yoy": 0.06416393028542561,
      "fcf_margin_change": -0.03908290007674431
    },
    {
      "date": "2022-03-31T00:00:00",
      "quarter_label": "2022-03 (Q1)",
      "revenue": 162355000,
      "gross_profit": 89632000,
      "operating_income": 80576000,
      "net_income": 65675000,
      "opex": 81779000,
      "cogs": 22639000,
      "rd": null,
      "sga": null,
      "fcf": 101133000,
      "ocf": 101133000,
      "capex": null,
      "gross_margin": 0.5520741584798744,
      "op_margin": 0.49629515567737365,
      "fcf_margin": 0.6229127529179883,
      "incr_op_margin_yoy": 0.48158453910755844,
      "rev_growth_yoy": 0.13862219385787122,
      "rev_growth_yoy_accel": 0.07445826357244562,
      "fcf_margin_change": -0.08262542926702132
    },
    {
      "date": "2022-06-30T00:00:00",
      "quarter_label": "2022-06 (Q2)",
      "revenue": 146441000,
      "gross_profit": 77341000,
      "operating_income": 67905000,
      "net_income": 71140000,
      "opex": 78536000,
      "cogs": 23810000,
      "rd": null,
      "sga": null,
      "fcf": 120196000,
      "ocf": 120196000,
      "capex": null,
      "gross_margin": 0.5281376117344186,
      "op_margin": 0.46370210528472217,
      "fcf_margin": 0.8207810654120089,
      "incr_op_margin_yoy": 0.8367460390994163,
      "rev_growth_yoy": -0.12846744868384247,
      "rev_growth_yoy_accel": -0.2670896425417137,
      "fcf_margin_change": 0.1978683124940206
    },
    {
      "date": "2022-09-30T00:00:00",
      "quarter_label": "2022-09 (Q3)",
      "revenue": 131429000,
      "gross_profit": 69450000,
      "operating_income": 61774000,
      "net_income": 45792000,
      "opex": 69655000,
      "cogs": 23221000,
      "rd": null,
      "sga": null,
      "fcf": 94990000,
      "ocf": 94990000,
      "capex": null,
      "gross_margin": 0.5284221899276416,
      "op_margin": 0.4700180325498939,
      "fcf_margin": 0.7227476432142069,
      "incr_op_margin_yoy": 0.5960885540207432,
      "rev_growth_yoy": -0.2465272801279589,
      "rev_growth_yoy_accel": -0.11805983144411644,
      "fcf_margin_change": -0.09803342219780198
    },
    {
      "date": "2022-12-31T00:00:00",
      "quarter_label": "2022-12 (Q4)",
      "revenue": 162980000,
      "gross_profit": 86678000,
      "operating_income": 73454000,
      "net_income": 56373000,
      "opex": 89526000,
      "cogs": 24972000,
      "rd": null,
      "sga": null,
      "fcf": 101026000,
      "ocf": 101026000,
      "capex": null,
      "gross_margin": 0.5318321266413056,
      "op_margin": 0.4506933366057185,
      "fcf_margin": 0.6198674684010308,
      "incr_op_margin_yoy": 1.8953257534741021,
      "rev_growth_yoy": -0.03288017517104693,
      "rev_growth_yoy_accel": 0.21364710495691197,
      "op_leverage_ratio": 0.8415007324753813,
      "fcf_margin_change": -0.10288017481317613
    },
    {
      "date": "2023-03-31T00:00:00",
      "quarter_label": "2023-03 (Q1)",
      "revenue": 170392000,
      "gross_profit": 97169000,
      "operating_income": 86055000,
      "net_income": 63875000,
      "opex": 84337000,
      "cogs": 25020000,
      "rd": null,
      "sga": null,
      "fcf": 108655000,
      "ocf": 108655000,
      "capex": null,
      "gross_margin": 0.5702673834452322,
      "op_margin": 0.5050413164937321,
      "fcf_margin": 0.6376766514859853,
      "incr_op_margin_yoy": 0.6817220355854174,
      "rev_growth_yoy": 0.04950263311878291,
      "rev_growth_yoy_accel": 0.08238280828982984,
      "op_leverage_ratio": Infinity,
      "fcf_margin_change": 0.017809183084954494
    },
    {
      "date": "2023-06-30T00:00:00",
      "quarter_label": "2023-06 (Q2)",
      "revenue": 144042000,
      "gross_profit": 81104000,
      "operating_income": 71896000,
      "net_income": 63449000,
      "opex": 72146000,
      "cogs": 23367000,
      "rd": null,
      "sga": null,
      "fcf": 107927000,
      "ocf": 107927000,
      "capex": null,
      "gross_margin": 0.5630579969731051,
      "op_margin": 0.49913219755349136,
      "fcf_margin": 0.7492745171547187,
      "incr_op_margin_yoy": -1.6636098374322634,
      "rev_growth_yoy": -0.016382024159900574,
      "rev_growth_yoy_accel": -0.06588465727868348,
      "fcf_margin_change": 0.11159786566873342
    },
    {
      "date": "2023-09-30T00:00:00",
      "quarter_label": "2023-09 (Q3)",
      "revenue": 138617000,
      "gross_profit": 75606000,
      "operating_income": 65562000,
      "net_income": 49337000,
      "opex": 73055000,
      "cogs": 21351000,
      "rd": null,
      "sga": null,
      "fcf": 98122000,
      "ocf": 98122000,
      "capex": null,
      "gross_margin": 0.5454309355995296,
      "op_margin": 0.47297229055599244,
      "fcf_margin": 0.7078641147911151,
      "incr_op_margin_yoy": 0.526989426822482,
      "rev_growth_yoy": 0.054691126007197804,
      "rev_growth_yoy_accel": 0.07107315016709838,
      "fcf_margin_change": -0.041410402363603604
    },
    {
      "date": "2023-12-31T00:00:00",
      "quarter_label": "2023-12 (Q4)",
      "revenue": 152666000,
      "gross_profit": 89516000,
      "operating_income": 79690000,
      "net_income": 62779000,
      "opex": 72976000,
      "cogs": 20785000,
      "rd": null,
      "sga": null,
      "fcf": 101088000,
      "ocf": 101088000,
      "capex": null,
      "gross_margin": 0.5863519054668361,
      "op_margin": 0.521989178992048,
      "fcf_margin": 0.6621513631063891,
      "incr_op_margin_yoy": -0.604615086290479,
      "rev_growth_yoy": -0.06328383850779237,
      "rev_growth_yoy_accel": -0.11797496451499018,
      "op_leverage_ratio": Infinity,
      "fcf_margin_change": -0.045712751684725994
    },
    {
      "date": "2024-03-31T00:00:00",
      "quarter_label": "2024-03 (Q1)",
      "revenue": 148902000,
      "gross_profit": 87019000,
      "operating_income": 75525000,
      "net_income": 47166000,
      "opex": 73377000,
      "cogs": 21751000,
      "rd": null,
      "sga": null,
      "fcf": 138284000,
      "ocf": 138284000,
      "capex": null,
      "gross_margin": 0.5844045076627581,
      "op_margin": 0.5072127976790104,
      "fcf_margin": 0.9286913540449423,
      "incr_op_margin_yoy": 0.4899953466728711,
      "rev_growth_yoy": -0.1261209446452885,
      "rev_growth_yoy_accel": -0.06283710613749613,
      "fcf_margin_change": 0.2665399909385532
    },
    {
      "date": "2024-06-30T00:00:00",
      "quarter_label": "2024-06 (Q2)",
      "revenue": 174096000,
      "gross_profit": 112683000,
      "operating_income": 102083000,
      "net_income": 81208000,
      "opex": 72013000,
      "cogs": 24174000,
      "rd": null,
      "sga": null,
      "fcf": 113515000,
      "ocf": 113515000,
      "capex": null,
      "gross_margin": 0.647246346843121,
      "op_margin": 0.5863603988603988,
      "fcf_margin": 0.6520253193640291,
      "incr_op_margin_yoy": 1.0044253676715247,
      "rev_growth_yoy": 0.20864747781896947,
      "rev_growth_yoy_accel": 0.334768422464258,
      "op_leverage_ratio": Infinity,
      "fcf_margin_change": -0.2766660346809132
    },
    {
      "date": "2024-09-30T00:00:00",
      "quarter_label": "2024-09 (Q3)",
      "revenue": 193837000,
      "gross_profit": 129034000,
      "operating_income": 118846000,
      "net_income": 96242000,
      "opex": 74991000,
      "cogs": 27192000,
      "rd": null,
      "sga": null,
      "fcf": 136651000,
      "ocf": 136651000,
      "capex": null,
      "gross_margin": 0.6656830223331974,
      "op_margin": 0.6131233974937705,
      "fcf_margin": 0.7049789255921212,
      "incr_op_margin_yoy": 0.9649402390438248,
      "rev_growth_yoy": 0.398363837047404,
      "rev_growth_yoy_accel": 0.18971635922843455,
      "op_leverage_ratio": 2.7419944144045894,
      "fcf_margin_change": 0.05295360622809209
    },
    {
      "date": "2024-12-31T00:00:00",
      "quarter_label": "2024-12 (Q4)",
      "revenue": 202560000,
      "gross_profit": 142438000,
      "operating_income": 133444000,
      "net_income": 107408000,
      "opex": 69116000,
      "cogs": 24398000,
      "rd": null,
      "sga": null,
      "fcf": 141053000,
      "ocf": 141053000,
      "capex": null,
      "gross_margin": 0.703189178515008,
      "op_margin": 0.6587875197472354,
      "fcf_margin": 0.6963516982622433,
      "incr_op_margin_yoy": 1.0773640117048142,
      "rev_growth_yoy": 0.32681802103939317,
      "rev_growth_yoy_accel": -0.07154581600801085,
      "op_leverage_ratio": Infinity,
      "fcf_margin_change": -0.008627227329877862
    },
    {
      "date": "2025-03-31T00:00:00",
      "quarter_label": "2025-03 (Q1)",
      "revenue": 193436000,
      "gross_profit": 134254000,
      "operating_income": 123111000,
      "net_income": 113498000,
      "opex": 70325000,
      "cogs": 24506000,
      "rd": null,
      "sga": null,
      "fcf": 136369000,
      "ocf": 136369000,
      "capex": null,
      "gross_margin": 0.6940486775987924,
      "op_margin": 0.6364430612709113,
      "fcf_margin": 0.7049825265203995,
      "incr_op_margin_yoy": 1.068531908204967,
      "rev_growth_yoy": 0.2990826180978093,
      "rev_growth_yoy_accel": -0.027735402941583887,
      "fcf_margin_change": 0.008630828258156198
    },
    {
      "date": "2025-06-30T00:00:00",
      "quarter_label": "2025-06 (Q2)",
      "revenue": 209643000,
      "gross_profit": 152193000,
      "operating_income": 141840000,
      "net_income": 132349000,
      "opex": 67803000,
      "cogs": 24180000,
      "rd": null,
      "sga": null,
      "fcf": 152802000,
      "ocf": 152802000,
      "capex": null,
      "gross_margin": 0.7259627080322262,
      "op_margin": 0.6765787553126028,
      "fcf_margin": 0.7288676464274981,
      "incr_op_margin_yoy": 1.1184347483613244,
      "rev_growth_yoy": 0.20418045216432312,
      "rev_growth_yoy_accel": -0.09490216593348616,
      "op_leverage_ratio": Infinity,
      "fcf_margin_change": 0.02388511990709863
    },
    {
      "date": "2025-09-30T00:00:00",
      "quarter_label": "2025-09 (Q3)",
      "revenue": 252068000,
      "gross_profit": 185437000,
      "operating_income": 162344000,
      "net_income": 126824000,
      "opex": 89724000,
      "cogs": 31392000,
      "rd": null,
      "sga": null,
      "fcf": 173970000,
      "ocf": 173970000,
      "capex": null,
      "gross_margin": 0.7356625989812273,
      "op_margin": 0.6440484313756606,
      "fcf_margin": 0.6901709062633893,
      "incr_op_margin_yoy": 0.7469904346482115,
      "rev_growth_yoy": 0.3004122020047772,
      "rev_growth_yoy_accel": 0.09623174984045407,
      "op_leverage_ratio": 0.6259361482534019,
      "fcf_margin_change": -0.038696740164108845
    }
  ],
  "signals": [
    {
      "quarter": "2025-09 (Q3)",
      "signal": "YoY REVENUE GROWTH ACCELERATION",
      "detail": "YoY growth: +30.0% vs prior quarter YoY: +20.4% (accel: +9.6%)",
      "severity": "MEDIUM"
    },
    {
      "quarter": "2025-09 (Q3)",
      "signal": "INCREMENTAL MARGIN (YoY)",
      "detail": "YoY Incr OPM: +74.7% vs year-ago OPM: +61.3%",
      "severity": "MEDIUM"
    },
    {
      "quarter": "2025-06 (Q2)",
      "signal": "GROSS MARGIN INFLECTION",
      "detail": "GM: +70.3% -> +69.4% -> +72.6% (reversal +3.2%)",
      "severity": "MEDIUM"
    },
    {
      "quarter": "2025-06 (Q2)",
      "signal": "YoY REVENUE GROWTH DECELERATION",
      "detail": "YoY growth: +20.4% vs prior quarter YoY: +29.9% (decel: -9.5%)",
      "severity": "WARNING"
    },
    {
      "quarter": "2025-06 (Q2)",
      "signal": "INCREMENTAL MARGIN (YoY)",
      "detail": "YoY Incr OPM: +111.8% vs year-ago OPM: +58.6%",
      "severity": "HIGH"
    },
    {
      "quarter": "2025-03 (Q1)",
      "signal": "INCREMENTAL MARGIN (YoY)",
      "detail": "YoY Incr OPM: +106.9% vs year-ago OPM: +50.7%",
      "severity": "HIGH"
    },
    {
      "quarter": "2024-12 (Q4)",
      "signal": "YoY REVENUE GROWTH DECELERATION",
      "detail": "YoY growth: +32.7% vs prior quarter YoY: +39.8% (decel: -7.2%)",
      "severity": "WARNING"
    },
    {
      "quarter": "2024-12 (Q4)",
      "signal": "INCREMENTAL MARGIN (YoY)",
      "detail": "YoY Incr OPM: +107.7% vs year-ago OPM: +52.2%",
      "severity": "HIGH"
    },
    {
      "quarter": "2024-09 (Q3)",
      "signal": "FCF MARGIN EXPANSION",
      "detail": "FCF margin: +65.2% -> +70.5% (+5.3%)",
      "severity": "MEDIUM"
    },
    {
      "quarter": "2024-09 (Q3)",
      "signal": "OPERATING LEVERAGE",
      "detail": "Rev growth +11.3% vs OpEx growth +4.1% (leverage: 2.7x)",
      "severity": "MEDIUM"
    },
    {
      "quarter": "2024-09 (Q3)",
      "signal": "YoY REVENUE GROWTH ACCELERATION",
      "detail": "YoY growth: +39.8% vs prior quarter YoY: +20.9% (accel: +19.0%)",
      "severity": "HIGH"
    },
    {
      "quarter": "2024-09 (Q3)",
      "signal": "INCREMENTAL MARGIN (YoY)",
      "detail": "YoY Incr OPM: +96.5% vs year-ago OPM: +47.3%",
      "severity": "HIGH"
    },
    {
      "quarter": "2024-06 (Q2)",
      "signal": "GROSS MARGIN INFLECTION",
      "detail": "GM: +58.6% -> +58.4% -> +64.7% (reversal +6.3%)",
      "severity": "HIGH"
    },
    {
      "quarter": "2024-06 (Q2)",
      "signal": "YoY REVENUE GROWTH ACCELERATION",
      "detail": "YoY growth: +20.9% vs prior quarter YoY: -12.6% (accel: +33.5%)",
      "severity": "HIGH"
    },
    {
      "quarter": "2024-06 (Q2)",
      "signal": "INCREMENTAL MARGIN (YoY)",
      "detail": "YoY Incr OPM: +100.4% vs year-ago OPM: +49.9%",
      "severity": "HIGH"
    },
    {
      "quarter": "2024-03 (Q1)",
      "signal": "FCF MARGIN EXPANSION",
      "detail": "FCF margin: +66.2% -> +92.9% (+26.7%)",
      "severity": "MEDIUM"
    },
    {
      "quarter": "2024-03 (Q1)",
      "signal": "YoY REVENUE GROWTH DECELERATION",
      "detail": "YoY growth: -12.6% vs prior quarter YoY: -6.3% (decel: -6.3%)",
      "severity": "WARNING"
    },
    {
      "quarter": "2023-12 (Q4)",
      "signal": "GROSS MARGIN INFLECTION",
      "detail": "GM: +56.3% -> +54.5% -> +58.6% (reversal +4.1%)",
      "severity": "MEDIUM"
    },
    {
      "quarter": "2023-12 (Q4)",
      "signal": "YoY REVENUE GROWTH DECELERATION",
      "detail": "YoY growth: -6.3% vs prior quarter YoY: +5.5% (decel: -11.8%)",
      "severity": "WARNING"
    },
    {
      "quarter": "2023-09 (Q3)",
      "signal": "YoY REVENUE GROWTH ACCELERATION",
      "detail": "YoY growth: +5.5% vs prior quarter YoY: -1.6% (accel: +7.1%)",
      "severity": "MEDIUM"
    },
    {
      "quarter": "2023-06 (Q2)",
      "signal": "FCF MARGIN EXPANSION",
      "detail": "FCF margin: +63.8% -> +74.9% (+11.2%)",
      "severity": "MEDIUM"
    },
    {
      "quarter": "2023-06 (Q2)",
      "signal": "YoY REVENUE GROWTH DECELERATION",
      "detail": "YoY growth: -1.6% vs prior quarter YoY: +5.0% (decel: -6.6%)",
      "severity": "WARNING"
    },
    {
      "quarter": "2023-03 (Q1)",
      "signal": "YoY REVENUE GROWTH ACCELERATION",
      "detail": "YoY growth: +5.0% vs prior quarter YoY: -3.3% (accel: +8.2%)",
      "severity": "MEDIUM"
    },
    {
      "quarter": "2023-03 (Q1)",
      "signal": "INCREMENTAL MARGIN (YoY)",
      "detail": "YoY Incr OPM: +68.2% vs year-ago OPM: +49.6%",
      "severity": "MEDIUM"
    },
    {
      "quarter": "2022-12 (Q4)",
      "signal": "YoY REVENUE GROWTH ACCELERATION",
      "detail": "YoY growth: -3.3% vs prior quarter YoY: -24.7% (accel: +21.4%)",
      "severity": "HIGH"
    },
    {
      "quarter": "2022-12 (Q4)",
      "signal": "INCREMENTAL MARGIN (YoY)",
      "detail": "YoY Incr OPM: +189.5% vs year-ago OPM: +49.8%",
      "severity": "HIGH"
    },
    {
      "quarter": "2022-09 (Q3)",
      "signal": "YoY REVENUE GROWTH DECELERATION",
      "detail": "YoY growth: -24.7% vs prior quarter YoY: -12.8% (decel: -11.8%)",
      "severity": "WARNING"
    },
    {
      "quarter": "2022-06 (Q2)",
      "signal": "FCF MARGIN EXPANSION",
      "detail": "FCF margin: +62.3% -> +82.1% (+19.8%)",
      "severity": "MEDIUM"
    },
    {
      "quarter": "2022-06 (Q2)",
      "signal": "YoY REVENUE GROWTH DECELERATION",
      "detail": "YoY growth: -12.8% vs prior quarter YoY: +13.9% (decel: -26.7%)",
      "severity": "WARNING"
    },
    {
      "quarter": "2022-06 (Q2)",
      "signal": "INCREMENTAL MARGIN (YoY)",
      "detail": "YoY Incr OPM: +83.7% vs year-ago OPM: +51.2%",
      "severity": "HIGH"
    },
    {
      "quarter": "2022-03 (Q1)",
      "signal": "YoY REVENUE GROWTH ACCELERATION",
      "detail": "YoY growth: +13.9% vs prior quarter YoY: +6.4% (accel: +7.4%)",
      "severity": "MEDIUM"
    },
    {
      "quarter": "2021-12 (Q4)",
      "signal": "GROSS MARGIN INFLECTION",
      "detail": "GM: +55.5% -> +54.2% -> +85.1% (reversal +30.9%)",
      "severity": "HIGH"
    },
    {
      "quarter": "2021-12 (Q4)",
      "signal": "INCREMENTAL MARGIN (YoY)",
      "detail": "YoY Incr OPM: +64.9% vs year-ago OPM: +48.9%",
      "severity": "MEDIUM"
    },
    {
      "quarter": "2021-06 (Q2)",
      "signal": "FCF MARGIN EXPANSION",
      "detail": "FCF margin: +64.7% -> +71.9% (+7.2%)",
      "severity": "MEDIUM"
    }
  ],
  "data_quality": {
    "n_quarters": 20,
    "coverage": {
      "revenue": [
        20,
        20
      ],
      "gross_profit": [
        20,
        20
      ],
      "op_income": [
        20,
        20
      ],
      "fcf": [
        20,
        20
      ]
    },
    "gaps": [],
    "warnings": []
  },
  "market_cap": null,
  "source": "SEC EDGAR",
  "last_updated": "2026-02-02T20:13:39.622496"
}