{
  "ticker": "RGP",
  "name": "RESOURCES CONNECTION, INC.",
  "quarters": [
    {
      "date": "2021-02-27T00:00:00",
      "quarter_label": "2021-02 (Q1)",
      "revenue": 156631000,
      "gross_profit": 57047000,
      "operating_income": 2044000,
      "net_income": 690000,
      "opex": 55003000,
      "cogs": 99584000,
      "rd": null,
      "sga": 52838000,
      "fcf": 4747000,
      "ocf": 5794000,
      "capex": -1047000,
      "gross_margin": 0.3642127037431926,
      "op_margin": 0.013049779417867472,
      "fcf_margin": 0.030306899655879103
    },
    {
      "date": "2021-05-29T00:00:00",
      "quarter_label": "2021-05 (Q2)",
      "revenue": 172317000,
      "gross_profit": 68283000,
      "operating_income": 15455000,
      "net_income": 23248000,
      "opex": 52828000,
      "cogs": 104034000,
      "rd": null,
      "sga": 50782000,
      "fcf": 3575000,
      "ocf": 4572000,
      "capex": -997000,
      "gross_margin": 0.3962638625324257,
      "op_margin": 0.08968935160198936,
      "fcf_margin": 0.02074664716771996,
      "op_leverage_ratio": Infinity,
      "fcf_margin_change": -0.009560252488159143
    },
    {
      "date": "2021-08-28T00:00:00",
      "quarter_label": "2021-08 (Q3)",
      "revenue": 183140000,
      "gross_profit": 71432000,
      "operating_income": 18018000,
      "net_income": 12923000,
      "opex": 53414000,
      "cogs": 111708000,
      "rd": null,
      "sga": 51392000,
      "fcf": -557000,
      "ocf": 464000,
      "capex": -1021000,
      "gross_margin": 0.3900404062465873,
      "op_margin": 0.09838375013650759,
      "fcf_margin": -0.003041389101234029,
      "op_leverage_ratio": 5.662211487713503,
      "fcf_margin_change": -0.02378803626895399
    },
    {
      "date": "2021-11-27T00:00:00",
      "quarter_label": "2021-11 (Q4)",
      "revenue": 200238000,
      "gross_profit": 78741000,
      "operating_income": 19783000,
      "net_income": 14305000,
      "opex": 58958000,
      "cogs": 121497000,
      "rd": null,
      "sga": 56881000,
      "fcf": 1722000,
      "ocf": 2996000,
      "capex": -1274000,
      "gross_margin": 0.39323704791298353,
      "op_margin": 0.09879743105704213,
      "fcf_margin": 0.008599766278129027,
      "op_leverage_ratio": 0.8994851201605596,
      "fcf_margin_change": 0.011641155379363055
    },
    {
      "date": "2022-02-26T00:00:00",
      "quarter_label": "2022-02 (Q1)",
      "revenue": 204609000,
      "gross_profit": 76794000,
      "operating_income": 17501000,
      "net_income": 19421000,
      "opex": 59293000,
      "cogs": 127815000,
      "rd": null,
      "sga": 57090000,
      "fcf": 18892000,
      "ocf": 19216000,
      "capex": -324000,
      "gross_margin": 0.3753207336920663,
      "op_margin": 0.08553387192156747,
      "fcf_margin": 0.09233220435073726,
      "incr_op_margin_yoy": 0.3221684938930343,
      "rev_growth_yoy": 0.30631228811665634,
      "op_leverage_ratio": 3.84177780679797,
      "fcf_margin_change": 0.08373243807260823
    },
    {
      "date": "2022-05-28T00:00:00",
      "quarter_label": "2022-05 (Q2)",
      "revenue": 217031000,
      "gross_profit": 89675000,
      "operating_income": 28138000,
      "net_income": 20527000,
      "opex": 61537000,
      "cogs": 127356000,
      "rd": null,
      "sga": 59356000,
      "fcf": 26426000,
      "ocf": 26768000,
      "capex": -342000,
      "gross_margin": 0.41318982080900885,
      "op_margin": 0.1296496813819224,
      "fcf_margin": 0.12176140735655275,
      "incr_op_margin_yoy": 0.28364717985418436,
      "rev_growth_yoy": 0.2594868759321483,
      "rev_growth_yoy_accel": -0.04682541218450803,
      "op_leverage_ratio": 1.6041588221538041,
      "fcf_margin_change": 0.029429203005815488
    },
    {
      "date": "2022-08-27T00:00:00",
      "quarter_label": "2022-08 (Q3)",
      "revenue": 204062000,
      "gross_profit": 83467000,
      "operating_income": 25141000,
      "net_income": 18140000,
      "opex": 58326000,
      "cogs": 120595000,
      "rd": null,
      "sga": 56187000,
      "fcf": -6005000,
      "ocf": -5296000,
      "capex": -709000,
      "gross_margin": 0.40902764845978185,
      "op_margin": 0.12320275210475248,
      "fcf_margin": -0.029427330909233468,
      "incr_op_margin_yoy": 0.3404550234203231,
      "rev_growth_yoy": 0.11424047177023043,
      "rev_growth_yoy_accel": -0.14524640416191786,
      "fcf_margin_change": -0.15118873826578622
    },
    {
      "date": "2022-11-26T00:00:00",
      "quarter_label": "2022-11 (Q4)",
      "revenue": 200355000,
      "gross_profit": 82350000,
      "operating_income": 23477000,
      "net_income": 17432000,
      "opex": 58873000,
      "cogs": 118005000,
      "rd": null,
      "sga": 56777000,
      "fcf": 28495000,
      "ocf": 28950000,
      "capex": -455000,
      "gross_margin": 0.41102043872126975,
      "op_margin": 0.11717701080581967,
      "fcf_margin": 0.14222255496493724,
      "rev_growth_yoy": 0.0005843046774338537,
      "rev_growth_yoy_accel": -0.11365616709279658,
      "fcf_margin_change": 0.1716498858741707
    },
    {
      "date": "2023-02-25T00:00:00",
      "quarter_label": "2023-02 (Q1)",
      "revenue": 186777000,
      "gross_profit": 71607000,
      "operating_income": 7121000,
      "net_income": 7019000,
      "opex": 64486000,
      "cogs": 115170000,
      "rd": null,
      "sga": 59371000,
      "fcf": 39947000,
      "ocf": 40224000,
      "capex": -277000,
      "gross_margin": 0.3833823222345364,
      "op_margin": 0.03812567928599346,
      "fcf_margin": 0.21387537009374816,
      "incr_op_margin_yoy": 0.582099596231494,
      "rev_growth_yoy": -0.08715159157221823,
      "rev_growth_yoy_accel": -0.08773589624965208,
      "fcf_margin_change": 0.07165281512881091
    },
    {
      "date": "2023-05-27T00:00:00",
      "quarter_label": "2023-05 (Q2)",
      "revenue": 184449000,
      "gross_profit": 75718000,
      "operating_income": 17049000,
      "net_income": 11768000,
      "opex": 58669000,
      "cogs": 108731000,
      "rd": null,
      "sga": 56507000,
      "fcf": 17187000,
      "ocf": 17758000,
      "capex": -571000,
      "gross_margin": 0.41050913802731376,
      "op_margin": 0.09243205438901811,
      "fcf_margin": 0.09318022868109883,
      "incr_op_margin_yoy": 0.34034129273832175,
      "rev_growth_yoy": -0.15012601886366464,
      "rev_growth_yoy_accel": -0.06297442729144641,
      "fcf_margin_change": -0.12069514141264932
    },
    {
      "date": "2023-08-26T00:00:00",
      "quarter_label": "2023-08 (Q3)",
      "revenue": 170169000,
      "gross_profit": 67001000,
      "operating_income": 4878000,
      "net_income": 3117000,
      "opex": 62123000,
      "cogs": 103168000,
      "rd": null,
      "sga": 59932000,
      "fcf": -2762000,
      "ocf": -2214000,
      "capex": -548000,
      "gross_margin": 0.3937321133696502,
      "op_margin": 0.028665620647709042,
      "fcf_margin": -0.016230923376173097,
      "incr_op_margin_yoy": 0.5978520638479922,
      "rev_growth_yoy": -0.16609167801942548,
      "rev_growth_yoy_accel": -0.015965659155760842,
      "fcf_margin_change": -0.10941115205727193
    },
    {
      "date": "2023-11-25T00:00:00",
      "quarter_label": "2023-11 (Q4)",
      "revenue": 163127000,
      "gross_profit": 63476000,
      "operating_income": 8352000,
      "net_income": 4895000,
      "opex": 55124000,
      "cogs": 99651000,
      "rd": null,
      "sga": 52993000,
      "fcf": 121000,
      "ocf": 458000,
      "capex": -337000,
      "gross_margin": 0.38912013339300056,
      "op_margin": 0.05119937226823273,
      "fcf_margin": 0.0007417533578132375,
      "incr_op_margin_yoy": 0.4062802191898571,
      "rev_growth_yoy": -0.18581018691822015,
      "rev_growth_yoy_accel": -0.019718508898794673,
      "fcf_margin_change": 0.016972676733986336
    },
    {
      "date": "2024-02-24T00:00:00",
      "quarter_label": "2024-02 (Q1)",
      "revenue": 151307000,
      "gross_profit": 56008000,
      "operating_income": 4261000,
      "net_income": 2550000,
      "opex": 51747000,
      "cogs": 95299000,
      "rd": null,
      "sga": 49589000,
      "fcf": 20374000,
      "ocf": 20510000,
      "capex": -136000,
      "gross_margin": 0.3701613276319007,
      "op_margin": 0.028161287977423385,
      "fcf_margin": 0.1346533868228172,
      "incr_op_margin_yoy": 0.08063151959402312,
      "rev_growth_yoy": -0.18990560936303721,
      "rev_growth_yoy_accel": -0.0040954224448170595,
      "fcf_margin_change": 0.13391163346500395
    },
    {
      "date": "2024-05-25T00:00:00",
      "quarter_label": "2024-05 (Q2)",
      "revenue": 148198000,
      "gross_profit": 59583000,
      "operating_income": 11285000,
      "net_income": 10472000,
      "opex": 48298000,
      "cogs": 88615000,
      "rd": null,
      "sga": 46350000,
      "fcf": 3043000,
      "ocf": 3165000,
      "capex": -122000,
      "gross_margin": 0.4020499601883966,
      "op_margin": 0.07614812615554865,
      "fcf_margin": 0.020533340530911347,
      "incr_op_margin_yoy": 0.1590025102755786,
      "rev_growth_yoy": -0.19653671204506395,
      "rev_growth_yoy_accel": -0.0066311026820267405,
      "fcf_margin_change": -0.11412004629190584
    },
    {
      "date": "2024-08-24T00:00:00",
      "quarter_label": "2024-08 (Q3)",
      "revenue": 136935000,
      "gross_profit": 49987000,
      "operating_income": -4803000,
      "net_income": -5707000,
      "opex": 54790000,
      "cogs": 86948000,
      "rd": null,
      "sga": 48910000,
      "fcf": -575000,
      "ocf": -309000,
      "capex": -266000,
      "gross_margin": 0.36504180815715487,
      "op_margin": -0.03507503560083251,
      "fcf_margin": -0.004199072552670976,
      "incr_op_margin_yoy": 0.29129806824336524,
      "rev_growth_yoy": -0.1952999665038873,
      "rev_growth_yoy_accel": 0.0012367455411766426,
      "fcf_margin_change": -0.024732413083582323
    },
    {
      "date": "2024-11-23T00:00:00",
      "quarter_label": "2024-11 (Q4)",
      "revenue": 145618000,
      "gross_profit": 56086000,
      "operating_income": -76732000,
      "net_income": -68715000,
      "opex": 132818000,
      "cogs": 89532000,
      "rd": null,
      "sga": 51305000,
      "fcf": 61000,
      "ocf": 1799000,
      "capex": -1738000,
      "gross_margin": 0.3851584282162919,
      "op_margin": -0.52694035078081,
      "fcf_margin": 0.00041890425634193574,
      "incr_op_margin_yoy": 4.859443714661031,
      "rev_growth_yoy": -0.1073335499334874,
      "rev_growth_yoy_accel": 0.08796641657039991,
      "op_leverage_ratio": 0.04452522881979039,
      "fcf_margin_change": 0.0046179768090129115
    },
    {
      "date": "2025-02-22T00:00:00",
      "quarter_label": "2025-02 (Q1)",
      "revenue": 129438000,
      "gross_profit": 45374000,
      "operating_income": -49725000,
      "net_income": -44052000,
      "opex": 95099000,
      "cogs": 84064000,
      "rd": null,
      "sga": 51189000,
      "fcf": 238000,
      "ocf": 659000,
      "capex": -421000,
      "gross_margin": 0.3505462074506714,
      "op_margin": -0.38416075650118203,
      "fcf_margin": 0.0018387181507748883,
      "incr_op_margin_yoy": 2.468608532626092,
      "rev_growth_yoy": -0.1445339607552856,
      "rev_growth_yoy_accel": -0.0372004108217982,
      "fcf_margin_change": 0.0014198138944329524
    },
    {
      "date": "2025-05-31T00:00:00",
      "quarter_label": "2025-05 (Q2)",
      "revenue": 139340000,
      "gross_profit": 55977000,
      "operating_income": -65497000,
      "net_income": -73306000,
      "opex": 121474000,
      "cogs": 83363000,
      "rd": null,
      "sga": 50620000,
      "fcf": 16464000,
      "ocf": 16750000,
      "capex": -286000,
      "gross_margin": 0.4017295823166356,
      "op_margin": -0.47005167216879573,
      "fcf_margin": 0.1181570259796182,
      "incr_op_margin_yoy": 8.668096635809437,
      "rev_growth_yoy": -0.05977138692829863,
      "rev_growth_yoy_accel": 0.08476257382698697,
      "op_leverage_ratio": 0.2758319756227963,
      "fcf_margin_change": 0.11631830782884332
    },
    {
      "date": "2025-08-30T00:00:00",
      "quarter_label": "2025-08 (Q3)",
      "revenue": 120229000,
      "gross_profit": 47469000,
      "operating_income": -1988000,
      "net_income": -2405000,
      "opex": 49457000,
      "cogs": 72760000,
      "rd": null,
      "sga": 47916000,
      "fcf": -7953000,
      "ocf": -7832000,
      "capex": -121000,
      "gross_margin": 0.39482154887755866,
      "op_margin": -0.016535112160959504,
      "fcf_margin": -0.06614876610468357,
      "incr_op_margin_yoy": -0.16850233449060217,
      "rev_growth_yoy": -0.1219994888085588,
      "rev_growth_yoy_accel": -0.06222810188026018,
      "fcf_margin_change": -0.18430579208430176
    },
    {
      "date": "2025-11-29T00:00:00",
      "quarter_label": "2025-11 (Q4)",
      "revenue": 117732000,
      "gross_profit": 43706000,
      "operating_income": -12170000,
      "net_income": -12661000,
      "opex": 55876000,
      "cogs": 74026000,
      "rd": null,
      "sga": 54394000,
      "fcf": 15570000,
      "ocf": 15891000,
      "capex": -321000,
      "gross_margin": 0.37123296979580744,
      "op_margin": -0.10337036659531817,
      "fcf_margin": 0.13224951584955663,
      "incr_op_margin_yoy": -2.3152119343039517,
      "rev_growth_yoy": -0.1915010506942823,
      "rev_growth_yoy_accel": -0.0695015618857235,
      "fcf_margin_change": 0.1983982819542402
    }
  ],
  "signals": [
    {
      "quarter": "2025-11 (Q4)",
      "signal": "FCF TURNED POSITIVE",
      "detail": "FCF margin: -6.6% -> +13.2%",
      "severity": "HIGH"
    },
    {
      "quarter": "2025-11 (Q4)",
      "signal": "YoY REVENUE GROWTH DECELERATION",
      "detail": "YoY growth: -19.2% vs prior quarter YoY: -12.2% (decel: -7.0%)",
      "severity": "WARNING"
    },
    {
      "quarter": "2025-08 (Q3)",
      "signal": "YoY REVENUE GROWTH DECELERATION",
      "detail": "YoY growth: -12.2% vs prior quarter YoY: -6.0% (decel: -6.2%)",
      "severity": "WARNING"
    },
    {
      "quarter": "2025-05 (Q2)",
      "signal": "FCF MARGIN EXPANSION",
      "detail": "FCF margin: +0.2% -> +11.8% (+11.6%)",
      "severity": "MEDIUM"
    },
    {
      "quarter": "2025-05 (Q2)",
      "signal": "GROSS MARGIN INFLECTION",
      "detail": "GM: +38.5% -> +35.1% -> +40.2% (reversal +5.1%)",
      "severity": "HIGH"
    },
    {
      "quarter": "2025-05 (Q2)",
      "signal": "YoY REVENUE GROWTH ACCELERATION",
      "detail": "YoY growth: -6.0% vs prior quarter YoY: -14.5% (accel: +8.5%)",
      "severity": "MEDIUM"
    },
    {
      "quarter": "2024-11 (Q4)",
      "signal": "FCF TURNED POSITIVE",
      "detail": "FCF margin: -0.4% -> +0.0%",
      "severity": "HIGH"
    },
    {
      "quarter": "2024-11 (Q4)",
      "signal": "GROSS MARGIN INFLECTION",
      "detail": "GM: +40.2% -> +36.5% -> +38.5% (reversal +2.0%)",
      "severity": "MEDIUM"
    },
    {
      "quarter": "2024-11 (Q4)",
      "signal": "YoY REVENUE GROWTH ACCELERATION",
      "detail": "YoY growth: -10.7% vs prior quarter YoY: -19.5% (accel: +8.8%)",
      "severity": "MEDIUM"
    },
    {
      "quarter": "2024-05 (Q2)",
      "signal": "GROSS MARGIN INFLECTION",
      "detail": "GM: +38.9% -> +37.0% -> +40.2% (reversal +3.2%)",
      "severity": "MEDIUM"
    },
    {
      "quarter": "2024-02 (Q1)",
      "signal": "FCF MARGIN EXPANSION",
      "detail": "FCF margin: +0.1% -> +13.5% (+13.4%)",
      "severity": "MEDIUM"
    },
    {
      "quarter": "2023-11 (Q4)",
      "signal": "FCF TURNED POSITIVE",
      "detail": "FCF margin: -1.6% -> +0.1%",
      "severity": "HIGH"
    },
    {
      "quarter": "2023-11 (Q4)",
      "signal": "INCREMENTAL MARGIN (YoY)",
      "detail": "YoY Incr OPM: +40.6% vs year-ago OPM: +11.7%",
      "severity": "HIGH"
    },
    {
      "quarter": "2023-08 (Q3)",
      "signal": "INCREMENTAL MARGIN (YoY)",
      "detail": "YoY Incr OPM: +59.8% vs year-ago OPM: +12.3%",
      "severity": "HIGH"
    },
    {
      "quarter": "2023-05 (Q2)",
      "signal": "GROSS MARGIN INFLECTION",
      "detail": "GM: +41.1% -> +38.3% -> +41.1% (reversal +2.7%)",
      "severity": "MEDIUM"
    },
    {
      "quarter": "2023-05 (Q2)",
      "signal": "YoY REVENUE GROWTH DECELERATION",
      "detail": "YoY growth: -15.0% vs prior quarter YoY: -8.7% (decel: -6.3%)",
      "severity": "WARNING"
    },
    {
      "quarter": "2023-05 (Q2)",
      "signal": "INCREMENTAL MARGIN (YoY)",
      "detail": "YoY Incr OPM: +34.0% vs year-ago OPM: +13.0%",
      "severity": "HIGH"
    },
    {
      "quarter": "2023-02 (Q1)",
      "signal": "FCF MARGIN EXPANSION",
      "detail": "FCF margin: +14.2% -> +21.4% (+7.2%)",
      "severity": "MEDIUM"
    },
    {
      "quarter": "2023-02 (Q1)",
      "signal": "YoY REVENUE GROWTH DECELERATION",
      "detail": "YoY growth: -8.7% vs prior quarter YoY: +0.1% (decel: -8.8%)",
      "severity": "WARNING"
    },
    {
      "quarter": "2023-02 (Q1)",
      "signal": "INCREMENTAL MARGIN (YoY)",
      "detail": "YoY Incr OPM: +58.2% vs year-ago OPM: +8.6%",
      "severity": "HIGH"
    },
    {
      "quarter": "2022-11 (Q4)",
      "signal": "FCF TURNED POSITIVE",
      "detail": "FCF margin: -2.9% -> +14.2%",
      "severity": "HIGH"
    },
    {
      "quarter": "2022-11 (Q4)",
      "signal": "YoY REVENUE GROWTH DECELERATION",
      "detail": "YoY growth: +0.1% vs prior quarter YoY: +11.4% (decel: -11.4%)",
      "severity": "WARNING"
    },
    {
      "quarter": "2022-08 (Q3)",
      "signal": "YoY REVENUE GROWTH DECELERATION",
      "detail": "YoY growth: +11.4% vs prior quarter YoY: +25.9% (decel: -14.5%)",
      "severity": "WARNING"
    },
    {
      "quarter": "2022-08 (Q3)",
      "signal": "INCREMENTAL MARGIN (YoY)",
      "detail": "YoY Incr OPM: +34.0% vs year-ago OPM: +9.8%",
      "severity": "HIGH"
    },
    {
      "quarter": "2022-05 (Q2)",
      "signal": "OPERATING LEVERAGE",
      "detail": "Rev growth +6.1% vs OpEx growth +3.8% (leverage: 1.6x)",
      "severity": "MEDIUM"
    },
    {
      "quarter": "2022-05 (Q2)",
      "signal": "GROSS MARGIN INFLECTION",
      "detail": "GM: +39.3% -> +37.5% -> +41.3% (reversal +3.8%)",
      "severity": "MEDIUM"
    },
    {
      "quarter": "2022-05 (Q2)",
      "signal": "INCREMENTAL MARGIN (YoY)",
      "detail": "YoY Incr OPM: +28.4% vs year-ago OPM: +9.0%",
      "severity": "MEDIUM"
    },
    {
      "quarter": "2022-02 (Q1)",
      "signal": "FCF MARGIN EXPANSION",
      "detail": "FCF margin: +0.9% -> +9.2% (+8.4%)",
      "severity": "MEDIUM"
    },
    {
      "quarter": "2022-02 (Q1)",
      "signal": "OPERATING LEVERAGE",
      "detail": "Rev growth +2.2% vs OpEx growth +0.6% (leverage: 3.8x)",
      "severity": "MEDIUM"
    },
    {
      "quarter": "2022-02 (Q1)",
      "signal": "INCREMENTAL MARGIN (YoY)",
      "detail": "YoY Incr OPM: +32.2% vs year-ago OPM: +1.3%",
      "severity": "HIGH"
    },
    {
      "quarter": "2021-11 (Q4)",
      "signal": "FCF TURNED POSITIVE",
      "detail": "FCF margin: -0.3% -> +0.9%",
      "severity": "HIGH"
    },
    {
      "quarter": "2021-08 (Q3)",
      "signal": "OPERATING LEVERAGE",
      "detail": "Rev growth +6.3% vs OpEx growth +1.1% (leverage: 5.7x)",
      "severity": "MEDIUM"
    }
  ],
  "data_quality": {
    "n_quarters": 20,
    "coverage": {
      "revenue": [
        20,
        20
      ],
      "gross_profit": [
        20,
        20
      ],
      "op_income": [
        20,
        20
      ],
      "fcf": [
        20,
        20
      ]
    },
    "gaps": [],
    "warnings": []
  },
  "market_cap": null,
  "source": "SEC EDGAR",
  "last_updated": "2026-02-02T23:10:38.652553"
}