{
  "ticker": "RH",
  "name": "RH",
  "quarters": [
    {
      "date": "2021-01-30T00:00:00",
      "quarter_label": "2021-01 (Q1)",
      "revenue": 812436000,
      "gross_profit": 385128000,
      "operating_income": 183616000,
      "net_income": 130193000,
      "opex": 201512000,
      "cogs": 427308000,
      "rd": null,
      "sga": 201512000,
      "fcf": 114136000,
      "ocf": 153507000,
      "capex": -39371000,
      "gross_margin": 0.4740410321551482,
      "op_margin": 0.22600672545283568,
      "fcf_margin": 0.14048614290848757
    },
    {
      "date": "2021-05-01T00:00:00",
      "quarter_label": "2021-05 (Q2)",
      "revenue": 860792000,
      "gross_profit": 406977000,
      "operating_income": 187888000,
      "net_income": 130656000,
      "opex": 219089000,
      "cogs": 453815000,
      "rd": null,
      "sga": 219089000,
      "fcf": 140624000,
      "ocf": 190875000,
      "capex": -50251000,
      "gross_margin": 0.47279365979237725,
      "op_margin": 0.21827340402791848,
      "fcf_margin": 0.16336583053745854,
      "op_leverage_ratio": 0.6823659859416866,
      "fcf_margin_change": 0.02287968762897097
    },
    {
      "date": "2021-07-31T00:00:00",
      "quarter_label": "2021-07 (Q3)",
      "revenue": 988859000,
      "gross_profit": 487676000,
      "operating_income": 248988000,
      "net_income": 226746000,
      "opex": 238688000,
      "cogs": 501183000,
      "rd": null,
      "sga": 238688000,
      "fcf": 93956000,
      "ocf": 125843000,
      "capex": -31887000,
      "gross_margin": 0.49317041155513575,
      "op_margin": 0.25179322835712675,
      "fcf_margin": 0.09501455718155975,
      "op_leverage_ratio": 1.6631279960705618,
      "fcf_margin_change": -0.06835127335589879
    },
    {
      "date": "2021-10-30T00:00:00",
      "quarter_label": "2021-10 (Q4)",
      "revenue": 1006428000,
      "gross_profit": 505254000,
      "operating_income": 272539000,
      "net_income": 184099000,
      "opex": 232715000,
      "cogs": 501174000,
      "rd": null,
      "sga": 232715000,
      "fcf": 145328000,
      "ocf": 216964000,
      "capex": -71636000,
      "gross_margin": 0.5020269706327726,
      "op_margin": 0.2707983084731347,
      "fcf_margin": 0.14439979809782716,
      "op_leverage_ratio": Infinity,
      "fcf_margin_change": 0.049385240916267406
    },
    {
      "date": "2022-01-29T00:00:00",
      "quarter_label": "2022-01 (Q1)",
      "revenue": 902741000,
      "gross_profit": 455504000,
      "operating_income": 217766000,
      "net_income": 147045000,
      "opex": 237738000,
      "cogs": 447237000,
      "rd": null,
      "sga": 237738000,
      "fcf": 96823000,
      "ocf": 128432000,
      "capex": -31609000,
      "gross_margin": 0.5045788326884455,
      "op_margin": 0.24122755031620366,
      "fcf_margin": 0.10725446168945467,
      "incr_op_margin_yoy": 0.3781628924201318,
      "rev_growth_yoy": 0.11115337085013466,
      "fcf_margin_change": -0.03714533640837249
    },
    {
      "date": "2022-04-30T00:00:00",
      "quarter_label": "2022-04 (Q2)",
      "revenue": 957292000,
      "gross_profit": 498583000,
      "operating_income": 205288000,
      "net_income": 200711000,
      "opex": 293295000,
      "cogs": 458709000,
      "rd": null,
      "sga": 293295000,
      "fcf": 106585000,
      "ocf": 135949000,
      "capex": -29364000,
      "gross_margin": 0.5208264562954668,
      "op_margin": 0.2144465847411239,
      "fcf_margin": 0.11134011357036307,
      "incr_op_margin_yoy": 0.18031088082901556,
      "rev_growth_yoy": 0.11210606046524596,
      "rev_growth_yoy_accel": 0.0009526896151113018,
      "op_leverage_ratio": 0.2585826413357123,
      "fcf_margin_change": 0.0040856518809083975
    },
    {
      "date": "2022-07-30T00:00:00",
      "quarter_label": "2022-07 (Q3)",
      "revenue": 991620000,
      "gross_profit": 523218000,
      "operating_income": 234414000,
      "net_income": 122275000,
      "opex": 288804000,
      "cogs": 468402000,
      "rd": null,
      "sga": 288804000,
      "fcf": 23373000,
      "ocf": 56567000,
      "capex": -33194000,
      "gross_margin": 0.5276396200157318,
      "op_margin": 0.2363949900163369,
      "fcf_margin": 0.023570520965692503,
      "incr_op_margin_yoy": -5.2785222745382105,
      "rev_growth_yoy": 0.0027921068625557334,
      "rev_growth_yoy_accel": -0.10931395360269022,
      "op_leverage_ratio": Infinity,
      "fcf_margin_change": -0.08776959260467057
    },
    {
      "date": "2022-10-29T00:00:00",
      "quarter_label": "2022-10 (Q4)",
      "revenue": 869066000,
      "gross_profit": 420778000,
      "operating_income": 170250000,
      "net_income": 98760000,
      "opex": 250528000,
      "cogs": 448288000,
      "rd": null,
      "sga": 250528000,
      "fcf": 96388000,
      "ocf": 143505000,
      "capex": -47117000,
      "gross_margin": 0.48417266352613036,
      "op_margin": 0.19589996617057853,
      "fcf_margin": 0.110909873358295,
      "incr_op_margin_yoy": 0.7446673752566212,
      "rev_growth_yoy": -0.13648467649946147,
      "rev_growth_yoy_accel": -0.1392767833620172,
      "fcf_margin_change": 0.08733935239260249
    },
    {
      "date": "2023-01-28T00:00:00",
      "quarter_label": "2023-01 (Q1)",
      "revenue": 772499000,
      "gross_profit": 369406000,
      "operating_income": 112205000,
      "net_income": 106896000,
      "opex": 257201000,
      "cogs": 403093000,
      "rd": null,
      "sga": 257201000,
      "fcf": 3699000,
      "ocf": 67666000,
      "capex": -63967000,
      "gross_margin": 0.47819608827972593,
      "op_margin": 0.14524937896359735,
      "fcf_margin": 0.004788355713081829,
      "incr_op_margin_yoy": 0.8104989173999171,
      "rev_growth_yoy": -0.144273939036778,
      "rev_growth_yoy_accel": -0.007789262537316516,
      "fcf_margin_change": -0.10612151764521317
    },
    {
      "date": "2023-04-29T00:00:00",
      "quarter_label": "2023-04 (Q2)",
      "revenue": 739162000,
      "gross_profit": 347545000,
      "operating_income": 99240000,
      "net_income": 41890000,
      "opex": 248305000,
      "cogs": 391617000,
      "rd": null,
      "sga": 248305000,
      "fcf": 52548000,
      "ocf": 86738000,
      "capex": -34190000,
      "gross_margin": 0.47018786138897833,
      "op_margin": 0.13426014865482805,
      "fcf_margin": 0.07109131692375961,
      "incr_op_margin_yoy": 0.4861687984229588,
      "rev_growth_yoy": -0.22786150934093255,
      "rev_growth_yoy_accel": -0.08358757030415456,
      "fcf_margin_change": 0.06630296121067779
    },
    {
      "date": "2023-07-29T00:00:00",
      "quarter_label": "2023-07 (Q3)",
      "revenue": 800479000,
      "gross_profit": 380073000,
      "operating_income": 151340000,
      "net_income": 76477000,
      "opex": 228733000,
      "cogs": 420406000,
      "rd": null,
      "sga": 228733000,
      "fcf": 114211000,
      "ocf": 161617000,
      "capex": -47406000,
      "gross_margin": 0.4748069593330993,
      "op_margin": 0.18906179924770045,
      "fcf_margin": 0.14267832135508865,
      "incr_op_margin_yoy": 0.43462156209290526,
      "rev_growth_yoy": -0.1927562977753575,
      "rev_growth_yoy_accel": 0.035105211565575056,
      "op_leverage_ratio": Infinity,
      "fcf_margin_change": 0.07158700443132904
    },
    {
      "date": "2023-10-28T00:00:00",
      "quarter_label": "2023-10 (Q4)",
      "revenue": 751225000,
      "gross_profit": 340450000,
      "operating_income": 51236000,
      "net_income": -2187000,
      "opex": 289214000,
      "cogs": 410775000,
      "rd": null,
      "sga": 289214000,
      "fcf": 17573000,
      "ocf": 67817000,
      "capex": -50244000,
      "gross_margin": 0.4531931179074179,
      "op_margin": 0.06820326799560718,
      "fcf_margin": 0.023392458983660023,
      "incr_op_margin_yoy": 1.0099540906815114,
      "rev_growth_yoy": -0.13559499508667927,
      "rev_growth_yoy_accel": 0.05716130268867822,
      "fcf_margin_change": -0.11928586237142863
    },
    {
      "date": "2024-02-03T00:00:00",
      "quarter_label": "2024-02 (Q1)",
      "revenue": 738260000,
      "gross_profit": 320951000,
      "operating_income": 64255000,
      "net_income": 11381000,
      "opex": 256696000,
      "cogs": 417309000,
      "rd": null,
      "sga": 256696000,
      "fcf": -251474000,
      "ocf": -113958000,
      "capex": -137516000,
      "gross_margin": 0.43473979356866144,
      "op_margin": 0.0870357326687075,
      "fcf_margin": -0.340630672120933,
      "incr_op_margin_yoy": 1.4004497794912234,
      "rev_growth_yoy": -0.04432238747234624,
      "rev_growth_yoy_accel": 0.09127260761433303,
      "fcf_margin_change": -0.36402313110459306
    },
    {
      "date": "2024-05-04T00:00:00",
      "quarter_label": "2024-05 (Q2)",
      "revenue": 726960000,
      "gross_profit": 316038000,
      "operating_income": 54663000,
      "net_income": -3625000,
      "opex": 261375000,
      "cogs": 410922000,
      "rd": null,
      "sga": 261375000,
      "fcf": -10131000,
      "ocf": 56130000,
      "capex": -66261000,
      "gross_margin": 0.4347391878507758,
      "op_margin": 0.0751939584021129,
      "fcf_margin": -0.013936117530538132,
      "incr_op_margin_yoy": 3.653253564989346,
      "rev_growth_yoy": -0.01650788325157408,
      "rev_growth_yoy_accel": 0.027814504220772165,
      "fcf_margin_change": 0.32669455459039487
    },
    {
      "date": "2024-08-03T00:00:00",
      "quarter_label": "2024-08 (Q3)",
      "revenue": 829655000,
      "gross_profit": 374757000,
      "operating_income": 96127000,
      "net_income": 28952000,
      "opex": 278630000,
      "cogs": 454898000,
      "rd": null,
      "sga": 278630000,
      "fcf": -37903000,
      "ocf": 11176000,
      "capex": -49079000,
      "gross_margin": 0.45170221357070106,
      "op_margin": 0.11586382291434391,
      "fcf_margin": -0.04568525471430896,
      "incr_op_margin_yoy": -1.8924115711543734,
      "rev_growth_yoy": 0.03644817665422828,
      "rev_growth_yoy_accel": 0.05295605990580236,
      "op_leverage_ratio": 2.1398723464636595,
      "fcf_margin_change": -0.03174913718377083
    },
    {
      "date": "2024-11-02T00:00:00",
      "quarter_label": "2024-11 (Q4)",
      "revenue": 811732000,
      "gross_profit": 361340000,
      "operating_income": 101468000,
      "net_income": 33168000,
      "opex": 259872000,
      "cogs": 450392000,
      "rd": null,
      "sga": 259872000,
      "fcf": -95994000,
      "ocf": -31437000,
      "capex": -64557000,
      "gross_margin": 0.44514692041215576,
      "op_margin": 0.12500184790053862,
      "fcf_margin": -0.11825824286833586,
      "incr_op_margin_yoy": 0.8301849372799841,
      "rev_growth_yoy": 0.08054444407467802,
      "rev_growth_yoy_accel": 0.04409626742044974,
      "fcf_margin_change": -0.07257298815402691
    },
    {
      "date": "2025-02-01T00:00:00",
      "quarter_label": "2025-02 (Q1)",
      "revenue": 812406000,
      "gross_profit": 362797000,
      "operating_income": 70329000,
      "net_income": 13917000,
      "opex": 292468000,
      "cogs": 449609000,
      "rd": null,
      "sga": 292468000,
      "fcf": -69665000,
      "ocf": -18774000,
      "capex": -50891000,
      "gross_margin": 0.44657104945064413,
      "op_margin": 0.08656878457323063,
      "fcf_margin": -0.08575145924574658,
      "incr_op_margin_yoy": 0.081919456208022,
      "rev_growth_yoy": 0.10043345162950722,
      "rev_growth_yoy_accel": 0.019889007554829197,
      "fcf_margin_change": 0.03250678362258928
    },
    {
      "date": "2025-05-03T00:00:00",
      "quarter_label": "2025-05 (Q2)",
      "revenue": 813952000,
      "gross_profit": 355333000,
      "operating_income": 55911000,
      "net_income": 8039000,
      "opex": 299422000,
      "cogs": 458619000,
      "rd": null,
      "sga": 299422000,
      "fcf": 34076000,
      "ocf": 86641000,
      "capex": -52565000,
      "gross_margin": 0.43655276969649315,
      "op_margin": 0.06869078274885988,
      "fcf_margin": 0.041864876552917124,
      "incr_op_margin_yoy": 0.014346146772116977,
      "rev_growth_yoy": 0.11966545614614284,
      "rev_growth_yoy_accel": 0.01923200451663562,
      "fcf_margin_change": 0.12761633579866372
    },
    {
      "date": "2025-08-02T00:00:00",
      "quarter_label": "2025-08 (Q3)",
      "revenue": 899151000,
      "gross_profit": 409259000,
      "operating_income": 128876000,
      "net_income": 51708000,
      "opex": 280383000,
      "cogs": 489892000,
      "rd": null,
      "sga": 280383000,
      "fcf": 80678000,
      "ocf": 137678000,
      "capex": -57000000,
      "gross_margin": 0.4551615913233706,
      "op_margin": 0.14333076424315827,
      "fcf_margin": 0.08972686456446137,
      "incr_op_margin_yoy": 0.4712357545758029,
      "rev_growth_yoy": 0.0837649384382665,
      "rev_growth_yoy_accel": -0.035900517707876334,
      "op_leverage_ratio": Infinity,
      "fcf_margin_change": 0.047861988011544246
    },
    {
      "date": "2025-11-01T00:00:00",
      "quarter_label": "2025-11 (Q4)",
      "revenue": 883810000,
      "gross_profit": 389736000,
      "operating_income": 105930000,
      "net_income": 36265000,
      "opex": 283806000,
      "cogs": 494074000,
      "rd": null,
      "sga": 283806000,
      "fcf": 83034000,
      "ocf": 131856000,
      "capex": -48822000,
      "gross_margin": 0.44097260723458664,
      "op_margin": 0.11985607766375125,
      "fcf_margin": 0.09395005713897783,
      "incr_op_margin_yoy": 0.06190515830072976,
      "rev_growth_yoy": 0.08879531668087497,
      "rev_growth_yoy_accel": 0.005030378242608463,
      "fcf_margin_change": 0.004223192574516463
    }
  ],
  "signals": [
    {
      "quarter": "2025-08 (Q3)",
      "signal": "INCREMENTAL MARGIN (YoY)",
      "detail": "YoY Incr OPM: +47.1% vs year-ago OPM: +11.6%",
      "severity": "HIGH"
    },
    {
      "quarter": "2025-05 (Q2)",
      "signal": "FCF TURNED POSITIVE",
      "detail": "FCF margin: -8.6% -> +4.2%",
      "severity": "HIGH"
    },
    {
      "quarter": "2024-11 (Q4)",
      "signal": "INCREMENTAL MARGIN (YoY)",
      "detail": "YoY Incr OPM: +83.0% vs year-ago OPM: +6.8%",
      "severity": "HIGH"
    },
    {
      "quarter": "2024-08 (Q3)",
      "signal": "OPERATING LEVERAGE",
      "detail": "Rev growth +14.1% vs OpEx growth +6.6% (leverage: 2.1x)",
      "severity": "MEDIUM"
    },
    {
      "quarter": "2024-08 (Q3)",
      "signal": "YoY REVENUE GROWTH ACCELERATION",
      "detail": "YoY growth: +3.6% vs prior quarter YoY: -1.7% (accel: +5.3%)",
      "severity": "MEDIUM"
    },
    {
      "quarter": "2024-05 (Q2)",
      "signal": "FCF MARGIN EXPANSION",
      "detail": "FCF margin: -34.1% -> -1.4% (+32.7%)",
      "severity": "MEDIUM"
    },
    {
      "quarter": "2024-05 (Q2)",
      "signal": "INCREMENTAL MARGIN (YoY)",
      "detail": "YoY Incr OPM: +365.3% vs year-ago OPM: +13.4%",
      "severity": "HIGH"
    },
    {
      "quarter": "2024-02 (Q1)",
      "signal": "YoY REVENUE GROWTH ACCELERATION",
      "detail": "YoY growth: -4.4% vs prior quarter YoY: -13.6% (accel: +9.1%)",
      "severity": "MEDIUM"
    },
    {
      "quarter": "2024-02 (Q1)",
      "signal": "INCREMENTAL MARGIN (YoY)",
      "detail": "YoY Incr OPM: +140.0% vs year-ago OPM: +14.5%",
      "severity": "HIGH"
    },
    {
      "quarter": "2023-10 (Q4)",
      "signal": "YoY REVENUE GROWTH ACCELERATION",
      "detail": "YoY growth: -13.6% vs prior quarter YoY: -19.3% (accel: +5.7%)",
      "severity": "MEDIUM"
    },
    {
      "quarter": "2023-10 (Q4)",
      "signal": "INCREMENTAL MARGIN (YoY)",
      "detail": "YoY Incr OPM: +101.0% vs year-ago OPM: +19.6%",
      "severity": "HIGH"
    },
    {
      "quarter": "2023-07 (Q3)",
      "signal": "FCF MARGIN EXPANSION",
      "detail": "FCF margin: +7.1% -> +14.3% (+7.2%)",
      "severity": "MEDIUM"
    },
    {
      "quarter": "2023-07 (Q3)",
      "signal": "INCREMENTAL MARGIN (YoY)",
      "detail": "YoY Incr OPM: +43.5% vs year-ago OPM: +23.6%",
      "severity": "MEDIUM"
    },
    {
      "quarter": "2023-04 (Q2)",
      "signal": "FCF MARGIN EXPANSION",
      "detail": "FCF margin: +0.5% -> +7.1% (+6.6%)",
      "severity": "MEDIUM"
    },
    {
      "quarter": "2023-04 (Q2)",
      "signal": "YoY REVENUE GROWTH DECELERATION",
      "detail": "YoY growth: -22.8% vs prior quarter YoY: -14.4% (decel: -8.4%)",
      "severity": "WARNING"
    },
    {
      "quarter": "2023-04 (Q2)",
      "signal": "INCREMENTAL MARGIN (YoY)",
      "detail": "YoY Incr OPM: +48.6% vs year-ago OPM: +21.4%",
      "severity": "HIGH"
    },
    {
      "quarter": "2023-01 (Q1)",
      "signal": "INCREMENTAL MARGIN (YoY)",
      "detail": "YoY Incr OPM: +81.0% vs year-ago OPM: +24.1%",
      "severity": "HIGH"
    },
    {
      "quarter": "2022-10 (Q4)",
      "signal": "FCF MARGIN EXPANSION",
      "detail": "FCF margin: +2.4% -> +11.1% (+8.7%)",
      "severity": "MEDIUM"
    },
    {
      "quarter": "2022-10 (Q4)",
      "signal": "YoY REVENUE GROWTH DECELERATION",
      "detail": "YoY growth: -13.6% vs prior quarter YoY: +0.3% (decel: -13.9%)",
      "severity": "WARNING"
    },
    {
      "quarter": "2022-10 (Q4)",
      "signal": "INCREMENTAL MARGIN (YoY)",
      "detail": "YoY Incr OPM: +74.5% vs year-ago OPM: +27.1%",
      "severity": "HIGH"
    },
    {
      "quarter": "2022-07 (Q3)",
      "signal": "YoY REVENUE GROWTH DECELERATION",
      "detail": "YoY growth: +0.3% vs prior quarter YoY: +11.2% (decel: -10.9%)",
      "severity": "WARNING"
    },
    {
      "quarter": "2022-01 (Q1)",
      "signal": "INCREMENTAL MARGIN (YoY)",
      "detail": "YoY Incr OPM: +37.8% vs year-ago OPM: +22.6%",
      "severity": "MEDIUM"
    },
    {
      "quarter": "2021-07 (Q3)",
      "signal": "OPERATING LEVERAGE",
      "detail": "Rev growth +14.9% vs OpEx growth +8.9% (leverage: 1.7x)",
      "severity": "MEDIUM"
    },
    {
      "quarter": "2021-07 (Q3)",
      "signal": "GROSS MARGIN INFLECTION",
      "detail": "GM: +47.4% -> +47.3% -> +49.3% (reversal +2.0%)",
      "severity": "MEDIUM"
    }
  ],
  "data_quality": {
    "n_quarters": 20,
    "coverage": {
      "revenue": [
        20,
        20
      ],
      "gross_profit": [
        20,
        20
      ],
      "op_income": [
        20,
        20
      ],
      "fcf": [
        20,
        20
      ]
    },
    "gaps": [],
    "warnings": []
  },
  "market_cap": null,
  "source": "SEC EDGAR",
  "last_updated": "2026-02-02T21:13:45.474083"
}