{
  "ticker": "RHI",
  "name": "Robert Half Inc.",
  "quarters": [
    {
      "date": "2020-12-31T00:00:00",
      "quarter_label": "2020-12 (Q4)",
      "revenue": 1304086000,
      "gross_profit": 514342000,
      "operating_income": 129723000,
      "net_income": 94416000,
      "opex": 384619000,
      "cogs": 789759000,
      "rd": null,
      "sga": 425162000,
      "fcf": 27388000,
      "ocf": 31887000,
      "capex": -4499000,
      "gross_margin": 0.39440803750672887,
      "op_margin": 0.09947426780135665,
      "fcf_margin": 0.021001682404381307
    },
    {
      "date": "2021-03-31T00:00:00",
      "quarter_label": "2021-03 (Q1)",
      "revenue": 1398380000,
      "gross_profit": 561711000,
      "operating_income": 150637000,
      "net_income": 110598000,
      "opex": 411074000,
      "cogs": 836669000,
      "rd": null,
      "sga": 423062000,
      "fcf": 58317000,
      "ocf": 68056000,
      "capex": -9739000,
      "gross_margin": 0.40168695204450866,
      "op_margin": 0.10772250747293297,
      "fcf_margin": 0.04170325662552382,
      "op_leverage_ratio": 1.0512373797239982,
      "fcf_margin_change": 0.020701574221142514
    },
    {
      "date": "2021-06-30T00:00:00",
      "quarter_label": "2021-06 (Q2)",
      "revenue": 1580581000,
      "gross_profit": 664872000,
      "operating_income": 204589000,
      "net_income": 149213000,
      "opex": 460283000,
      "cogs": 915709000,
      "rd": null,
      "sga": 488093000,
      "fcf": 159041000,
      "ocf": 165416000,
      "capex": -6375000,
      "gross_margin": 0.42065038109404074,
      "op_margin": 0.1294391113141307,
      "fcf_margin": 0.10062185993631456,
      "op_leverage_ratio": 1.088431298449179,
      "fcf_margin_change": 0.05891860331079074
    },
    {
      "date": "2021-09-30T00:00:00",
      "quarter_label": "2021-09 (Q3)",
      "revenue": 1712566000,
      "gross_profit": 725327000,
      "operating_income": 227992000,
      "net_income": 170871000,
      "opex": 497335000,
      "cogs": 987239000,
      "rd": null,
      "sga": 495576000,
      "fcf": 216110000,
      "ocf": 224793000,
      "capex": -8683000,
      "gross_margin": 0.4235322901423945,
      "op_margin": 0.13312888379192392,
      "fcf_margin": 0.12619075702775834,
      "op_leverage_ratio": 1.0373399395957419,
      "fcf_margin_change": 0.025568897091443776
    },
    {
      "date": "2021-12-31T00:00:00",
      "quarter_label": "2021-12 (Q4)",
      "revenue": 1769917000,
      "gross_profit": 744119000,
      "operating_income": 222607000,
      "net_income": 167944000,
      "opex": 521512000,
      "cogs": 1025798000,
      "rd": null,
      "sga": 544551000,
      "fcf": 133057000,
      "ocf": 144871000,
      "capex": -11814000,
      "gross_margin": 0.42042592957748864,
      "op_margin": 0.12577256447618732,
      "fcf_margin": 0.07517697157550325,
      "incr_op_margin_yoy": 0.1993942009011852,
      "rev_growth_yoy": 0.3572088037138655,
      "op_leverage_ratio": 0.6888747883362633,
      "fcf_margin_change": -0.05101378545225509
    },
    {
      "date": "2022-03-31T00:00:00",
      "quarter_label": "2022-03 (Q1)",
      "revenue": 1814834000,
      "gross_profit": 771846000,
      "operating_income": 227651000,
      "net_income": 168239000,
      "opex": 544195000,
      "cogs": 1042988000,
      "rd": null,
      "sga": 514194000,
      "fcf": 54175000,
      "ocf": 69162000,
      "capex": -14987000,
      "gross_margin": 0.42529840194750596,
      "op_margin": 0.1254390208691263,
      "fcf_margin": 0.02985121504225731,
      "incr_op_margin_yoy": 0.1849279872446897,
      "rev_growth_yoy": 0.297811753600595,
      "rev_growth_yoy_accel": -0.05939705011327051,
      "op_leverage_ratio": 0.5834741965460986,
      "fcf_margin_change": -0.04532575653324594
    },
    {
      "date": "2022-06-30T00:00:00",
      "quarter_label": "2022-06 (Q2)",
      "revenue": 1862827000,
      "gross_profit": 815547000,
      "operating_income": 240531000,
      "net_income": 175821000,
      "opex": 575016000,
      "cogs": 1047280000,
      "rd": null,
      "sga": 509394000,
      "fcf": 212628000,
      "ocf": 232916000,
      "capex": -20288000,
      "gross_margin": 0.43780071901470186,
      "op_margin": 0.12912149115296268,
      "fcf_margin": 0.11414264448604192,
      "incr_op_margin_yoy": 0.12734281442429654,
      "rev_growth_yoy": 0.178571044445049,
      "rev_growth_yoy_accel": -0.11924070915554597,
      "op_leverage_ratio": 0.46692681211169895,
      "fcf_margin_change": 0.08429142944378461
    },
    {
      "date": "2022-09-30T00:00:00",
      "quarter_label": "2022-09 (Q3)",
      "revenue": 1833455000,
      "gross_profit": 787609000,
      "operating_income": 223695000,
      "net_income": 166206000,
      "opex": 563914000,
      "cogs": 1045846000,
      "rd": null,
      "sga": 548579000,
      "fcf": 166036000,
      "ocf": 179398000,
      "capex": -13362000,
      "gross_margin": 0.4295764008388534,
      "op_margin": 0.12200735769353488,
      "fcf_margin": 0.09055908107916474,
      "incr_op_margin_yoy": -0.03554500409466536,
      "rev_growth_yoy": 0.07058939626268418,
      "rev_growth_yoy_accel": -0.10798164818236483,
      "fcf_margin_change": -0.023583563406877173
    },
    {
      "date": "2022-12-31T00:00:00",
      "quarter_label": "2022-12 (Q4)",
      "revenue": 1727026000,
      "gross_profit": 719047000,
      "operating_income": 198737000,
      "net_income": 147653000,
      "opex": 520310000,
      "cogs": 1007979000,
      "rd": null,
      "sga": 545129000,
      "fcf": 189791000,
      "ocf": 202274000,
      "capex": -12483000,
      "gross_margin": 0.41634984070882547,
      "op_margin": 0.11507470067040103,
      "fcf_margin": 0.10989469758996101,
      "incr_op_margin_yoy": 0.5565270103285072,
      "rev_growth_yoy": -0.02423333975548006,
      "rev_growth_yoy_accel": -0.09482273601816424,
      "fcf_margin_change": 0.019335616510796266
    },
    {
      "date": "2023-03-31T00:00:00",
      "quarter_label": "2023-03 (Q1)",
      "revenue": 1716335000,
      "gross_profit": 689732000,
      "operating_income": 164794000,
      "net_income": 122005000,
      "opex": 524938000,
      "cogs": 1026603000,
      "rd": null,
      "sga": 552229000,
      "fcf": 56154000,
      "ocf": 65523000,
      "capex": -9369000,
      "gross_margin": 0.40186327261286403,
      "op_margin": 0.09601505533593384,
      "fcf_margin": 0.03271738908779463,
      "incr_op_margin_yoy": 0.6381486106457933,
      "rev_growth_yoy": -0.05427438542588468,
      "rev_growth_yoy_accel": -0.030041045670404623,
      "fcf_margin_change": -0.07717730850216638
    },
    {
      "date": "2023-06-30T00:00:00",
      "quarter_label": "2023-06 (Q2)",
      "revenue": 1639478000,
      "gross_profit": 660169000,
      "operating_income": 146612000,
      "net_income": 106292000,
      "opex": 513557000,
      "cogs": 979309000,
      "rd": null,
      "sga": 541904000,
      "fcf": 271356000,
      "ocf": 281080000,
      "capex": -9724000,
      "gross_margin": 0.4026702401618076,
      "op_margin": 0.0894260246249111,
      "fcf_margin": 0.16551365739582966,
      "incr_op_margin_yoy": 0.42050333782555555,
      "rev_growth_yoy": -0.11989787564814124,
      "rev_growth_yoy_accel": -0.06562349022225655,
      "fcf_margin_change": 0.13279626830803504
    },
    {
      "date": "2023-09-30T00:00:00",
      "quarter_label": "2023-09 (Q3)",
      "revenue": 1563812000,
      "gross_profit": 640939000,
      "operating_income": 129932000,
      "net_income": 95545000,
      "opex": 511007000,
      "cogs": 922873000,
      "rd": null,
      "sga": 496732000,
      "fcf": 160589000,
      "ocf": 175645000,
      "capex": -15056000,
      "gross_margin": 0.4098568114325763,
      "op_margin": 0.08308671374819991,
      "fcf_margin": 0.10269073264561213,
      "incr_op_margin_yoy": 0.3477301468979354,
      "rev_growth_yoy": -0.14706824001679888,
      "rev_growth_yoy_accel": -0.02717036436865765,
      "fcf_margin_change": -0.06282292475021753
    },
    {
      "date": "2023-12-31T00:00:00",
      "quarter_label": "2023-12 (Q4)",
      "revenue": 1472892000,
      "gross_profit": 584164000,
      "operating_income": 114155000,
      "net_income": 87304000,
      "opex": 470009000,
      "cogs": 888728000,
      "rd": null,
      "sga": 516666000,
      "fcf": 102908000,
      "ocf": 114633000,
      "capex": -11725000,
      "gross_margin": 0.3966102063151949,
      "op_margin": 0.07750398535669961,
      "fcf_margin": 0.06986798760533698,
      "incr_op_margin_yoy": 0.3328244154658566,
      "rev_growth_yoy": -0.1471512299177893,
      "rev_growth_yoy_accel": -8.298990099042669e-05,
      "fcf_margin_change": -0.032822745040275145
    },
    {
      "date": "2024-03-31T00:00:00",
      "quarter_label": "2024-03 (Q1)",
      "revenue": 1475937000,
      "gross_profit": 562797000,
      "operating_income": 84578000,
      "net_income": 63701000,
      "opex": 478219000,
      "cogs": 913140000,
      "rd": null,
      "sga": 521595000,
      "fcf": -27699000,
      "ocf": -15919000,
      "capex": -11780000,
      "gross_margin": 0.3813150561304446,
      "op_margin": 0.057304613950324435,
      "fcf_margin": -0.018767061195701443,
      "incr_op_margin_yoy": 0.3336799806986747,
      "rev_growth_yoy": -0.14006473095287342,
      "rev_growth_yoy_accel": 0.007086498964915894,
      "fcf_margin_change": -0.08863504880103842
    },
    {
      "date": "2024-06-30T00:00:00",
      "quarter_label": "2024-06 (Q2)",
      "revenue": 1472524000,
      "gross_profit": 576679000,
      "operating_income": 91580000,
      "net_income": 68156000,
      "opex": 485099000,
      "cogs": 895845000,
      "rd": null,
      "sga": 500832000,
      "fcf": 129560000,
      "ocf": 141954000,
      "capex": -12394000,
      "gross_margin": 0.39162621458122243,
      "op_margin": 0.06219253472269382,
      "fcf_margin": 0.08798498360637926,
      "incr_op_margin_yoy": 0.32962372869173545,
      "rev_growth_yoy": -0.10183363241226781,
      "rev_growth_yoy_accel": 0.03823109854060561,
      "fcf_margin_change": 0.1067520448020807
    },
    {
      "date": "2024-09-30T00:00:00",
      "quarter_label": "2024-09 (Q3)",
      "revenue": 1465004000,
      "gross_profit": 571656000,
      "operating_income": 90100000,
      "net_income": 65451000,
      "opex": 481556000,
      "cogs": 893348000,
      "rd": null,
      "sga": 510786000,
      "fcf": 111763000,
      "ocf": 129601000,
      "capex": -17838000,
      "gross_margin": 0.39020780830632545,
      "op_margin": 0.06150153856235205,
      "fcf_margin": 0.07628852890504054,
      "incr_op_margin_yoy": 0.40312525301595015,
      "rev_growth_yoy": -0.0631840656037938,
      "rev_growth_yoy_accel": 0.038649566808474006,
      "fcf_margin_change": -0.011696454701338718
    },
    {
      "date": "2024-12-31T00:00:00",
      "quarter_label": "2024-12 (Q4)",
      "revenue": 1382372000,
      "gross_profit": 536098000,
      "operating_income": 70512000,
      "net_income": 54290000,
      "opex": 465586000,
      "cogs": 846274000,
      "rd": null,
      "sga": 471326000,
      "fcf": 140527000,
      "ocf": 154833000,
      "capex": -14306000,
      "gross_margin": 0.38781022763771256,
      "op_margin": 0.05100797759213873,
      "fcf_margin": 0.10165642822626615,
      "incr_op_margin_yoy": 0.48213654441007514,
      "rev_growth_yoy": -0.06145732341543032,
      "rev_growth_yoy_accel": 0.001726742188363481,
      "fcf_margin_change": 0.025367899321225615
    },
    {
      "date": "2025-03-31T00:00:00",
      "quarter_label": "2025-03 (Q1)",
      "revenue": 1351907000,
      "gross_profit": 499045000,
      "operating_income": 38882000,
      "net_income": 17350000,
      "opex": 460163000,
      "cogs": 852862000,
      "rd": null,
      "sga": 460163000,
      "fcf": -71741000,
      "ocf": -59347000,
      "capex": -12394000,
      "gross_margin": 0.3691415163912902,
      "op_margin": 0.028760854112006226,
      "fcf_margin": -0.053066520108261885,
      "incr_op_margin_yoy": 0.36842699346932195,
      "rev_growth_yoy": -0.08403475216083071,
      "rev_growth_yoy_accel": -0.02257742874540039,
      "fcf_margin_change": -0.15472294833452804
    },
    {
      "date": "2025-06-30T00:00:00",
      "quarter_label": "2025-06 (Q2)",
      "revenue": 1369743000,
      "gross_profit": 509474000,
      "operating_income": 1540000,
      "net_income": 40968000,
      "opex": 507934000,
      "cogs": 860269000,
      "rd": null,
      "sga": 507934000,
      "fcf": 104198000,
      "ocf": 119377000,
      "capex": -15179000,
      "gross_margin": 0.37194860641740823,
      "op_margin": 0.0011242984997915668,
      "fcf_margin": 0.07607120459823485,
      "incr_op_margin_yoy": 0.8760373999085435,
      "rev_growth_yoy": -0.06979920191453585,
      "rev_growth_yoy_accel": 0.014235550246294859,
      "op_leverage_ratio": 0.12708608763503612,
      "fcf_margin_change": 0.12913772470649673
    },
    {
      "date": "2025-09-30T00:00:00",
      "quarter_label": "2025-09 (Q3)",
      "revenue": 1354477000,
      "gross_profit": 504231000,
      "operating_income": 13588000,
      "net_income": 42916000,
      "opex": 490643000,
      "cogs": 850246000,
      "rd": null,
      "sga": 490643000,
      "fcf": 63567000,
      "ocf": 77402000,
      "capex": -13835000,
      "gross_margin": 0.37226988719631265,
      "op_margin": 0.010031916378055884,
      "fcf_margin": 0.046931029467462346,
      "incr_op_margin_yoy": 0.6922471432319705,
      "rev_growth_yoy": -0.07544484520178785,
      "rev_growth_yoy_accel": -0.005645643287251992,
      "fcf_margin_change": -0.029140175130772508
    }
  ],
  "signals": [
    {
      "quarter": "2025-09 (Q3)",
      "signal": "INCREMENTAL MARGIN (YoY)",
      "detail": "YoY Incr OPM: +69.2% vs year-ago OPM: +6.2%",
      "severity": "HIGH"
    },
    {
      "quarter": "2025-06 (Q2)",
      "signal": "FCF TURNED POSITIVE",
      "detail": "FCF margin: -5.3% -> +7.6%",
      "severity": "HIGH"
    },
    {
      "quarter": "2025-06 (Q2)",
      "signal": "INCREMENTAL MARGIN (YoY)",
      "detail": "YoY Incr OPM: +87.6% vs year-ago OPM: +6.2%",
      "severity": "HIGH"
    },
    {
      "quarter": "2025-03 (Q1)",
      "signal": "INCREMENTAL MARGIN (YoY)",
      "detail": "YoY Incr OPM: +36.8% vs year-ago OPM: +5.7%",
      "severity": "HIGH"
    },
    {
      "quarter": "2024-12 (Q4)",
      "signal": "INCREMENTAL MARGIN (YoY)",
      "detail": "YoY Incr OPM: +48.2% vs year-ago OPM: +7.8%",
      "severity": "HIGH"
    },
    {
      "quarter": "2024-09 (Q3)",
      "signal": "INCREMENTAL MARGIN (YoY)",
      "detail": "YoY Incr OPM: +40.3% vs year-ago OPM: +8.3%",
      "severity": "HIGH"
    },
    {
      "quarter": "2024-06 (Q2)",
      "signal": "FCF TURNED POSITIVE",
      "detail": "FCF margin: -1.9% -> +8.8%",
      "severity": "HIGH"
    },
    {
      "quarter": "2024-06 (Q2)",
      "signal": "INCREMENTAL MARGIN (YoY)",
      "detail": "YoY Incr OPM: +33.0% vs year-ago OPM: +8.9%",
      "severity": "HIGH"
    },
    {
      "quarter": "2024-03 (Q1)",
      "signal": "INCREMENTAL MARGIN (YoY)",
      "detail": "YoY Incr OPM: +33.4% vs year-ago OPM: +9.6%",
      "severity": "HIGH"
    },
    {
      "quarter": "2023-12 (Q4)",
      "signal": "INCREMENTAL MARGIN (YoY)",
      "detail": "YoY Incr OPM: +33.3% vs year-ago OPM: +11.5%",
      "severity": "HIGH"
    },
    {
      "quarter": "2023-09 (Q3)",
      "signal": "INCREMENTAL MARGIN (YoY)",
      "detail": "YoY Incr OPM: +34.8% vs year-ago OPM: +12.2%",
      "severity": "HIGH"
    },
    {
      "quarter": "2023-06 (Q2)",
      "signal": "FCF MARGIN EXPANSION",
      "detail": "FCF margin: +3.3% -> +16.6% (+13.3%)",
      "severity": "MEDIUM"
    },
    {
      "quarter": "2023-06 (Q2)",
      "signal": "YoY REVENUE GROWTH DECELERATION",
      "detail": "YoY growth: -12.0% vs prior quarter YoY: -5.4% (decel: -6.6%)",
      "severity": "WARNING"
    },
    {
      "quarter": "2023-06 (Q2)",
      "signal": "INCREMENTAL MARGIN (YoY)",
      "detail": "YoY Incr OPM: +42.1% vs year-ago OPM: +12.9%",
      "severity": "HIGH"
    },
    {
      "quarter": "2023-03 (Q1)",
      "signal": "INCREMENTAL MARGIN (YoY)",
      "detail": "YoY Incr OPM: +63.8% vs year-ago OPM: +12.5%",
      "severity": "HIGH"
    },
    {
      "quarter": "2022-12 (Q4)",
      "signal": "YoY REVENUE GROWTH DECELERATION",
      "detail": "YoY growth: -2.4% vs prior quarter YoY: +7.1% (decel: -9.5%)",
      "severity": "WARNING"
    },
    {
      "quarter": "2022-12 (Q4)",
      "signal": "INCREMENTAL MARGIN (YoY)",
      "detail": "YoY Incr OPM: +55.7% vs year-ago OPM: +12.6%",
      "severity": "HIGH"
    },
    {
      "quarter": "2022-09 (Q3)",
      "signal": "YoY REVENUE GROWTH DECELERATION",
      "detail": "YoY growth: +7.1% vs prior quarter YoY: +17.9% (decel: -10.8%)",
      "severity": "WARNING"
    },
    {
      "quarter": "2022-06 (Q2)",
      "signal": "FCF MARGIN EXPANSION",
      "detail": "FCF margin: +3.0% -> +11.4% (+8.4%)",
      "severity": "MEDIUM"
    },
    {
      "quarter": "2022-06 (Q2)",
      "signal": "YoY REVENUE GROWTH DECELERATION",
      "detail": "YoY growth: +17.9% vs prior quarter YoY: +29.8% (decel: -11.9%)",
      "severity": "WARNING"
    },
    {
      "quarter": "2022-03 (Q1)",
      "signal": "YoY REVENUE GROWTH DECELERATION",
      "detail": "YoY growth: +29.8% vs prior quarter YoY: +35.7% (decel: -5.9%)",
      "severity": "WARNING"
    },
    {
      "quarter": "2021-06 (Q2)",
      "signal": "FCF MARGIN EXPANSION",
      "detail": "FCF margin: +4.2% -> +10.1% (+5.9%)",
      "severity": "MEDIUM"
    }
  ],
  "data_quality": {
    "n_quarters": 20,
    "coverage": {
      "revenue": [
        20,
        20
      ],
      "gross_profit": [
        20,
        20
      ],
      "op_income": [
        20,
        20
      ],
      "fcf": [
        20,
        20
      ]
    },
    "gaps": [],
    "warnings": []
  },
  "market_cap": null,
  "source": "SEC EDGAR",
  "last_updated": "2026-02-02T21:24:54.475568"
}