{
  "ticker": "RHP",
  "name": "RYMAN HOSPITALITY PROPERTIES, INC.",
  "quarters": [
    {
      "date": "2020-12-31T00:00:00",
      "quarter_label": "2020-12 (Q4)",
      "revenue": 126515000,
      "gross_profit": 13595000,
      "operating_income": -64680000,
      "net_income": null,
      "opex": 191195000,
      "cogs": 112920000,
      "rd": null,
      "sga": null,
      "fcf": -49193000,
      "ocf": -49193000,
      "capex": null,
      "gross_margin": 0.10745761372169307,
      "op_margin": -0.5112437260403905,
      "fcf_margin": -0.38883136386989686
    },
    {
      "date": "2021-03-31T00:00:00",
      "quarter_label": "2021-03 (Q1)",
      "revenue": 84175000,
      "gross_profit": 59000,
      "operating_income": -79557000,
      "net_income": null,
      "opex": 163732000,
      "cogs": 84116000,
      "rd": null,
      "sga": null,
      "fcf": -42887000,
      "ocf": -42887000,
      "capex": null,
      "gross_margin": 0.0007009207009207009,
      "op_margin": -0.9451381051381051,
      "fcf_margin": -0.5094980694980695,
      "fcf_margin_change": -0.12066670562817267
    },
    {
      "date": "2021-06-30T00:00:00",
      "quarter_label": "2021-06 (Q2)",
      "revenue": 170861000,
      "gross_profit": 58560000,
      "operating_income": -30947000,
      "net_income": null,
      "opex": 201808000,
      "cogs": 112301000,
      "rd": null,
      "sga": null,
      "fcf": 14993000,
      "ocf": 14993000,
      "capex": null,
      "gross_margin": 0.34273473759371653,
      "op_margin": -0.18112383750534058,
      "fcf_margin": 0.08774969126951147,
      "op_leverage_ratio": 4.428412695188617,
      "fcf_margin_change": 0.597247760767581
    },
    {
      "date": "2021-09-30T00:00:00",
      "quarter_label": "2021-09 (Q3)",
      "revenue": 306906000,
      "gross_profit": 125789000,
      "operating_income": 25695000,
      "net_income": null,
      "opex": 281211000,
      "cogs": 181117000,
      "rd": null,
      "sga": null,
      "fcf": 50564000,
      "ocf": 50564000,
      "capex": null,
      "gross_margin": 0.4098616514502812,
      "op_margin": 0.08372270336845809,
      "fcf_margin": 0.16475402892090737,
      "op_leverage_ratio": 2.0236765924891262,
      "fcf_margin_change": 0.0770043376513959
    },
    {
      "date": "2021-12-31T00:00:00",
      "quarter_label": "2021-12 (Q4)",
      "revenue": 377431000,
      "gross_profit": 134044000,
      "operating_income": 26134000,
      "net_income": null,
      "opex": 351297000,
      "cogs": 243387000,
      "rd": null,
      "sga": null,
      "fcf": 88583000,
      "ocf": 88583000,
      "capex": null,
      "gross_margin": 0.3551483582429636,
      "op_margin": 0.06924179518905442,
      "fcf_margin": 0.23469985242335686,
      "incr_op_margin_yoy": 0.3619298888871176,
      "rev_growth_yoy": 1.983290518910801,
      "op_leverage_ratio": 0.9220166130887694,
      "fcf_margin_change": 0.06994582350244949
    },
    {
      "date": "2022-03-31T00:00:00",
      "quarter_label": "2022-03 (Q1)",
      "revenue": 299135000,
      "gross_profit": 105963000,
      "operating_income": 7874000,
      "net_income": null,
      "opex": 291261000,
      "cogs": 193172000,
      "rd": null,
      "sga": null,
      "fcf": -4174000,
      "ocf": -4174000,
      "capex": null,
      "gross_margin": 0.3542313671084962,
      "op_margin": 0.026322563391111036,
      "fcf_margin": -0.01395356611563341,
      "incr_op_margin_yoy": 0.40673148492742833,
      "rev_growth_yoy": 2.553727353727354,
      "rev_growth_yoy_accel": 0.5704368348165529,
      "fcf_margin_change": -0.24865341853899028
    },
    {
      "date": "2022-06-30T00:00:00",
      "quarter_label": "2022-06 (Q2)",
      "revenue": 470204000,
      "gross_profit": 220991000,
      "operating_income": 105968000,
      "net_income": null,
      "opex": 364236000,
      "cogs": 249213000,
      "rd": null,
      "sga": null,
      "fcf": 131787000,
      "ocf": 131787000,
      "capex": null,
      "gross_margin": 0.46998962152597595,
      "op_margin": 0.22536601134826587,
      "fcf_margin": 0.2802762205340661,
      "incr_op_margin_yoy": 0.457385006497563,
      "rev_growth_yoy": 1.751967973967143,
      "rev_growth_yoy_accel": -0.8017593797602109,
      "op_leverage_ratio": 2.2825080562281057,
      "fcf_margin_change": 0.2942297866496995
    },
    {
      "date": "2022-09-30T00:00:00",
      "quarter_label": "2022-09 (Q3)",
      "revenue": 467755000,
      "gross_profit": 208571000,
      "operating_income": 97005000,
      "net_income": null,
      "opex": 370750000,
      "cogs": 259184000,
      "rd": null,
      "sga": null,
      "fcf": 118357000,
      "ocf": 118357000,
      "capex": null,
      "gross_margin": 0.4458979594018236,
      "op_margin": 0.2073842075445479,
      "fcf_margin": 0.25303203600175306,
      "incr_op_margin_yoy": 0.4433350533730393,
      "rev_growth_yoy": 0.5240985839312363,
      "rev_growth_yoy_accel": -1.2278693900359068,
      "fcf_margin_change": -0.02724418453231303
    },
    {
      "date": "2022-12-31T00:00:00",
      "quarter_label": "2022-12 (Q4)",
      "revenue": 568875000,
      "gross_profit": 232769000,
      "operating_income": 116303000,
      "net_income": null,
      "opex": 452572000,
      "cogs": 336106000,
      "rd": null,
      "sga": null,
      "fcf": 173961000,
      "ocf": 173961000,
      "capex": null,
      "gross_margin": 0.40917424741814984,
      "op_margin": 0.204443858492639,
      "fcf_margin": 0.30579828609096904,
      "incr_op_margin_yoy": 0.4709941288314076,
      "rev_growth_yoy": 0.5072291359215326,
      "rev_growth_yoy_accel": -0.01686944800970369,
      "op_leverage_ratio": 0.9795569520800679,
      "fcf_margin_change": 0.05276625008921598
    },
    {
      "date": "2023-03-31T00:00:00",
      "quarter_label": "2023-03 (Q1)",
      "revenue": 491719000,
      "gross_profit": 216225000,
      "operating_income": 105650000,
      "net_income": null,
      "opex": 386069000,
      "cogs": 275494000,
      "rd": null,
      "sga": null,
      "fcf": 31711000,
      "ocf": 31711000,
      "capex": null,
      "gross_margin": 0.43973285555368,
      "op_margin": 0.21485848624926024,
      "fcf_margin": 0.06449008478419585,
      "incr_op_margin_yoy": 0.5077057284094213,
      "rev_growth_yoy": 0.6438029652163739,
      "rev_growth_yoy_accel": 0.1365738292948413,
      "fcf_margin_change": -0.2413082013067732
    },
    {
      "date": "2023-06-30T00:00:00",
      "quarter_label": "2023-06 (Q2)",
      "revenue": 504843000,
      "gross_profit": 237537000,
      "operating_income": 122240000,
      "net_income": null,
      "opex": 382603000,
      "cogs": 267306000,
      "rd": null,
      "sga": null,
      "fcf": 183791000,
      "ocf": 183791000,
      "capex": null,
      "gross_margin": 0.47051657644059636,
      "op_margin": 0.24213468345604475,
      "fcf_margin": 0.36405575594788875,
      "incr_op_margin_yoy": 0.4697595196166171,
      "rev_growth_yoy": 0.07366802494236545,
      "rev_growth_yoy_accel": -0.5701349402740085,
      "op_leverage_ratio": Infinity,
      "fcf_margin_change": 0.2995656711636929
    },
    {
      "date": "2023-09-30T00:00:00",
      "quarter_label": "2023-09 (Q3)",
      "revenue": 528511000,
      "gross_profit": 226502000,
      "operating_income": 101923000,
      "net_income": null,
      "opex": 426588000,
      "cogs": 302009000,
      "rd": null,
      "sga": null,
      "fcf": 154427000,
      "ocf": 154427000,
      "capex": null,
      "gross_margin": 0.4285662928491555,
      "op_margin": 0.1928493446683229,
      "fcf_margin": 0.2921925939100605,
      "incr_op_margin_yoy": 0.08094673777075514,
      "rev_growth_yoy": 0.12988851001058246,
      "rev_growth_yoy_accel": 0.056220485068217016,
      "op_leverage_ratio": 0.40780166674917206,
      "fcf_margin_change": -0.07186316203782822
    },
    {
      "date": "2023-12-31T00:00:00",
      "quarter_label": "2023-12 (Q4)",
      "revenue": 633063000,
      "gross_profit": 252407000,
      "operating_income": 123871000,
      "net_income": null,
      "opex": 509192000,
      "cogs": 380656000,
      "rd": null,
      "sga": null,
      "fcf": 187127000,
      "ocf": 187127000,
      "capex": null,
      "gross_margin": 0.39870755359261245,
      "op_margin": 0.19566930937363264,
      "fcf_margin": 0.2955898544062755,
      "incr_op_margin_yoy": 0.11790365800461146,
      "rev_growth_yoy": 0.1128332234673698,
      "rev_growth_yoy_accel": -0.017055286543212658,
      "op_leverage_ratio": 1.021611729652771,
      "fcf_margin_change": 0.003397260496214971
    },
    {
      "date": "2024-03-31T00:00:00",
      "quarter_label": "2024-03 (Q1)",
      "revenue": 528345000,
      "gross_profit": 219290000,
      "operating_income": 96381000,
      "net_income": null,
      "opex": 431964000,
      "cogs": 309055000,
      "rd": null,
      "sga": null,
      "fcf": 7473000,
      "ocf": 7473000,
      "capex": null,
      "gross_margin": 0.4150507717495197,
      "op_margin": 0.18242057746358914,
      "fcf_margin": 0.014144167163501122,
      "incr_op_margin_yoy": -0.2530715884890515,
      "rev_growth_yoy": 0.07448563102096929,
      "rev_growth_yoy_accel": -0.038347592446400514,
      "fcf_margin_change": -0.28144568724277436
    },
    {
      "date": "2024-06-30T00:00:00",
      "quarter_label": "2024-06 (Q2)",
      "revenue": 613290000,
      "gross_profit": 296641000,
      "operating_income": 168071000,
      "net_income": 100805000,
      "opex": 445219000,
      "cogs": 316649000,
      "rd": null,
      "sga": null,
      "fcf": 184321000,
      "ocf": 184321000,
      "capex": null,
      "gross_margin": 0.4836879779549642,
      "op_margin": 0.2740481664465424,
      "fcf_margin": 0.3005446036948263,
      "incr_op_margin_yoy": 0.42261196713602034,
      "rev_growth_yoy": 0.21481331819991561,
      "rev_growth_yoy_accel": 0.14032768717894634,
      "op_leverage_ratio": 5.239478238201087,
      "fcf_margin_change": 0.28640043653132513
    },
    {
      "date": "2024-09-30T00:00:00",
      "quarter_label": "2024-09 (Q3)",
      "revenue": 549958000,
      "gross_profit": 237184000,
      "operating_income": 105880000,
      "net_income": 59011000,
      "opex": 444078000,
      "cogs": 312774000,
      "rd": null,
      "sga": null,
      "fcf": 218086000,
      "ocf": 218086000,
      "capex": null,
      "gross_margin": 0.4312765702108161,
      "op_margin": 0.19252379272599,
      "fcf_margin": 0.3965502820215362,
      "incr_op_margin_yoy": 0.18450132885718282,
      "rev_growth_yoy": 0.040580044691595825,
      "rev_growth_yoy_accel": -0.1742332735083198,
      "fcf_margin_change": 0.09600567832670992
    },
    {
      "date": "2024-12-31T00:00:00",
      "quarter_label": "2024-12 (Q4)",
      "revenue": 647633000,
      "gross_profit": 261359000,
      "operating_income": 120502000,
      "net_income": null,
      "opex": 527131000,
      "cogs": 386274000,
      "rd": null,
      "sga": null,
      "fcf": 166626000,
      "ocf": 166626000,
      "capex": null,
      "gross_margin": 0.40356034976599403,
      "op_margin": 0.18606525609411503,
      "fcf_margin": 0.25728460408904424,
      "incr_op_margin_yoy": -0.23122855181880578,
      "rev_growth_yoy": 0.02301508696606815,
      "rev_growth_yoy_accel": -0.017564957725527675,
      "op_leverage_ratio": 0.9496374429037955,
      "fcf_margin_change": -0.13926567793249195
    },
    {
      "date": "2025-03-31T00:00:00",
      "quarter_label": "2025-03 (Q1)",
      "revenue": 587280000,
      "gross_profit": 260465000,
      "operating_income": 116121000,
      "net_income": null,
      "opex": 471159000,
      "cogs": 326815000,
      "rd": null,
      "sga": null,
      "fcf": 98219000,
      "ocf": 98219000,
      "capex": null,
      "gross_margin": 0.44351076147663804,
      "op_margin": 0.19772680833673886,
      "fcf_margin": 0.16724390410025883,
      "incr_op_margin_yoy": 0.3349452786968694,
      "rev_growth_yoy": 0.11154643272861482,
      "rev_growth_yoy_accel": 0.08853134576254668,
      "fcf_margin_change": -0.09004069998878542
    },
    {
      "date": "2025-06-30T00:00:00",
      "quarter_label": "2025-06 (Q2)",
      "revenue": 659515000,
      "gross_profit": 327621000,
      "operating_income": 139425000,
      "net_income": 71753000,
      "opex": 520090000,
      "cogs": 331894000,
      "rd": null,
      "sga": null,
      "fcf": 122500000,
      "ocf": 122500000,
      "capex": null,
      "gross_margin": 0.4967604982449224,
      "op_margin": 0.21140535090179904,
      "fcf_margin": 0.18574255323988081,
      "incr_op_margin_yoy": -0.6197079502433748,
      "rev_growth_yoy": 0.07537217303396436,
      "rev_growth_yoy_accel": -0.03617425969465046,
      "op_leverage_ratio": 1.1843658212543309,
      "fcf_margin_change": 0.018498649139621987
    },
    {
      "date": "2025-09-30T00:00:00",
      "quarter_label": "2025-09 (Q3)",
      "revenue": 592458000,
      "gross_profit": 242396000,
      "operating_income": 88612000,
      "net_income": 34886000,
      "opex": 503846000,
      "cogs": 350062000,
      "rd": null,
      "sga": null,
      "fcf": 205243000,
      "ocf": 205243000,
      "capex": null,
      "gross_margin": 0.4091361750537591,
      "op_margin": 0.14956672034135754,
      "fcf_margin": 0.34642624456079585,
      "incr_op_margin_yoy": -0.4063058823529412,
      "rev_growth_yoy": 0.07727862854981653,
      "rev_growth_yoy_accel": 0.0019064555158521679,
      "fcf_margin_change": 0.16068369132091503
    }
  ],
  "signals": [
    {
      "quarter": "2025-09 (Q3)",
      "signal": "FCF MARGIN EXPANSION",
      "detail": "FCF margin: +18.6% -> +34.6% (+16.1%)",
      "severity": "MEDIUM"
    },
    {
      "quarter": "2025-03 (Q1)",
      "signal": "GROSS MARGIN INFLECTION",
      "detail": "GM: +43.1% -> +40.4% -> +44.4% (reversal +4.0%)",
      "severity": "MEDIUM"
    },
    {
      "quarter": "2025-03 (Q1)",
      "signal": "YoY REVENUE GROWTH ACCELERATION",
      "detail": "YoY growth: +11.2% vs prior quarter YoY: +2.3% (accel: +8.9%)",
      "severity": "MEDIUM"
    },
    {
      "quarter": "2025-03 (Q1)",
      "signal": "INCREMENTAL MARGIN (YoY)",
      "detail": "YoY Incr OPM: +33.5% vs year-ago OPM: +18.2%",
      "severity": "MEDIUM"
    },
    {
      "quarter": "2024-09 (Q3)",
      "signal": "FCF MARGIN EXPANSION",
      "detail": "FCF margin: +30.1% -> +39.7% (+9.6%)",
      "severity": "MEDIUM"
    },
    {
      "quarter": "2024-09 (Q3)",
      "signal": "YoY REVENUE GROWTH DECELERATION",
      "detail": "YoY growth: +4.1% vs prior quarter YoY: +21.5% (decel: -17.4%)",
      "severity": "WARNING"
    },
    {
      "quarter": "2024-06 (Q2)",
      "signal": "FCF MARGIN EXPANSION",
      "detail": "FCF margin: +1.4% -> +30.1% (+28.6%)",
      "severity": "MEDIUM"
    },
    {
      "quarter": "2024-06 (Q2)",
      "signal": "OPERATING LEVERAGE",
      "detail": "Rev growth +16.1% vs OpEx growth +3.1% (leverage: 5.2x)",
      "severity": "MEDIUM"
    },
    {
      "quarter": "2024-06 (Q2)",
      "signal": "YoY REVENUE GROWTH ACCELERATION",
      "detail": "YoY growth: +21.5% vs prior quarter YoY: +7.4% (accel: +14.0%)",
      "severity": "MEDIUM"
    },
    {
      "quarter": "2024-06 (Q2)",
      "signal": "INCREMENTAL MARGIN (YoY)",
      "detail": "YoY Incr OPM: +42.3% vs year-ago OPM: +24.2%",
      "severity": "MEDIUM"
    },
    {
      "quarter": "2023-09 (Q3)",
      "signal": "YoY REVENUE GROWTH ACCELERATION",
      "detail": "YoY growth: +13.0% vs prior quarter YoY: +7.4% (accel: +5.6%)",
      "severity": "MEDIUM"
    },
    {
      "quarter": "2023-06 (Q2)",
      "signal": "FCF MARGIN EXPANSION",
      "detail": "FCF margin: +6.4% -> +36.4% (+30.0%)",
      "severity": "MEDIUM"
    },
    {
      "quarter": "2023-06 (Q2)",
      "signal": "YoY REVENUE GROWTH DECELERATION",
      "detail": "YoY growth: +7.4% vs prior quarter YoY: +64.4% (decel: -57.0%)",
      "severity": "WARNING"
    },
    {
      "quarter": "2023-06 (Q2)",
      "signal": "INCREMENTAL MARGIN (YoY)",
      "detail": "YoY Incr OPM: +47.0% vs year-ago OPM: +22.5%",
      "severity": "HIGH"
    },
    {
      "quarter": "2023-03 (Q1)",
      "signal": "GROSS MARGIN INFLECTION",
      "detail": "GM: +44.6% -> +40.9% -> +44.0% (reversal +3.1%)",
      "severity": "MEDIUM"
    },
    {
      "quarter": "2023-03 (Q1)",
      "signal": "YoY REVENUE GROWTH ACCELERATION",
      "detail": "YoY growth: +64.4% vs prior quarter YoY: +50.7% (accel: +13.7%)",
      "severity": "MEDIUM"
    },
    {
      "quarter": "2023-03 (Q1)",
      "signal": "INCREMENTAL MARGIN (YoY)",
      "detail": "YoY Incr OPM: +50.8% vs year-ago OPM: +2.6%",
      "severity": "HIGH"
    },
    {
      "quarter": "2022-12 (Q4)",
      "signal": "FCF MARGIN EXPANSION",
      "detail": "FCF margin: +25.3% -> +30.6% (+5.3%)",
      "severity": "MEDIUM"
    },
    {
      "quarter": "2022-12 (Q4)",
      "signal": "INCREMENTAL MARGIN (YoY)",
      "detail": "YoY Incr OPM: +47.1% vs year-ago OPM: +6.9%",
      "severity": "HIGH"
    },
    {
      "quarter": "2022-09 (Q3)",
      "signal": "YoY REVENUE GROWTH DECELERATION",
      "detail": "YoY growth: +52.4% vs prior quarter YoY: +175.2% (decel: -122.8%)",
      "severity": "WARNING"
    },
    {
      "quarter": "2022-09 (Q3)",
      "signal": "INCREMENTAL MARGIN (YoY)",
      "detail": "YoY Incr OPM: +44.3% vs year-ago OPM: +8.4%",
      "severity": "HIGH"
    },
    {
      "quarter": "2022-06 (Q2)",
      "signal": "FCF TURNED POSITIVE",
      "detail": "FCF margin: -1.4% -> +28.0%",
      "severity": "HIGH"
    },
    {
      "quarter": "2022-06 (Q2)",
      "signal": "OPERATING LEVERAGE",
      "detail": "Rev growth +57.2% vs OpEx growth +25.1% (leverage: 2.3x)",
      "severity": "MEDIUM"
    },
    {
      "quarter": "2022-06 (Q2)",
      "signal": "GROSS MARGIN INFLECTION",
      "detail": "GM: +35.5% -> +35.4% -> +47.0% (reversal +11.6%)",
      "severity": "HIGH"
    },
    {
      "quarter": "2022-06 (Q2)",
      "signal": "YoY REVENUE GROWTH DECELERATION",
      "detail": "YoY growth: +175.2% vs prior quarter YoY: +255.4% (decel: -80.2%)",
      "severity": "WARNING"
    },
    {
      "quarter": "2022-06 (Q2)",
      "signal": "OP MARGIN TURNED POSITIVE (YoY)",
      "detail": "Op margin: -18.1% (year-ago) -> +22.5%",
      "severity": "HIGH"
    },
    {
      "quarter": "2022-03 (Q1)",
      "signal": "YoY REVENUE GROWTH ACCELERATION",
      "detail": "YoY growth: +255.4% vs prior quarter YoY: +198.3% (accel: +57.0%)",
      "severity": "HIGH"
    },
    {
      "quarter": "2022-03 (Q1)",
      "signal": "OP MARGIN TURNED POSITIVE (YoY)",
      "detail": "Op margin: -94.5% (year-ago) -> +2.6%",
      "severity": "HIGH"
    },
    {
      "quarter": "2021-12 (Q4)",
      "signal": "FCF MARGIN EXPANSION",
      "detail": "FCF margin: +16.5% -> +23.5% (+7.0%)",
      "severity": "MEDIUM"
    },
    {
      "quarter": "2021-12 (Q4)",
      "signal": "OP MARGIN TURNED POSITIVE (YoY)",
      "detail": "Op margin: -51.1% (year-ago) -> +6.9%",
      "severity": "HIGH"
    },
    {
      "quarter": "2021-09 (Q3)",
      "signal": "FCF MARGIN EXPANSION",
      "detail": "FCF margin: +8.8% -> +16.5% (+7.7%)",
      "severity": "MEDIUM"
    },
    {
      "quarter": "2021-09 (Q3)",
      "signal": "OPERATING LEVERAGE",
      "detail": "Rev growth +79.6% vs OpEx growth +39.3% (leverage: 2.0x)",
      "severity": "MEDIUM"
    },
    {
      "quarter": "2021-09 (Q3)",
      "signal": "OP MARGIN TURNED POSITIVE (QoQ)",
      "detail": "Op margin: -18.1% -> +8.4%",
      "severity": "HIGH"
    },
    {
      "quarter": "2021-06 (Q2)",
      "signal": "FCF TURNED POSITIVE",
      "detail": "FCF margin: -50.9% -> +8.8%",
      "severity": "HIGH"
    },
    {
      "quarter": "2021-06 (Q2)",
      "signal": "OPERATING LEVERAGE",
      "detail": "Rev growth +103.0% vs OpEx growth +23.3% (leverage: 4.4x)",
      "severity": "MEDIUM"
    },
    {
      "quarter": "2021-06 (Q2)",
      "signal": "GROSS MARGIN INFLECTION",
      "detail": "GM: +10.7% -> +0.1% -> +34.3% (reversal +34.2%)",
      "severity": "HIGH"
    }
  ],
  "data_quality": {
    "n_quarters": 20,
    "coverage": {
      "revenue": [
        20,
        20
      ],
      "gross_profit": [
        20,
        20
      ],
      "op_income": [
        20,
        20
      ],
      "fcf": [
        20,
        20
      ]
    },
    "gaps": [],
    "warnings": []
  },
  "market_cap": null,
  "source": "SEC EDGAR",
  "last_updated": "2026-02-02T20:56:56.302015"
}