{
  "ticker": "RIG",
  "name": "Transocean\u00a0Ltd.",
  "quarters": [
    {
      "date": "2020-12-31T00:00:00",
      "quarter_label": "2020-12 (Q4)",
      "revenue": 690000000,
      "gross_profit": 225000000,
      "operating_income": -34000000,
      "net_income": -37000000,
      "opex": 704000000,
      "cogs": 465000000,
      "rd": null,
      "sga": null,
      "fcf": 231000000,
      "ocf": 278000000,
      "capex": -47000000,
      "gross_margin": 0.32608695652173914,
      "op_margin": -0.04927536231884058,
      "fcf_margin": 0.3347826086956522
    },
    {
      "date": "2021-03-31T00:00:00",
      "quarter_label": "2021-03 (Q1)",
      "revenue": 653000000,
      "gross_profit": 218000000,
      "operating_income": -67000000,
      "net_income": -99000000,
      "opex": 661000000,
      "cogs": 435000000,
      "rd": null,
      "sga": null,
      "fcf": 37000000,
      "ocf": 96000000,
      "capex": -59000000,
      "gross_margin": 0.333843797856049,
      "op_margin": -0.10260336906584992,
      "fcf_margin": 0.05666156202143951,
      "fcf_margin_change": -0.27812104667421267
    },
    {
      "date": "2021-06-30T00:00:00",
      "quarter_label": "2021-06 (Q2)",
      "revenue": 656000000,
      "gross_profit": 222000000,
      "operating_income": -2000000,
      "net_income": -103000000,
      "opex": 659000000,
      "cogs": 434000000,
      "rd": null,
      "sga": null,
      "fcf": 112000000,
      "ocf": 153000000,
      "capex": -41000000,
      "gross_margin": 0.3384146341463415,
      "op_margin": -0.003048780487804878,
      "fcf_margin": 0.17073170731707318,
      "fcf_margin_change": 0.11407014529563367
    },
    {
      "date": "2021-09-30T00:00:00",
      "quarter_label": "2021-09 (Q3)",
      "revenue": 626000000,
      "gross_profit": 228000000,
      "operating_income": null,
      "net_income": -130000000,
      "opex": 623000000,
      "cogs": 398000000,
      "rd": null,
      "sga": null,
      "fcf": 104000000,
      "ocf": 141000000,
      "capex": -37000000,
      "gross_margin": 0.36421725239616615,
      "op_margin": null,
      "fcf_margin": 0.16613418530351437,
      "fcf_margin_change": -0.0045975220135588135
    },
    {
      "date": "2021-12-31T00:00:00",
      "quarter_label": "2021-12 (Q4)",
      "revenue": 621000000,
      "gross_profit": 191000000,
      "operating_income": -43000000,
      "net_income": -260000000,
      "opex": 663000000,
      "cogs": 430000000,
      "rd": null,
      "sga": null,
      "fcf": 114000000,
      "ocf": 185000000,
      "capex": -71000000,
      "gross_margin": 0.3075684380032206,
      "op_margin": -0.06924315619967794,
      "fcf_margin": 0.18357487922705315,
      "incr_op_margin_yoy": 0.13043478260869565,
      "rev_growth_yoy": -0.1,
      "fcf_margin_change": 0.01744069392353878
    },
    {
      "date": "2022-03-31T00:00:00",
      "quarter_label": "2022-03 (Q1)",
      "revenue": 586000000,
      "gross_profit": 174000000,
      "operating_income": -50000000,
      "net_income": -175000000,
      "opex": 637000000,
      "cogs": 412000000,
      "rd": null,
      "sga": null,
      "fcf": -107000000,
      "ocf": -1000000,
      "capex": -106000000,
      "gross_margin": 0.29692832764505117,
      "op_margin": -0.08532423208191127,
      "fcf_margin": -0.1825938566552901,
      "incr_op_margin_yoy": -0.2537313432835821,
      "rev_growth_yoy": -0.10260336906584992,
      "rev_growth_yoy_accel": -0.002603369065849917,
      "fcf_margin_change": -0.3661687358823432
    },
    {
      "date": "2022-06-30T00:00:00",
      "quarter_label": "2022-06 (Q2)",
      "revenue": 692000000,
      "gross_profit": 259000000,
      "operating_income": 28000000,
      "net_income": -68000000,
      "opex": 660000000,
      "cogs": 433000000,
      "rd": null,
      "sga": null,
      "fcf": -74000000,
      "ocf": 41000000,
      "capex": -115000000,
      "gross_margin": 0.37427745664739887,
      "op_margin": 0.04046242774566474,
      "fcf_margin": -0.1069364161849711,
      "incr_op_margin_yoy": 0.8333333333333334,
      "rev_growth_yoy": 0.054878048780487805,
      "rev_growth_yoy_accel": 0.15748141784633773,
      "op_leverage_ratio": 5.009793737943315,
      "fcf_margin_change": 0.075657440470319
    },
    {
      "date": "2022-09-30T00:00:00",
      "quarter_label": "2022-09 (Q3)",
      "revenue": 691000000,
      "gross_profit": 280000000,
      "operating_income": 53000000,
      "net_income": -28000000,
      "opex": 635000000,
      "cogs": 411000000,
      "rd": null,
      "sga": null,
      "fcf": 143000000,
      "ocf": 230000000,
      "capex": -87000000,
      "gross_margin": 0.40520984081041966,
      "op_margin": 0.07670043415340087,
      "fcf_margin": 0.20694645441389292,
      "rev_growth_yoy": 0.10383386581469649,
      "rev_growth_yoy_accel": 0.04895581703420868,
      "fcf_margin_change": 0.313882870598864
    },
    {
      "date": "2022-12-31T00:00:00",
      "quarter_label": "2022-12 (Q4)",
      "revenue": 606000000,
      "gross_profit": 183000000,
      "operating_income": -62000000,
      "net_income": -350000000,
      "opex": 664000000,
      "cogs": 423000000,
      "rd": null,
      "sga": null,
      "fcf": -231000000,
      "ocf": 178000000,
      "capex": -409000000,
      "gross_margin": 0.30198019801980197,
      "op_margin": -0.10231023102310231,
      "fcf_margin": -0.3811881188118812,
      "incr_op_margin_yoy": 1.2666666666666666,
      "rev_growth_yoy": -0.024154589371980676,
      "rev_growth_yoy_accel": -0.12798845518667717,
      "fcf_margin_change": -0.5881345732257741
    },
    {
      "date": "2023-03-31T00:00:00",
      "quarter_label": "2023-03 (Q1)",
      "revenue": 649000000,
      "gross_profit": 240000000,
      "operating_income": -157000000,
      "net_income": -465000000,
      "opex": 636000000,
      "cogs": 409000000,
      "rd": null,
      "sga": null,
      "fcf": -128000000,
      "ocf": -47000000,
      "capex": -81000000,
      "gross_margin": 0.3697996918335901,
      "op_margin": -0.24191063174114022,
      "fcf_margin": -0.19722650231124808,
      "incr_op_margin_yoy": -1.6984126984126984,
      "rev_growth_yoy": 0.1075085324232082,
      "rev_growth_yoy_accel": 0.13166312179518888,
      "op_leverage_ratio": Infinity,
      "fcf_margin_change": 0.1839616165006331
    },
    {
      "date": "2023-06-30T00:00:00",
      "quarter_label": "2023-06 (Q2)",
      "revenue": 729000000,
      "gross_profit": 245000000,
      "operating_income": -42000000,
      "net_income": -165000000,
      "opex": 718000000,
      "cogs": 484000000,
      "rd": null,
      "sga": null,
      "fcf": 81000000,
      "ocf": 157000000,
      "capex": -76000000,
      "gross_margin": 0.33607681755829905,
      "op_margin": -0.05761316872427984,
      "fcf_margin": 0.1111111111111111,
      "incr_op_margin_yoy": -1.8918918918918919,
      "rev_growth_yoy": 0.05346820809248555,
      "rev_growth_yoy_accel": -0.054040324330722644,
      "op_leverage_ratio": 0.9560674959600135,
      "fcf_margin_change": 0.3083376134223592
    },
    {
      "date": "2023-09-30T00:00:00",
      "quarter_label": "2023-09 (Q3)",
      "revenue": 713000000,
      "gross_profit": 189000000,
      "operating_income": -55000000,
      "net_income": -220000000,
      "opex": 760000000,
      "cogs": 524000000,
      "rd": null,
      "sga": null,
      "fcf": -94000000,
      "ocf": -44000000,
      "capex": -50000000,
      "gross_margin": 0.2650771388499299,
      "op_margin": -0.07713884992987377,
      "fcf_margin": -0.13183730715287517,
      "incr_op_margin_yoy": -4.909090909090909,
      "rev_growth_yoy": 0.03183791606367583,
      "rev_growth_yoy_accel": -0.02163029202880972,
      "fcf_margin_change": -0.24294841826398628
    },
    {
      "date": "2023-12-31T00:00:00",
      "quarter_label": "2023-12 (Q4)",
      "revenue": 741000000,
      "gross_profit": 172000000,
      "operating_income": -71000000,
      "net_income": -104000000,
      "opex": 803000000,
      "cogs": 569000000,
      "rd": null,
      "sga": null,
      "fcf": -122000000,
      "ocf": 98000000,
      "capex": -220000000,
      "gross_margin": 0.2321187584345479,
      "op_margin": -0.09581646423751687,
      "fcf_margin": -0.16464237516869096,
      "incr_op_margin_yoy": -0.06666666666666667,
      "rev_growth_yoy": 0.22277227722772278,
      "rev_growth_yoy_accel": 0.19093436116404694,
      "op_leverage_ratio": 0.6940865651195407,
      "fcf_margin_change": -0.032805068015815786
    },
    {
      "date": "2024-03-31T00:00:00",
      "quarter_label": "2024-03 (Q1)",
      "revenue": 763000000,
      "gross_profit": 240000000,
      "operating_income": -3000000,
      "net_income": 98000000,
      "opex": 760000000,
      "cogs": 523000000,
      "rd": null,
      "sga": null,
      "fcf": -169000000,
      "ocf": -86000000,
      "capex": -83000000,
      "gross_margin": 0.3145478374836173,
      "op_margin": -0.003931847968545216,
      "fcf_margin": -0.2214941022280472,
      "incr_op_margin_yoy": 1.3508771929824561,
      "rev_growth_yoy": 0.17565485362095531,
      "rev_growth_yoy_accel": -0.04711742360676746,
      "op_leverage_ratio": Infinity,
      "fcf_margin_change": -0.05685172705935623
    },
    {
      "date": "2024-06-30T00:00:00",
      "quarter_label": "2024-06 (Q2)",
      "revenue": 861000000,
      "gross_profit": 327000000,
      "operating_income": -59000000,
      "net_income": -123000000,
      "opex": 777000000,
      "cogs": 534000000,
      "rd": null,
      "sga": null,
      "fcf": 49000000,
      "ocf": 133000000,
      "capex": -84000000,
      "gross_margin": 0.3797909407665505,
      "op_margin": -0.06852497096399536,
      "fcf_margin": 0.056910569105691054,
      "incr_op_margin_yoy": -0.12878787878787878,
      "rev_growth_yoy": 0.18106995884773663,
      "rev_growth_yoy_accel": 0.005415105226781319,
      "op_leverage_ratio": 5.742039935240151,
      "fcf_margin_change": 0.27840467133373825
    },
    {
      "date": "2024-09-30T00:00:00",
      "quarter_label": "2024-09 (Q3)",
      "revenue": 948000000,
      "gross_profit": 385000000,
      "operating_income": -485000000,
      "net_income": -494000000,
      "opex": 800000000,
      "cogs": 563000000,
      "rd": null,
      "sga": null,
      "fcf": 136000000,
      "ocf": 194000000,
      "capex": -58000000,
      "gross_margin": 0.4061181434599156,
      "op_margin": -0.5116033755274262,
      "fcf_margin": 0.14345991561181434,
      "incr_op_margin_yoy": -1.8297872340425532,
      "rev_growth_yoy": 0.32959326788218796,
      "rev_growth_yoy_accel": 0.14852330903445132,
      "op_leverage_ratio": 3.4135737009544007,
      "fcf_margin_change": 0.08654934650612328
    },
    {
      "date": "2024-12-31T00:00:00",
      "quarter_label": "2024-12 (Q4)",
      "revenue": 952000000,
      "gross_profit": 373000000,
      "operating_income": 130000000,
      "net_income": 7000000,
      "opex": 815000000,
      "cogs": 579000000,
      "rd": null,
      "sga": null,
      "fcf": 177000000,
      "ocf": 206000000,
      "capex": -29000000,
      "gross_margin": 0.3918067226890756,
      "op_margin": 0.13655462184873948,
      "fcf_margin": 0.18592436974789917,
      "incr_op_margin_yoy": 0.95260663507109,
      "rev_growth_yoy": 0.28475033738191635,
      "rev_growth_yoy_accel": -0.044842930500271605,
      "fcf_margin_change": 0.04246445413608482
    },
    {
      "date": "2025-03-31T00:00:00",
      "quarter_label": "2025-03 (Q1)",
      "revenue": 906000000,
      "gross_profit": 288000000,
      "operating_income": 64000000,
      "net_income": -79000000,
      "opex": 844000000,
      "cogs": 618000000,
      "rd": null,
      "sga": null,
      "fcf": -34000000,
      "ocf": 26000000,
      "capex": -60000000,
      "gross_margin": 0.31788079470198677,
      "op_margin": 0.0706401766004415,
      "fcf_margin": -0.037527593818984545,
      "incr_op_margin_yoy": 0.46853146853146854,
      "rev_growth_yoy": 0.1874180865006553,
      "rev_growth_yoy_accel": -0.09733225088126105,
      "fcf_margin_change": -0.2234519635668837
    },
    {
      "date": "2025-06-30T00:00:00",
      "quarter_label": "2025-06 (Q2)",
      "revenue": 988000000,
      "gross_profit": 389000000,
      "operating_income": -964000000,
      "net_income": -938000000,
      "opex": 823000000,
      "cogs": 599000000,
      "rd": null,
      "sga": null,
      "fcf": 104000000,
      "ocf": 128000000,
      "capex": -24000000,
      "gross_margin": 0.3937246963562753,
      "op_margin": -0.9757085020242915,
      "fcf_margin": 0.10526315789473684,
      "incr_op_margin_yoy": -7.125984251968504,
      "rev_growth_yoy": 0.14750290360046459,
      "rev_growth_yoy_accel": -0.03991518290019072,
      "op_leverage_ratio": Infinity,
      "fcf_margin_change": 0.14279075171372138
    },
    {
      "date": "2025-09-30T00:00:00",
      "quarter_label": "2025-09 (Q3)",
      "revenue": 1028000000,
      "gross_profit": 444000000,
      "operating_income": -1677000000,
      "net_income": -1923000000,
      "opex": 791000000,
      "cogs": 584000000,
      "rd": null,
      "sga": null,
      "fcf": 235000000,
      "ocf": 246000000,
      "capex": -11000000,
      "gross_margin": 0.43190661478599224,
      "op_margin": -1.6313229571984436,
      "fcf_margin": 0.22859922178988326,
      "incr_op_margin_yoy": -14.9,
      "rev_growth_yoy": 0.08438818565400844,
      "rev_growth_yoy_accel": -0.06311471794645615,
      "op_leverage_ratio": Infinity,
      "fcf_margin_change": 0.12333606389514642
    }
  ],
  "signals": [
    {
      "quarter": "2025-09 (Q3)",
      "signal": "FCF MARGIN EXPANSION",
      "detail": "FCF margin: +10.5% -> +22.9% (+12.3%)",
      "severity": "MEDIUM"
    },
    {
      "quarter": "2025-09 (Q3)",
      "signal": "YoY REVENUE GROWTH DECELERATION",
      "detail": "YoY growth: +8.4% vs prior quarter YoY: +14.8% (decel: -6.3%)",
      "severity": "WARNING"
    },
    {
      "quarter": "2025-06 (Q2)",
      "signal": "FCF TURNED POSITIVE",
      "detail": "FCF margin: -3.8% -> +10.5%",
      "severity": "HIGH"
    },
    {
      "quarter": "2025-06 (Q2)",
      "signal": "GROSS MARGIN INFLECTION",
      "detail": "GM: +39.2% -> +31.8% -> +39.4% (reversal +7.6%)",
      "severity": "HIGH"
    },
    {
      "quarter": "2025-03 (Q1)",
      "signal": "YoY REVENUE GROWTH DECELERATION",
      "detail": "YoY growth: +18.7% vs prior quarter YoY: +28.5% (decel: -9.7%)",
      "severity": "WARNING"
    },
    {
      "quarter": "2025-03 (Q1)",
      "signal": "OP MARGIN TURNED POSITIVE (YoY)",
      "detail": "Op margin: -0.4% (year-ago) -> +7.1%",
      "severity": "HIGH"
    },
    {
      "quarter": "2024-12 (Q4)",
      "signal": "OP MARGIN TURNED POSITIVE (YoY)",
      "detail": "Op margin: -9.6% (year-ago) -> +13.7%",
      "severity": "HIGH"
    },
    {
      "quarter": "2024-12 (Q4)",
      "signal": "OP MARGIN TURNED POSITIVE (QoQ)",
      "detail": "Op margin: -51.2% -> +13.7%",
      "severity": "HIGH"
    },
    {
      "quarter": "2024-09 (Q3)",
      "signal": "FCF MARGIN EXPANSION",
      "detail": "FCF margin: +5.7% -> +14.3% (+8.7%)",
      "severity": "MEDIUM"
    },
    {
      "quarter": "2024-09 (Q3)",
      "signal": "OPERATING LEVERAGE",
      "detail": "Rev growth +10.1% vs OpEx growth +3.0% (leverage: 3.4x)",
      "severity": "MEDIUM"
    },
    {
      "quarter": "2024-09 (Q3)",
      "signal": "YoY REVENUE GROWTH ACCELERATION",
      "detail": "YoY growth: +33.0% vs prior quarter YoY: +18.1% (accel: +14.9%)",
      "severity": "MEDIUM"
    },
    {
      "quarter": "2024-06 (Q2)",
      "signal": "FCF TURNED POSITIVE",
      "detail": "FCF margin: -22.1% -> +5.7%",
      "severity": "HIGH"
    },
    {
      "quarter": "2024-06 (Q2)",
      "signal": "OPERATING LEVERAGE",
      "detail": "Rev growth +12.8% vs OpEx growth +2.2% (leverage: 5.7x)",
      "severity": "MEDIUM"
    },
    {
      "quarter": "2024-03 (Q1)",
      "signal": "GROSS MARGIN INFLECTION",
      "detail": "GM: +26.5% -> +23.2% -> +31.5% (reversal +8.2%)",
      "severity": "HIGH"
    },
    {
      "quarter": "2023-12 (Q4)",
      "signal": "YoY REVENUE GROWTH ACCELERATION",
      "detail": "YoY growth: +22.3% vs prior quarter YoY: +3.2% (accel: +19.1%)",
      "severity": "HIGH"
    },
    {
      "quarter": "2023-06 (Q2)",
      "signal": "FCF TURNED POSITIVE",
      "detail": "FCF margin: -19.7% -> +11.1%",
      "severity": "HIGH"
    },
    {
      "quarter": "2023-06 (Q2)",
      "signal": "YoY REVENUE GROWTH DECELERATION",
      "detail": "YoY growth: +5.3% vs prior quarter YoY: +10.8% (decel: -5.4%)",
      "severity": "WARNING"
    },
    {
      "quarter": "2023-03 (Q1)",
      "signal": "FCF MARGIN EXPANSION",
      "detail": "FCF margin: -38.1% -> -19.7% (+18.4%)",
      "severity": "MEDIUM"
    },
    {
      "quarter": "2023-03 (Q1)",
      "signal": "GROSS MARGIN INFLECTION",
      "detail": "GM: +40.5% -> +30.2% -> +37.0% (reversal +6.8%)",
      "severity": "HIGH"
    },
    {
      "quarter": "2023-03 (Q1)",
      "signal": "YoY REVENUE GROWTH ACCELERATION",
      "detail": "YoY growth: +10.8% vs prior quarter YoY: -2.4% (accel: +13.2%)",
      "severity": "MEDIUM"
    },
    {
      "quarter": "2022-12 (Q4)",
      "signal": "YoY REVENUE GROWTH DECELERATION",
      "detail": "YoY growth: -2.4% vs prior quarter YoY: +10.4% (decel: -12.8%)",
      "severity": "WARNING"
    },
    {
      "quarter": "2022-09 (Q3)",
      "signal": "FCF TURNED POSITIVE",
      "detail": "FCF margin: -10.7% -> +20.7%",
      "severity": "HIGH"
    },
    {
      "quarter": "2022-06 (Q2)",
      "signal": "FCF MARGIN EXPANSION",
      "detail": "FCF margin: -18.3% -> -10.7% (+7.6%)",
      "severity": "MEDIUM"
    },
    {
      "quarter": "2022-06 (Q2)",
      "signal": "OPERATING LEVERAGE",
      "detail": "Rev growth +18.1% vs OpEx growth +3.6% (leverage: 5.0x)",
      "severity": "MEDIUM"
    },
    {
      "quarter": "2022-06 (Q2)",
      "signal": "GROSS MARGIN INFLECTION",
      "detail": "GM: +30.8% -> +29.7% -> +37.4% (reversal +7.7%)",
      "severity": "HIGH"
    },
    {
      "quarter": "2022-06 (Q2)",
      "signal": "YoY REVENUE GROWTH ACCELERATION",
      "detail": "YoY growth: +5.5% vs prior quarter YoY: -10.3% (accel: +15.7%)",
      "severity": "HIGH"
    },
    {
      "quarter": "2022-06 (Q2)",
      "signal": "OP MARGIN TURNED POSITIVE (YoY)",
      "detail": "Op margin: -0.3% (year-ago) -> +4.0%",
      "severity": "HIGH"
    },
    {
      "quarter": "2022-06 (Q2)",
      "signal": "OP MARGIN TURNED POSITIVE (QoQ)",
      "detail": "Op margin: -8.5% -> +4.0%",
      "severity": "HIGH"
    },
    {
      "quarter": "2021-06 (Q2)",
      "signal": "FCF MARGIN EXPANSION",
      "detail": "FCF margin: +5.7% -> +17.1% (+11.4%)",
      "severity": "MEDIUM"
    }
  ],
  "data_quality": {
    "n_quarters": 20,
    "coverage": {
      "revenue": [
        20,
        20
      ],
      "gross_profit": [
        20,
        20
      ],
      "op_income": [
        19,
        20
      ],
      "fcf": [
        20,
        20
      ]
    },
    "gaps": [],
    "warnings": []
  },
  "market_cap": null,
  "source": "SEC EDGAR",
  "last_updated": "2026-02-02T21:00:08.714433"
}