{
  "ticker": "RILYZ",
  "name": "BRC GROUP HOLDINGS, INC.",
  "quarters": [
    {
      "date": "2020-12-31T00:00:00",
      "quarter_label": "2020-12 (Q4)",
      "revenue": 410206000,
      "gross_profit": null,
      "operating_income": 251068000,
      "net_income": 170463000,
      "opex": 159138000,
      "cogs": null,
      "rd": null,
      "sga": 137088000,
      "fcf": -30213000,
      "ocf": -30213000,
      "capex": null,
      "gross_margin": null,
      "op_margin": 0.6120534560684144,
      "fcf_margin": -0.0736532376415752
    },
    {
      "date": "2021-03-31T00:00:00",
      "quarter_label": "2021-03 (Q1)",
      "revenue": 600159000,
      "gross_profit": 594833000,
      "operating_income": 372978000,
      "net_income": 256598000,
      "opex": 227181000,
      "cogs": 5326000,
      "rd": null,
      "sga": 191344000,
      "fcf": -42894000,
      "ocf": -42894000,
      "capex": null,
      "gross_margin": 0.9911256850268012,
      "op_margin": 0.6214653116924015,
      "fcf_margin": -0.0714710601690552,
      "op_leverage_ratio": 1.0830152970832632,
      "fcf_margin_change": 0.0021821774725200027
    },
    {
      "date": "2021-06-30T00:00:00",
      "quarter_label": "2021-06 (Q2)",
      "revenue": 336770000,
      "gross_profit": 333144000,
      "operating_income": 110145000,
      "net_income": 75100000,
      "opex": 226625000,
      "cogs": 3626000,
      "rd": null,
      "sga": 199922000,
      "fcf": -105007000,
      "ocf": -105007000,
      "capex": null,
      "gross_margin": 0.9892330076907088,
      "op_margin": 0.3270629806692995,
      "fcf_margin": -0.3118062772812305,
      "fcf_margin_change": -0.24033521711217531
    },
    {
      "date": "2021-09-30T00:00:00",
      "quarter_label": "2021-09 (Q3)",
      "revenue": 381522000,
      "gross_profit": 369080000,
      "operating_income": 96746000,
      "net_income": 50550000,
      "opex": 284776000,
      "cogs": 12442000,
      "rd": null,
      "sga": 244218000,
      "fcf": -18751000,
      "ocf": -18751000,
      "capex": null,
      "gross_margin": 0.9673885123269431,
      "op_margin": 0.25357908587185013,
      "fcf_margin": -0.04914788662252766,
      "op_leverage_ratio": 0.5178806467487662,
      "fcf_margin_change": 0.26265839065870283
    },
    {
      "date": "2021-12-31T00:00:00",
      "quarter_label": "2021-12 (Q4)",
      "revenue": 400314000,
      "gross_profit": 394755000,
      "operating_income": 98726000,
      "net_income": 64172000,
      "opex": 301588000,
      "cogs": 5559000,
      "rd": null,
      "sga": 270712000,
      "fcf": 217546000,
      "ocf": 217546000,
      "capex": null,
      "gross_margin": 0.9861134009802305,
      "op_margin": 0.24662140219927356,
      "fcf_margin": 0.5434384008553286,
      "incr_op_margin_yoy": 15.400525677315002,
      "rev_growth_yoy": -0.024114713095371595,
      "op_leverage_ratio": 0.83432915883275,
      "fcf_margin_change": 0.5925862874778562
    },
    {
      "date": "2022-03-31T00:00:00",
      "quarter_label": "2022-03 (Q1)",
      "revenue": 205589000,
      "gross_profit": 203338000,
      "operating_income": 4722000,
      "net_income": -10062000,
      "opex": 200867000,
      "cogs": 2251000,
      "rd": null,
      "sga": 175199000,
      "fcf": -14898000,
      "ocf": -14898000,
      "capex": null,
      "gross_margin": 0.9890509706258603,
      "op_margin": 0.022968154911011777,
      "fcf_margin": -0.07246496651085418,
      "incr_op_margin_yoy": 0.9333096788909446,
      "rev_growth_yoy": -0.6574424444188957,
      "rev_growth_yoy_accel": -0.633327731323524,
      "fcf_margin_change": -0.6159033673661828
    },
    {
      "date": "2022-06-30T00:00:00",
      "quarter_label": "2022-06 (Q2)",
      "revenue": 42700000,
      "gross_profit": 40706000,
      "operating_income": -158759000,
      "net_income": -140159000,
      "opex": 201459000,
      "cogs": 1994000,
      "rd": null,
      "sga": 167136000,
      "fcf": -35001000,
      "ocf": -35001000,
      "capex": null,
      "gross_margin": 0.9533021077283372,
      "op_margin": -3.718009367681499,
      "fcf_margin": -0.819695550351288,
      "incr_op_margin_yoy": 0.9144217363212841,
      "rev_growth_yoy": -0.8732072334234047,
      "rev_growth_yoy_accel": -0.21576478900450902,
      "fcf_margin_change": -0.7472305838404338
    },
    {
      "date": "2022-09-30T00:00:00",
      "quarter_label": "2022-09 (Q3)",
      "revenue": 340363000,
      "gross_profit": 337274000,
      "operating_income": 103561000,
      "net_income": 47837000,
      "opex": 236802000,
      "cogs": 3089000,
      "rd": null,
      "sga": 163727000,
      "fcf": -22915000,
      "ocf": -22915000,
      "capex": null,
      "gross_margin": 0.9909243954248846,
      "op_margin": 0.30426632742101817,
      "fcf_margin": -0.06732517929387154,
      "incr_op_margin_yoy": -0.1655773949804417,
      "rev_growth_yoy": -0.10788106583630826,
      "rev_growth_yoy_accel": 0.7653261675870964,
      "op_leverage_ratio": 39.735642769775566,
      "fcf_margin_change": 0.7523703710574166
    },
    {
      "date": "2022-12-31T00:00:00",
      "quarter_label": "2022-12 (Q4)",
      "revenue": 382092000,
      "gross_profit": 310779000,
      "operating_income": 9998000,
      "net_income": -57445000,
      "opex": 372094000,
      "cogs": 71313000,
      "rd": null,
      "sga": 208552000,
      "fcf": 79467000,
      "ocf": 79467000,
      "capex": null,
      "gross_margin": 0.8133617034640872,
      "op_margin": 0.02616647299603237,
      "fcf_margin": 0.20797870669891022,
      "incr_op_margin_yoy": 4.869278893645045,
      "rev_growth_yoy": -0.045519267375110535,
      "rev_growth_yoy_accel": 0.06236179846119772,
      "op_leverage_ratio": 0.21458970540052874,
      "fcf_margin_change": 0.27530388599278177
    },
    {
      "date": "2023-03-31T00:00:00",
      "quarter_label": "2023-03 (Q1)",
      "revenue": 432090000,
      "gross_profit": 384464000,
      "operating_income": 84923000,
      "net_income": 17155000,
      "opex": 347167000,
      "cogs": 47626000,
      "rd": null,
      "sga": 212627000,
      "fcf": 52617000,
      "ocf": 52617000,
      "capex": null,
      "gross_margin": 0.8897775926311648,
      "op_margin": 0.19654007267004558,
      "fcf_margin": 0.12177324168575991,
      "incr_op_margin_yoy": 0.3540867369238988,
      "rev_growth_yoy": 1.1017175043411855,
      "rev_growth_yoy_accel": 1.1472367717162961,
      "op_leverage_ratio": Infinity,
      "fcf_margin_change": -0.08620546501315031
    },
    {
      "date": "2023-06-30T00:00:00",
      "quarter_label": "2023-06 (Q2)",
      "revenue": 406278000,
      "gross_profit": 365961000,
      "operating_income": 82994000,
      "net_income": 46381000,
      "opex": 323284000,
      "cogs": 40317000,
      "rd": null,
      "sga": 188885000,
      "fcf": 24488000,
      "ocf": 24488000,
      "capex": null,
      "gross_margin": 0.9007649934281453,
      "op_margin": 0.2042788435504753,
      "fcf_margin": 0.06027399957664456,
      "incr_op_margin_yoy": 0.6649274708590729,
      "rev_growth_yoy": 8.51470725995316,
      "rev_growth_yoy_accel": 7.412989755611975,
      "fcf_margin_change": -0.06149924210911535
    },
    {
      "date": "2023-09-30T00:00:00",
      "quarter_label": "2023-09 (Q3)",
      "revenue": 462312000,
      "gross_profit": 384259000,
      "operating_income": 20625000,
      "net_income": -73823000,
      "opex": 441687000,
      "cogs": 78053000,
      "rd": null,
      "sga": 221688000,
      "fcf": -118062000,
      "ocf": -118062000,
      "capex": null,
      "gross_margin": 0.8311681288826593,
      "op_margin": 0.04461272906608524,
      "fcf_margin": -0.2553729948606136,
      "incr_op_margin_yoy": -0.6800875775939123,
      "rev_growth_yoy": 0.35829100107826056,
      "rev_growth_yoy_accel": -8.1564162588749,
      "op_leverage_ratio": 0.37657356047137885,
      "fcf_margin_change": -0.3156469944372582
    },
    {
      "date": "2023-12-31T00:00:00",
      "quarter_label": "2023-12 (Q4)",
      "revenue": 342920000,
      "gross_profit": 295565000,
      "operating_income": -43889000,
      "net_income": -89623000,
      "opex": 386809000,
      "cogs": 47355000,
      "rd": null,
      "sga": 205703000,
      "fcf": 65459000,
      "ocf": 65459000,
      "capex": null,
      "gross_margin": 0.8619065671293596,
      "op_margin": -0.1279861192114779,
      "fcf_margin": 0.190887087367316,
      "incr_op_margin_yoy": 1.3756509751863577,
      "rev_growth_yoy": -0.10251981198245448,
      "rev_growth_yoy_accel": -0.46081081306071503,
      "fcf_margin_change": 0.44626008222792957
    },
    {
      "date": "2024-03-31T00:00:00",
      "quarter_label": "2024-03 (Q1)",
      "revenue": 343032000,
      "gross_profit": 303417000,
      "operating_income": -3429000,
      "net_income": -49165000,
      "opex": 346461000,
      "cogs": 39615000,
      "rd": null,
      "sga": 209548000,
      "fcf": 135357000,
      "ocf": 135357000,
      "capex": null,
      "gross_margin": 0.8845151472748898,
      "op_margin": -0.009996151962499126,
      "fcf_margin": 0.39459000909536135,
      "incr_op_margin_yoy": 0.9920725819129107,
      "rev_growth_yoy": -0.2061098382281469,
      "rev_growth_yoy_accel": -0.10359002624569243,
      "fcf_margin_change": 0.20370292172804536
    },
    {
      "date": "2024-06-30T00:00:00",
      "quarter_label": "2024-06 (Q2)",
      "revenue": 148365000,
      "gross_profit": 101647000,
      "operating_income": -220256000,
      "net_income": -433604000,
      "opex": 368621000,
      "cogs": 46718000,
      "rd": null,
      "sga": 209338000,
      "fcf": 111482000,
      "ocf": 111482000,
      "capex": null,
      "gross_margin": 0.6851144137768341,
      "op_margin": -1.4845549826441546,
      "fcf_margin": 0.7514036329322954,
      "incr_op_margin_yoy": 1.1757840822292789,
      "rev_growth_yoy": -0.6348190155509282,
      "rev_growth_yoy_accel": -0.42870917732278135,
      "fcf_margin_change": 0.35681362383693405
    },
    {
      "date": "2024-09-30T00:00:00",
      "quarter_label": "2024-09 (Q3)",
      "revenue": 199305000,
      "gross_profit": 158993000,
      "operating_income": -81746000,
      "net_income": -284397000,
      "opex": 281051000,
      "cogs": 40312000,
      "rd": null,
      "sga": 184605000,
      "fcf": 19455000,
      "ocf": 19455000,
      "capex": null,
      "gross_margin": 0.7977371365495095,
      "op_margin": -0.41015528963146936,
      "fcf_margin": 0.09761420937758712,
      "incr_op_margin_yoy": 0.3892329861942838,
      "rev_growth_yoy": -0.5688950319264912,
      "rev_growth_yoy_accel": 0.06592398362443708,
      "op_leverage_ratio": Infinity,
      "fcf_margin_change": -0.6537894235547083
    },
    {
      "date": "2024-12-31T00:00:00",
      "quarter_label": "2024-12 (Q4)",
      "revenue": 201375000,
      "gross_profit": 152638000,
      "operating_income": -155017000,
      "net_income": 2892000,
      "opex": 356392000,
      "cogs": 48737000,
      "rd": null,
      "sga": 182400000,
      "fcf": -2743000,
      "ocf": -2743000,
      "capex": null,
      "gross_margin": 0.7579788950962135,
      "op_margin": -0.7697926753569212,
      "fcf_margin": -0.013621353196772192,
      "incr_op_margin_yoy": 0.78510720972129,
      "rev_growth_yoy": -0.4127639099498425,
      "rev_growth_yoy_accel": 0.15613112197664863,
      "op_leverage_ratio": 0.0387441293523731,
      "fcf_margin_change": -0.11123556257435932
    },
    {
      "date": "2025-03-31T00:00:00",
      "quarter_label": "2025-03 (Q1)",
      "revenue": 186063000,
      "gross_profit": 149330000,
      "operating_income": -61477000,
      "net_income": -9975000,
      "opex": 247540000,
      "cogs": 36733000,
      "rd": null,
      "sga": 167388000,
      "fcf": 184000,
      "ocf": 184000,
      "capex": null,
      "gross_margin": 0.8025776215582894,
      "op_margin": -0.3304095924498691,
      "fcf_margin": 0.000988912357642304,
      "incr_op_margin_yoy": 0.3698055029974071,
      "rev_growth_yoy": -0.45759287763240747,
      "rev_growth_yoy_accel": -0.044828967682564946,
      "fcf_margin_change": 0.014610265554414496
    },
    {
      "date": "2025-06-30T00:00:00",
      "quarter_label": "2025-06 (Q2)",
      "revenue": 225302000,
      "gross_profit": 190189000,
      "operating_income": 10815000,
      "net_income": 139471000,
      "opex": 214487000,
      "cogs": 35113000,
      "rd": null,
      "sga": 142369000,
      "fcf": -25559000,
      "ocf": -25559000,
      "capex": null,
      "gross_margin": 0.8441514056688356,
      "op_margin": 0.048002236997452305,
      "fcf_margin": -0.11344328945149178,
      "incr_op_margin_yoy": 3.0033793883307123,
      "rev_growth_yoy": 0.5185656994574191,
      "rev_growth_yoy_accel": 0.9761585770898267,
      "op_leverage_ratio": Infinity,
      "fcf_margin_change": -0.11443220180913408
    },
    {
      "date": "2025-09-30T00:00:00",
      "quarter_label": "2025-09 (Q3)",
      "revenue": 277871000,
      "gross_profit": 242870000,
      "operating_income": 65409000,
      "net_income": 91083000,
      "opex": 212462000,
      "cogs": 35001000,
      "rd": null,
      "sga": 143892000,
      "fcf": -60557000,
      "ocf": -60557000,
      "capex": null,
      "gross_margin": 0.8740386726214683,
      "op_margin": 0.23539340197429742,
      "fcf_margin": -0.2179320619999928,
      "incr_op_margin_yoy": 1.873011226230176,
      "rev_growth_yoy": 0.39419984445949674,
      "rev_growth_yoy_accel": -0.12436585499792241,
      "op_leverage_ratio": Infinity,
      "fcf_margin_change": -0.10448877254850102
    }
  ],
  "signals": [
    {
      "quarter": "2025-09 (Q3)",
      "signal": "YoY REVENUE GROWTH DECELERATION",
      "detail": "YoY growth: +39.4% vs prior quarter YoY: +51.9% (decel: -12.4%)",
      "severity": "WARNING"
    },
    {
      "quarter": "2025-09 (Q3)",
      "signal": "OP MARGIN TURNED POSITIVE (YoY)",
      "detail": "Op margin: -41.0% (year-ago) -> +23.5%",
      "severity": "HIGH"
    },
    {
      "quarter": "2025-06 (Q2)",
      "signal": "YoY REVENUE GROWTH ACCELERATION",
      "detail": "YoY growth: +51.9% vs prior quarter YoY: -45.8% (accel: +97.6%)",
      "severity": "HIGH"
    },
    {
      "quarter": "2025-06 (Q2)",
      "signal": "OP MARGIN TURNED POSITIVE (YoY)",
      "detail": "Op margin: -148.5% (year-ago) -> +4.8%",
      "severity": "HIGH"
    },
    {
      "quarter": "2025-06 (Q2)",
      "signal": "OP MARGIN TURNED POSITIVE (QoQ)",
      "detail": "Op margin: -33.0% -> +4.8%",
      "severity": "HIGH"
    },
    {
      "quarter": "2025-03 (Q1)",
      "signal": "FCF TURNED POSITIVE",
      "detail": "FCF margin: -1.4% -> +0.1%",
      "severity": "HIGH"
    },
    {
      "quarter": "2025-03 (Q1)",
      "signal": "GROSS MARGIN INFLECTION",
      "detail": "GM: +79.8% -> +75.8% -> +80.3% (reversal +4.5%)",
      "severity": "MEDIUM"
    },
    {
      "quarter": "2024-12 (Q4)",
      "signal": "YoY REVENUE GROWTH ACCELERATION",
      "detail": "YoY growth: -41.3% vs prior quarter YoY: -56.9% (accel: +15.6%)",
      "severity": "HIGH"
    },
    {
      "quarter": "2024-09 (Q3)",
      "signal": "GROSS MARGIN INFLECTION",
      "detail": "GM: +88.5% -> +68.5% -> +79.8% (reversal +11.3%)",
      "severity": "HIGH"
    },
    {
      "quarter": "2024-09 (Q3)",
      "signal": "YoY REVENUE GROWTH ACCELERATION",
      "detail": "YoY growth: -56.9% vs prior quarter YoY: -63.5% (accel: +6.6%)",
      "severity": "MEDIUM"
    },
    {
      "quarter": "2024-06 (Q2)",
      "signal": "FCF MARGIN EXPANSION",
      "detail": "FCF margin: +39.5% -> +75.1% (+35.7%)",
      "severity": "MEDIUM"
    },
    {
      "quarter": "2024-06 (Q2)",
      "signal": "YoY REVENUE GROWTH DECELERATION",
      "detail": "YoY growth: -63.5% vs prior quarter YoY: -20.6% (decel: -42.9%)",
      "severity": "WARNING"
    },
    {
      "quarter": "2024-03 (Q1)",
      "signal": "FCF MARGIN EXPANSION",
      "detail": "FCF margin: +19.1% -> +39.5% (+20.4%)",
      "severity": "MEDIUM"
    },
    {
      "quarter": "2024-03 (Q1)",
      "signal": "YoY REVENUE GROWTH DECELERATION",
      "detail": "YoY growth: -20.6% vs prior quarter YoY: -10.3% (decel: -10.4%)",
      "severity": "WARNING"
    },
    {
      "quarter": "2023-12 (Q4)",
      "signal": "FCF TURNED POSITIVE",
      "detail": "FCF margin: -25.5% -> +19.1%",
      "severity": "HIGH"
    },
    {
      "quarter": "2023-12 (Q4)",
      "signal": "GROSS MARGIN INFLECTION",
      "detail": "GM: +90.1% -> +83.1% -> +86.2% (reversal +3.1%)",
      "severity": "MEDIUM"
    },
    {
      "quarter": "2023-12 (Q4)",
      "signal": "YoY REVENUE GROWTH DECELERATION",
      "detail": "YoY growth: -10.3% vs prior quarter YoY: +35.8% (decel: -46.1%)",
      "severity": "WARNING"
    },
    {
      "quarter": "2023-09 (Q3)",
      "signal": "YoY REVENUE GROWTH DECELERATION",
      "detail": "YoY growth: +35.8% vs prior quarter YoY: +851.5% (decel: -815.6%)",
      "severity": "WARNING"
    },
    {
      "quarter": "2023-06 (Q2)",
      "signal": "YoY REVENUE GROWTH ACCELERATION",
      "detail": "YoY growth: +851.5% vs prior quarter YoY: +110.2% (accel: +741.3%)",
      "severity": "HIGH"
    },
    {
      "quarter": "2023-06 (Q2)",
      "signal": "OP MARGIN TURNED POSITIVE (YoY)",
      "detail": "Op margin: -371.8% (year-ago) -> +20.4%",
      "severity": "HIGH"
    },
    {
      "quarter": "2023-03 (Q1)",
      "signal": "GROSS MARGIN INFLECTION",
      "detail": "GM: +99.1% -> +81.3% -> +89.0% (reversal +7.6%)",
      "severity": "HIGH"
    },
    {
      "quarter": "2023-03 (Q1)",
      "signal": "YoY REVENUE GROWTH ACCELERATION",
      "detail": "YoY growth: +110.2% vs prior quarter YoY: -4.6% (accel: +114.7%)",
      "severity": "HIGH"
    },
    {
      "quarter": "2023-03 (Q1)",
      "signal": "INCREMENTAL MARGIN (YoY)",
      "detail": "YoY Incr OPM: +35.4% vs year-ago OPM: +2.3%",
      "severity": "HIGH"
    },
    {
      "quarter": "2022-12 (Q4)",
      "signal": "FCF TURNED POSITIVE",
      "detail": "FCF margin: -6.7% -> +20.8%",
      "severity": "HIGH"
    },
    {
      "quarter": "2022-12 (Q4)",
      "signal": "YoY REVENUE GROWTH ACCELERATION",
      "detail": "YoY growth: -4.6% vs prior quarter YoY: -10.8% (accel: +6.2%)",
      "severity": "MEDIUM"
    },
    {
      "quarter": "2022-12 (Q4)",
      "signal": "INCREMENTAL MARGIN (YoY)",
      "detail": "YoY Incr OPM: +486.9% vs year-ago OPM: +24.7%",
      "severity": "HIGH"
    },
    {
      "quarter": "2022-09 (Q3)",
      "signal": "FCF MARGIN EXPANSION",
      "detail": "FCF margin: -82.0% -> -6.7% (+75.2%)",
      "severity": "MEDIUM"
    },
    {
      "quarter": "2022-09 (Q3)",
      "signal": "OPERATING LEVERAGE",
      "detail": "Rev growth +697.1% vs OpEx growth +17.5% (leverage: 39.7x)",
      "severity": "MEDIUM"
    },
    {
      "quarter": "2022-09 (Q3)",
      "signal": "GROSS MARGIN INFLECTION",
      "detail": "GM: +98.9% -> +95.3% -> +99.1% (reversal +3.8%)",
      "severity": "MEDIUM"
    },
    {
      "quarter": "2022-09 (Q3)",
      "signal": "YoY REVENUE GROWTH ACCELERATION",
      "detail": "YoY growth: -10.8% vs prior quarter YoY: -87.3% (accel: +76.5%)",
      "severity": "HIGH"
    },
    {
      "quarter": "2022-09 (Q3)",
      "signal": "OP MARGIN TURNED POSITIVE (QoQ)",
      "detail": "Op margin: -371.8% -> +30.4%",
      "severity": "HIGH"
    },
    {
      "quarter": "2022-06 (Q2)",
      "signal": "YoY REVENUE GROWTH DECELERATION",
      "detail": "YoY growth: -87.3% vs prior quarter YoY: -65.7% (decel: -21.6%)",
      "severity": "WARNING"
    },
    {
      "quarter": "2022-03 (Q1)",
      "signal": "YoY REVENUE GROWTH DECELERATION",
      "detail": "YoY growth: -65.7% vs prior quarter YoY: -2.4% (decel: -63.3%)",
      "severity": "WARNING"
    },
    {
      "quarter": "2022-03 (Q1)",
      "signal": "INCREMENTAL MARGIN (YoY)",
      "detail": "YoY Incr OPM: +93.3% vs year-ago OPM: +62.1%",
      "severity": "HIGH"
    },
    {
      "quarter": "2021-12 (Q4)",
      "signal": "FCF TURNED POSITIVE",
      "detail": "FCF margin: -4.9% -> +54.3%",
      "severity": "HIGH"
    },
    {
      "quarter": "2021-12 (Q4)",
      "signal": "INCREMENTAL MARGIN (YoY)",
      "detail": "YoY Incr OPM: +1540.1% vs year-ago OPM: +61.2%",
      "severity": "HIGH"
    },
    {
      "quarter": "2021-09 (Q3)",
      "signal": "FCF MARGIN EXPANSION",
      "detail": "FCF margin: -31.2% -> -4.9% (+26.3%)",
      "severity": "MEDIUM"
    }
  ],
  "data_quality": {
    "n_quarters": 20,
    "coverage": {
      "revenue": [
        20,
        20
      ],
      "gross_profit": [
        19,
        20
      ],
      "op_income": [
        20,
        20
      ],
      "fcf": [
        20,
        20
      ]
    },
    "gaps": [],
    "warnings": []
  },
  "market_cap": null,
  "source": "SEC EDGAR",
  "last_updated": "2026-02-03T01:09:02.645052"
}