{
  "ticker": "RIOT",
  "name": "Riot Platforms,\u00a0Inc.",
  "quarters": [
    {
      "date": "2020-12-31T00:00:00",
      "quarter_label": "2020-12 (Q4)",
      "revenue": 5291000,
      "gross_profit": 3189000,
      "operating_income": -831000,
      "net_income": 3910000,
      "opex": 6122000,
      "cogs": 2102000,
      "rd": null,
      "sga": 2287000,
      "fcf": 4099000,
      "ocf": 5973000,
      "capex": -1874000,
      "gross_margin": 0.6027216027216027,
      "op_margin": -0.15705915705915707,
      "fcf_margin": 0.7747117747117747
    },
    {
      "date": "2021-03-31T00:00:00",
      "quarter_label": "2021-03 (Q1)",
      "revenue": 23197000,
      "gross_profit": 15663000,
      "operating_income": 7355000,
      "net_income": 7530000,
      "opex": 15842000,
      "cogs": 7534000,
      "rd": null,
      "sga": 5462000,
      "fcf": -8259000,
      "ocf": -5989000,
      "capex": -2270000,
      "gross_margin": 0.6752166228391603,
      "op_margin": 0.31706686209423635,
      "fcf_margin": -0.3560374186317196,
      "op_leverage_ratio": 2.1315124759569204,
      "fcf_margin_change": -1.1307491933434943
    },
    {
      "date": "2021-06-30T00:00:00",
      "quarter_label": "2021-06 (Q2)",
      "revenue": 34348000,
      "gross_profit": null,
      "operating_income": -5151000,
      "net_income": 19337000,
      "opex": 39499000,
      "cogs": null,
      "rd": null,
      "sga": 3512000,
      "fcf": -26027000,
      "ocf": -21171000,
      "capex": -4856000,
      "gross_margin": null,
      "op_margin": -0.14996506346803307,
      "fcf_margin": -0.7577442645860021,
      "op_leverage_ratio": 0.32190841699231393,
      "fcf_margin_change": -0.40170684595428247
    },
    {
      "date": "2021-09-30T00:00:00",
      "quarter_label": "2021-09 (Q3)",
      "revenue": 64808000,
      "gross_profit": null,
      "operating_income": -4212000,
      "net_income": -15343000,
      "opex": 69020000,
      "cogs": null,
      "rd": null,
      "sga": 40307000,
      "fcf": -105446000,
      "ocf": -33714000,
      "capex": -71732000,
      "gross_margin": null,
      "op_margin": -0.06499197629922232,
      "fcf_margin": -1.62705221577583,
      "op_leverage_ratio": 1.1865429976368107,
      "fcf_margin_change": -0.869307951189828
    },
    {
      "date": "2021-12-31T00:00:00",
      "quarter_label": "2021-12 (Q4)",
      "revenue": 90890000,
      "gross_profit": null,
      "operating_income": -20351000,
      "net_income": -19450000,
      "opex": 111241000,
      "cogs": null,
      "rd": null,
      "sga": 39458000,
      "fcf": -93466000,
      "ocf": -25208000,
      "capex": -68258000,
      "gross_margin": null,
      "op_margin": -0.2239080206843437,
      "fcf_margin": -1.02834195180988,
      "incr_op_margin_yoy": -0.22804004719681303,
      "rev_growth_yoy": 16.17822717822718,
      "op_leverage_ratio": 0.6578982195077406,
      "fcf_margin_change": 0.5987102639659501
    },
    {
      "date": "2022-03-31T00:00:00",
      "quarter_label": "2022-03 (Q1)",
      "revenue": 79787000,
      "gross_profit": null,
      "operating_income": 37909000,
      "net_income": 35629000,
      "opex": 41878000,
      "cogs": null,
      "rd": null,
      "sga": 10910000,
      "fcf": -82397000,
      "ocf": -45318000,
      "capex": -37079000,
      "gross_margin": null,
      "op_margin": 0.475127527040746,
      "fcf_margin": -1.0327120959554814,
      "incr_op_margin_yoy": 0.5399187135536314,
      "rev_growth_yoy": 2.439539595637367,
      "rev_growth_yoy_accel": -13.738687582589812,
      "fcf_margin_change": -0.00437014414560144
    },
    {
      "date": "2022-06-30T00:00:00",
      "quarter_label": "2022-06 (Q2)",
      "revenue": 72947000,
      "gross_profit": null,
      "operating_income": -366013000,
      "net_income": -366334000,
      "opex": 438960000,
      "cogs": null,
      "rd": null,
      "sga": 10713000,
      "fcf": -9399000,
      "ocf": 30925000,
      "capex": -40324000,
      "gross_margin": null,
      "op_margin": -5.017519569002152,
      "fcf_margin": -0.12884697108859858,
      "incr_op_margin_yoy": -9.348998678722246,
      "rev_growth_yoy": 1.123762664492838,
      "rev_growth_yoy_accel": -1.3157769311445289,
      "fcf_margin_change": 0.9038651248668829
    },
    {
      "date": "2022-09-30T00:00:00",
      "quarter_label": "2022-09 (Q3)",
      "revenue": 46290000,
      "gross_profit": null,
      "operating_income": -40011000,
      "net_income": -36569000,
      "opex": 86301000,
      "cogs": null,
      "rd": null,
      "sga": 16004000,
      "fcf": -38840000,
      "ocf": 13429000,
      "capex": -52269000,
      "gross_margin": null,
      "op_margin": -0.8643551523007129,
      "fcf_margin": -0.8390581119032189,
      "incr_op_margin_yoy": 1.933200129603629,
      "rev_growth_yoy": -0.2857363288482903,
      "rev_growth_yoy_accel": -1.4094989933411284,
      "fcf_margin_change": -0.7102111408146203
    },
    {
      "date": "2022-12-31T00:00:00",
      "quarter_label": "2022-12 (Q4)",
      "revenue": 60147000,
      "gross_profit": null,
      "operating_income": -158086000,
      "net_income": -155779000,
      "opex": 218233000,
      "cogs": null,
      "rd": null,
      "sga": 29903000,
      "fcf": -17246000,
      "ocf": 1494000,
      "capex": -18740000,
      "gross_margin": null,
      "op_margin": -2.6283272648677407,
      "fcf_margin": -0.2867308427685504,
      "incr_op_margin_yoy": 4.480206876362098,
      "rev_growth_yoy": -0.33824403124656177,
      "rev_growth_yoy_accel": -0.05250770239827146,
      "op_leverage_ratio": 0.19581579408658234,
      "fcf_margin_change": 0.5523272691346686
    },
    {
      "date": "2023-03-31T00:00:00",
      "quarter_label": "2023-03 (Q1)",
      "revenue": 73236000,
      "gross_profit": null,
      "operating_income": -56827000,
      "net_income": -55688000,
      "opex": 130063000,
      "cogs": null,
      "rd": null,
      "sga": 12675000,
      "fcf": -18592000,
      "ocf": 32363000,
      "capex": -50955000,
      "gross_margin": null,
      "op_margin": -0.7759435250423289,
      "fcf_margin": -0.2538642197826206,
      "incr_op_margin_yoy": 14.46130361776828,
      "rev_growth_yoy": -0.0821061075112487,
      "rev_growth_yoy_accel": 0.2561379237353131,
      "op_leverage_ratio": Infinity,
      "fcf_margin_change": 0.032866622985929794
    },
    {
      "date": "2023-06-30T00:00:00",
      "quarter_label": "2023-06 (Q2)",
      "revenue": 76739000,
      "gross_profit": null,
      "operating_income": -32483000,
      "net_income": -27687000,
      "opex": 109222000,
      "cogs": null,
      "rd": null,
      "sga": 19836000,
      "fcf": -94616000,
      "ocf": -38147000,
      "capex": -56469000,
      "gross_margin": null,
      "op_margin": -0.4232919376066928,
      "fcf_margin": -1.2329584696177953,
      "incr_op_margin_yoy": 87.95622362869199,
      "rev_growth_yoy": 0.05198294652281794,
      "rev_growth_yoy_accel": 0.13408905403406662,
      "op_leverage_ratio": Infinity,
      "fcf_margin_change": -0.9790942498351747
    },
    {
      "date": "2023-09-30T00:00:00",
      "quarter_label": "2023-09 (Q3)",
      "revenue": 51891000,
      "gross_profit": null,
      "operating_income": -47831000,
      "net_income": -45325000,
      "opex": 99722000,
      "cogs": null,
      "rd": null,
      "sga": 29067000,
      "fcf": -46951000,
      "ocf": -6166000,
      "capex": -40785000,
      "gross_margin": null,
      "op_margin": -0.9217590719007149,
      "fcf_margin": -0.9048004470910177,
      "incr_op_margin_yoy": -1.3961792537046955,
      "rev_growth_yoy": 0.12099805573558003,
      "rev_growth_yoy_accel": 0.0690151092127621,
      "fcf_margin_change": 0.3281580225267776
    },
    {
      "date": "2023-12-31T00:00:00",
      "quarter_label": "2023-12 (Q4)",
      "revenue": 78812000,
      "gross_profit": null,
      "operating_income": 74094000,
      "net_income": 79228000,
      "opex": 4718000,
      "cogs": null,
      "rd": null,
      "sga": 38768000,
      "fcf": -460000,
      "ocf": 45035000,
      "capex": -45495000,
      "gross_margin": null,
      "op_margin": 0.9401360198954474,
      "fcf_margin": -0.005836674618078465,
      "incr_op_margin_yoy": 12.439324939726761,
      "rev_growth_yoy": 0.31032304188072557,
      "rev_growth_yoy_accel": 0.18932498614514554,
      "op_leverage_ratio": Infinity,
      "fcf_margin_change": 0.8989637724729392
    },
    {
      "date": "2024-03-31T00:00:00",
      "quarter_label": "2024-03 (Q1)",
      "revenue": 79296000,
      "gross_profit": null,
      "operating_income": 203942000,
      "net_income": 211777000,
      "opex": -124646000,
      "cogs": null,
      "rd": null,
      "sga": 57652000,
      "fcf": -115162000,
      "ocf": -57853000,
      "capex": -57309000,
      "gross_margin": null,
      "op_margin": 2.5719077885391446,
      "fcf_margin": -1.4523052865213881,
      "incr_op_margin_yoy": 43.03118811881188,
      "rev_growth_yoy": 0.08274619039816483,
      "rev_growth_yoy_accel": -0.22757685148256074,
      "fcf_margin_change": -1.4464686119033097
    },
    {
      "date": "2024-06-30T00:00:00",
      "quarter_label": "2024-06 (Q2)",
      "revenue": 70018000,
      "gross_profit": null,
      "operating_income": -117041000,
      "net_income": -84449000,
      "opex": 187059000,
      "cogs": null,
      "rd": null,
      "sga": 61189000,
      "fcf": -96051000,
      "ocf": -42512000,
      "capex": -53539000,
      "gross_margin": null,
      "op_margin": -1.6715844497129309,
      "fcf_margin": -1.3718043931560455,
      "incr_op_margin_yoy": 12.58116351733373,
      "rev_growth_yoy": -0.08758258512620701,
      "rev_growth_yoy_accel": -0.17032877552437184,
      "fcf_margin_change": 0.08050089336534261
    },
    {
      "date": "2024-09-30T00:00:00",
      "quarter_label": "2024-09 (Q3)",
      "revenue": 84786000,
      "gross_profit": null,
      "operating_income": -121513000,
      "net_income": -154362000,
      "opex": 206299000,
      "cogs": null,
      "rd": null,
      "sga": 66936000,
      "fcf": -127617000,
      "ocf": -56331000,
      "capex": -71286000,
      "gross_margin": null,
      "op_margin": -1.4331729294930766,
      "fcf_margin": -1.5051659472082655,
      "incr_op_margin_yoy": -2.2399148806809546,
      "rev_growth_yoy": 0.6339249580852171,
      "rev_growth_yoy_accel": 0.7215075432114241,
      "op_leverage_ratio": 2.050621577617493,
      "fcf_margin_change": -0.13336155405221994
    },
    {
      "date": "2024-12-31T00:00:00",
      "quarter_label": "2024-12 (Q4)",
      "revenue": 142558000,
      "gross_profit": null,
      "operating_income": 188202000,
      "net_income": 136435000,
      "opex": -45644000,
      "cogs": null,
      "rd": null,
      "sga": 81138000,
      "fcf": -156562000,
      "ocf": -98356000,
      "capex": -58206000,
      "gross_margin": null,
      "op_margin": 1.32017845368201,
      "fcf_margin": -1.0982337013706702,
      "incr_op_margin_yoy": 1.7900417281084304,
      "rev_growth_yoy": 0.8088362178348475,
      "rev_growth_yoy_accel": 0.1749112597496304,
      "op_leverage_ratio": Infinity,
      "fcf_margin_change": 0.40693224583759524
    },
    {
      "date": "2025-03-31T00:00:00",
      "quarter_label": "2025-03 (Q1)",
      "revenue": 161387000,
      "gross_profit": null,
      "operating_income": -233874000,
      "net_income": -296367000,
      "opex": 395261000,
      "cogs": null,
      "rd": null,
      "sga": 71448000,
      "fcf": -154918000,
      "ocf": -122060000,
      "capex": -32858000,
      "gross_margin": null,
      "op_margin": -1.4491501793824781,
      "fcf_margin": -0.9599162262140073,
      "incr_op_margin_yoy": -5.333300849057753,
      "rev_growth_yoy": 1.0352476795803067,
      "rev_growth_yoy_accel": 0.22641146174545923,
      "op_leverage_ratio": Infinity,
      "fcf_margin_change": 0.13831747515666293
    },
    {
      "date": "2025-06-30T00:00:00",
      "quarter_label": "2025-06 (Q2)",
      "revenue": 152988000,
      "gross_profit": null,
      "operating_income": 216146000,
      "net_income": 219454000,
      "opex": -63158000,
      "cogs": null,
      "rd": null,
      "sga": 75902000,
      "fcf": -291702000,
      "ocf": -231325000,
      "capex": -60377000,
      "gross_margin": null,
      "op_margin": 1.412829764425968,
      "fcf_margin": -1.9066985645933014,
      "incr_op_margin_yoy": 4.015752681692178,
      "rev_growth_yoy": 1.1849810048844582,
      "rev_growth_yoy_accel": 0.1497333253041515,
      "fcf_margin_change": -0.9467823383792942
    },
    {
      "date": "2025-09-30T00:00:00",
      "quarter_label": "2025-09 (Q3)",
      "revenue": 180229000,
      "gross_profit": null,
      "operating_income": 80051000,
      "net_income": 104480000,
      "opex": 100178000,
      "cogs": null,
      "rd": null,
      "sga": 69832000,
      "fcf": -139703000,
      "ocf": -114015000,
      "capex": -25688000,
      "gross_margin": null,
      "op_margin": 0.44416270411531994,
      "fcf_margin": -0.7751416253766042,
      "incr_op_margin_yoy": 2.11187829385078,
      "rev_growth_yoy": 1.1256929210011086,
      "rev_growth_yoy_accel": -0.05928808388334961,
      "op_leverage_ratio": Infinity,
      "fcf_margin_change": 1.131556939216697
    }
  ],
  "signals": [
    {
      "quarter": "2025-09 (Q3)",
      "signal": "FCF MARGIN EXPANSION",
      "detail": "FCF margin: -190.7% -> -77.5% (+113.2%)",
      "severity": "MEDIUM"
    },
    {
      "quarter": "2025-09 (Q3)",
      "signal": "YoY REVENUE GROWTH DECELERATION",
      "detail": "YoY growth: +112.6% vs prior quarter YoY: +118.5% (decel: -5.9%)",
      "severity": "WARNING"
    },
    {
      "quarter": "2025-09 (Q3)",
      "signal": "OP MARGIN TURNED POSITIVE (YoY)",
      "detail": "Op margin: -143.3% (year-ago) -> +44.4%",
      "severity": "HIGH"
    },
    {
      "quarter": "2025-06 (Q2)",
      "signal": "YoY REVENUE GROWTH ACCELERATION",
      "detail": "YoY growth: +118.5% vs prior quarter YoY: +103.5% (accel: +15.0%)",
      "severity": "MEDIUM"
    },
    {
      "quarter": "2025-06 (Q2)",
      "signal": "OP MARGIN TURNED POSITIVE (YoY)",
      "detail": "Op margin: -167.2% (year-ago) -> +141.3%",
      "severity": "HIGH"
    },
    {
      "quarter": "2025-06 (Q2)",
      "signal": "OP MARGIN TURNED POSITIVE (QoQ)",
      "detail": "Op margin: -144.9% -> +141.3%",
      "severity": "HIGH"
    },
    {
      "quarter": "2025-03 (Q1)",
      "signal": "FCF MARGIN EXPANSION",
      "detail": "FCF margin: -109.8% -> -96.0% (+13.8%)",
      "severity": "MEDIUM"
    },
    {
      "quarter": "2025-03 (Q1)",
      "signal": "YoY REVENUE GROWTH ACCELERATION",
      "detail": "YoY growth: +103.5% vs prior quarter YoY: +80.9% (accel: +22.6%)",
      "severity": "HIGH"
    },
    {
      "quarter": "2024-12 (Q4)",
      "signal": "FCF MARGIN EXPANSION",
      "detail": "FCF margin: -150.5% -> -109.8% (+40.7%)",
      "severity": "MEDIUM"
    },
    {
      "quarter": "2024-12 (Q4)",
      "signal": "YoY REVENUE GROWTH ACCELERATION",
      "detail": "YoY growth: +80.9% vs prior quarter YoY: +63.4% (accel: +17.5%)",
      "severity": "HIGH"
    },
    {
      "quarter": "2024-12 (Q4)",
      "signal": "INCREMENTAL MARGIN (YoY)",
      "detail": "YoY Incr OPM: +179.0% vs year-ago OPM: +94.0%",
      "severity": "HIGH"
    },
    {
      "quarter": "2024-12 (Q4)",
      "signal": "OP MARGIN TURNED POSITIVE (QoQ)",
      "detail": "Op margin: -143.3% -> +132.0%",
      "severity": "HIGH"
    },
    {
      "quarter": "2024-09 (Q3)",
      "signal": "OPERATING LEVERAGE",
      "detail": "Rev growth +21.1% vs OpEx growth +10.3% (leverage: 2.1x)",
      "severity": "MEDIUM"
    },
    {
      "quarter": "2024-09 (Q3)",
      "signal": "YoY REVENUE GROWTH ACCELERATION",
      "detail": "YoY growth: +63.4% vs prior quarter YoY: -8.8% (accel: +72.2%)",
      "severity": "HIGH"
    },
    {
      "quarter": "2024-06 (Q2)",
      "signal": "FCF MARGIN EXPANSION",
      "detail": "FCF margin: -145.2% -> -137.2% (+8.1%)",
      "severity": "MEDIUM"
    },
    {
      "quarter": "2024-06 (Q2)",
      "signal": "YoY REVENUE GROWTH DECELERATION",
      "detail": "YoY growth: -8.8% vs prior quarter YoY: +8.3% (decel: -17.0%)",
      "severity": "WARNING"
    },
    {
      "quarter": "2024-03 (Q1)",
      "signal": "YoY REVENUE GROWTH DECELERATION",
      "detail": "YoY growth: +8.3% vs prior quarter YoY: +31.0% (decel: -22.8%)",
      "severity": "WARNING"
    },
    {
      "quarter": "2024-03 (Q1)",
      "signal": "OP MARGIN TURNED POSITIVE (YoY)",
      "detail": "Op margin: -77.6% (year-ago) -> +257.2%",
      "severity": "HIGH"
    },
    {
      "quarter": "2023-12 (Q4)",
      "signal": "FCF MARGIN EXPANSION",
      "detail": "FCF margin: -90.5% -> -0.6% (+89.9%)",
      "severity": "MEDIUM"
    },
    {
      "quarter": "2023-12 (Q4)",
      "signal": "YoY REVENUE GROWTH ACCELERATION",
      "detail": "YoY growth: +31.0% vs prior quarter YoY: +12.1% (accel: +18.9%)",
      "severity": "HIGH"
    },
    {
      "quarter": "2023-12 (Q4)",
      "signal": "OP MARGIN TURNED POSITIVE (YoY)",
      "detail": "Op margin: -262.8% (year-ago) -> +94.0%",
      "severity": "HIGH"
    },
    {
      "quarter": "2023-12 (Q4)",
      "signal": "OP MARGIN TURNED POSITIVE (QoQ)",
      "detail": "Op margin: -92.2% -> +94.0%",
      "severity": "HIGH"
    },
    {
      "quarter": "2023-09 (Q3)",
      "signal": "FCF MARGIN EXPANSION",
      "detail": "FCF margin: -123.3% -> -90.5% (+32.8%)",
      "severity": "MEDIUM"
    },
    {
      "quarter": "2023-09 (Q3)",
      "signal": "YoY REVENUE GROWTH ACCELERATION",
      "detail": "YoY growth: +12.1% vs prior quarter YoY: +5.2% (accel: +6.9%)",
      "severity": "MEDIUM"
    },
    {
      "quarter": "2023-06 (Q2)",
      "signal": "YoY REVENUE GROWTH ACCELERATION",
      "detail": "YoY growth: +5.2% vs prior quarter YoY: -8.2% (accel: +13.4%)",
      "severity": "MEDIUM"
    },
    {
      "quarter": "2023-03 (Q1)",
      "signal": "YoY REVENUE GROWTH ACCELERATION",
      "detail": "YoY growth: -8.2% vs prior quarter YoY: -33.8% (accel: +25.6%)",
      "severity": "HIGH"
    },
    {
      "quarter": "2022-12 (Q4)",
      "signal": "FCF MARGIN EXPANSION",
      "detail": "FCF margin: -83.9% -> -28.7% (+55.2%)",
      "severity": "MEDIUM"
    },
    {
      "quarter": "2022-12 (Q4)",
      "signal": "YoY REVENUE GROWTH DECELERATION",
      "detail": "YoY growth: -33.8% vs prior quarter YoY: -28.6% (decel: -5.3%)",
      "severity": "WARNING"
    },
    {
      "quarter": "2022-09 (Q3)",
      "signal": "YoY REVENUE GROWTH DECELERATION",
      "detail": "YoY growth: -28.6% vs prior quarter YoY: +112.4% (decel: -140.9%)",
      "severity": "WARNING"
    },
    {
      "quarter": "2022-06 (Q2)",
      "signal": "FCF MARGIN EXPANSION",
      "detail": "FCF margin: -103.3% -> -12.9% (+90.4%)",
      "severity": "MEDIUM"
    },
    {
      "quarter": "2022-06 (Q2)",
      "signal": "YoY REVENUE GROWTH DECELERATION",
      "detail": "YoY growth: +112.4% vs prior quarter YoY: +244.0% (decel: -131.6%)",
      "severity": "WARNING"
    },
    {
      "quarter": "2022-03 (Q1)",
      "signal": "YoY REVENUE GROWTH DECELERATION",
      "detail": "YoY growth: +244.0% vs prior quarter YoY: +1617.8% (decel: -1373.9%)",
      "severity": "WARNING"
    },
    {
      "quarter": "2022-03 (Q1)",
      "signal": "INCREMENTAL MARGIN (YoY)",
      "detail": "YoY Incr OPM: +54.0% vs year-ago OPM: +31.7%",
      "severity": "HIGH"
    },
    {
      "quarter": "2022-03 (Q1)",
      "signal": "OP MARGIN TURNED POSITIVE (QoQ)",
      "detail": "Op margin: -22.4% -> +47.5%",
      "severity": "HIGH"
    },
    {
      "quarter": "2021-12 (Q4)",
      "signal": "FCF MARGIN EXPANSION",
      "detail": "FCF margin: -162.7% -> -102.8% (+59.9%)",
      "severity": "MEDIUM"
    },
    {
      "quarter": "2021-03 (Q1)",
      "signal": "OPERATING LEVERAGE",
      "detail": "Rev growth +338.4% vs OpEx growth +158.8% (leverage: 2.1x)",
      "severity": "MEDIUM"
    },
    {
      "quarter": "2021-03 (Q1)",
      "signal": "OP MARGIN TURNED POSITIVE (QoQ)",
      "detail": "Op margin: -15.7% -> +31.7%",
      "severity": "HIGH"
    }
  ],
  "data_quality": {
    "n_quarters": 20,
    "coverage": {
      "revenue": [
        20,
        20
      ],
      "gross_profit": [
        2,
        20
      ],
      "op_income": [
        20,
        20
      ],
      "fcf": [
        20,
        20
      ]
    },
    "gaps": [],
    "warnings": [
      "gross_profit: 2/20Q"
    ]
  },
  "market_cap": null,
  "source": "SEC EDGAR",
  "last_updated": "2026-02-02T20:53:38.462811"
}