{
  "ticker": "RIVN",
  "name": "Rivian Automotive, Inc. / DE",
  "quarters": [
    {
      "date": "2020-12-31T00:00:00",
      "quarter_label": "2020-12 (Q4)",
      "revenue": 0,
      "gross_profit": 0,
      "operating_income": -353000000,
      "net_income": -353000000,
      "opex": 353000000,
      "cogs": 0,
      "rd": 255000000,
      "sga": 98000000,
      "fcf": -577000000,
      "ocf": -268000000,
      "capex": -309000000,
      "gross_margin": null,
      "op_margin": null,
      "fcf_margin": null
    },
    {
      "date": "2021-03-31T00:00:00",
      "quarter_label": "2021-03 (Q1)",
      "revenue": 0,
      "gross_profit": 0,
      "operating_income": -410000000,
      "net_income": -414000000,
      "opex": 410000000,
      "cogs": 0,
      "rd": 289000000,
      "sga": 121000000,
      "fcf": -802000000,
      "ocf": -362000000,
      "capex": -440000000,
      "gross_margin": null,
      "op_margin": null,
      "fcf_margin": null
    },
    {
      "date": "2021-06-30T00:00:00",
      "quarter_label": "2021-06 (Q2)",
      "revenue": 0,
      "gross_profit": 0,
      "operating_income": -580000000,
      "net_income": -580000000,
      "opex": 580000000,
      "cogs": 0,
      "rd": 394000000,
      "sga": 186000000,
      "fcf": -920000000,
      "ocf": -489000000,
      "capex": -431000000,
      "gross_margin": null,
      "op_margin": null,
      "fcf_margin": null
    },
    {
      "date": "2021-09-30T00:00:00",
      "quarter_label": "2021-09 (Q3)",
      "revenue": 1000000,
      "gross_profit": -82000000,
      "operating_income": -776000000,
      "net_income": -1233000000,
      "opex": 694000000,
      "cogs": 83000000,
      "rd": 441000000,
      "sga": 253000000,
      "fcf": -1152000000,
      "ocf": -685000000,
      "capex": -467000000,
      "gross_margin": -82.0,
      "op_margin": -776.0,
      "fcf_margin": -1152.0
    },
    {
      "date": "2021-12-31T00:00:00",
      "quarter_label": "2021-12 (Q4)",
      "revenue": 54000000,
      "gross_profit": -383000000,
      "operating_income": -2454000000,
      "net_income": -2461000000,
      "opex": 2071000000,
      "cogs": 437000000,
      "rd": 726000000,
      "sga": 682000000,
      "fcf": -1542000000,
      "ocf": -1086000000,
      "capex": -456000000,
      "gross_margin": -7.092592592592593,
      "op_margin": -45.44444444444444,
      "fcf_margin": -28.555555555555557,
      "incr_op_margin_yoy": -38.907407407407405,
      "op_leverage_ratio": 26.711692084241104,
      "fcf_margin_change": 1123.4444444444443
    },
    {
      "date": "2022-03-31T00:00:00",
      "quarter_label": "2022-03 (Q1)",
      "revenue": 95000000,
      "gross_profit": -502000000,
      "operating_income": -1579000000,
      "net_income": -1593000000,
      "opex": 1077000000,
      "cogs": 597000000,
      "rd": 547000000,
      "sga": 530000000,
      "fcf": -1452000000,
      "ocf": -1034000000,
      "capex": -418000000,
      "gross_margin": -5.28421052631579,
      "op_margin": -16.621052631578948,
      "fcf_margin": -15.284210526315789,
      "incr_op_margin_yoy": -12.305263157894737,
      "op_leverage_ratio": Infinity,
      "fcf_margin_change": 13.271345029239768
    },
    {
      "date": "2022-06-30T00:00:00",
      "quarter_label": "2022-06 (Q2)",
      "revenue": 364000000,
      "gross_profit": -704000000,
      "operating_income": -1708000000,
      "net_income": -1712000000,
      "opex": 1004000000,
      "cogs": 1068000000,
      "rd": 543000000,
      "sga": 461000000,
      "fcf": -1563000000,
      "ocf": -1204000000,
      "capex": -359000000,
      "gross_margin": -1.934065934065934,
      "op_margin": -4.6923076923076925,
      "fcf_margin": -4.293956043956044,
      "incr_op_margin_yoy": -3.098901098901099,
      "op_leverage_ratio": Infinity,
      "fcf_margin_change": 10.990254482359745
    },
    {
      "date": "2022-09-30T00:00:00",
      "quarter_label": "2022-09 (Q3)",
      "revenue": 536000000,
      "gross_profit": -917000000,
      "operating_income": -1774000000,
      "net_income": -1724000000,
      "opex": 857000000,
      "cogs": 1453000000,
      "rd": 452000000,
      "sga": 405000000,
      "fcf": -1666000000,
      "ocf": -1368000000,
      "capex": -298000000,
      "gross_margin": -1.710820895522388,
      "op_margin": -3.3097014925373136,
      "fcf_margin": -3.1082089552238807,
      "incr_op_margin_yoy": -1.8654205607476635,
      "rev_growth_yoy": 535.0,
      "op_leverage_ratio": Infinity,
      "fcf_margin_change": 1.185747088732163
    },
    {
      "date": "2022-12-31T00:00:00",
      "quarter_label": "2022-12 (Q4)",
      "revenue": 663000000,
      "gross_profit": -1000000000,
      "operating_income": -1795000000,
      "net_income": -1723000000,
      "opex": 795000000,
      "cogs": 1663000000,
      "rd": 402000000,
      "sga": 393000000,
      "fcf": -1740000000,
      "ocf": -1446000000,
      "capex": -294000000,
      "gross_margin": -1.5082956259426847,
      "op_margin": -2.7073906485671193,
      "fcf_margin": -2.6244343891402715,
      "incr_op_margin_yoy": 1.0821018062397372,
      "rev_growth_yoy": 11.277777777777779,
      "rev_growth_yoy_accel": -523.7222222222222,
      "op_leverage_ratio": Infinity,
      "fcf_margin_change": 0.48377456608360925
    },
    {
      "date": "2023-03-31T00:00:00",
      "quarter_label": "2023-03 (Q1)",
      "revenue": 661000000,
      "gross_profit": -535000000,
      "operating_income": -1433000000,
      "net_income": -1349000000,
      "opex": 898000000,
      "cogs": 1196000000,
      "rd": 496000000,
      "sga": 402000000,
      "fcf": -1804000000,
      "ocf": -1521000000,
      "capex": -283000000,
      "gross_margin": -0.8093797276853253,
      "op_margin": -2.167927382753404,
      "fcf_margin": -2.729198184568835,
      "incr_op_margin_yoy": 0.2579505300353357,
      "rev_growth_yoy": 5.957894736842105,
      "rev_growth_yoy_accel": -5.319883040935673,
      "fcf_margin_change": -0.10476379542856362
    },
    {
      "date": "2023-06-30T00:00:00",
      "quarter_label": "2023-06 (Q2)",
      "revenue": 1121000000,
      "gross_profit": -412000000,
      "operating_income": -1285000000,
      "net_income": -1195000000,
      "opex": 873000000,
      "cogs": 1533000000,
      "rd": 444000000,
      "sga": 429000000,
      "fcf": -1616000000,
      "ocf": -1361000000,
      "capex": -255000000,
      "gross_margin": -0.36752899197145406,
      "op_margin": -1.1462979482604818,
      "fcf_margin": -1.44157002676182,
      "incr_op_margin_yoy": 0.5587846763540291,
      "rev_growth_yoy": 2.07967032967033,
      "rev_growth_yoy_accel": -3.8782244071717753,
      "op_leverage_ratio": Infinity,
      "fcf_margin_change": 1.2876281578070152
    },
    {
      "date": "2023-09-30T00:00:00",
      "quarter_label": "2023-09 (Q3)",
      "revenue": 1337000000,
      "gross_profit": -477000000,
      "operating_income": -1440000000,
      "net_income": -1367000000,
      "opex": 963000000,
      "cogs": 1814000000,
      "rd": 529000000,
      "sga": 434000000,
      "fcf": -1067000000,
      "ocf": -877000000,
      "capex": -190000000,
      "gross_margin": -0.3567688855646971,
      "op_margin": -1.0770381451009723,
      "fcf_margin": -0.7980553477935677,
      "incr_op_margin_yoy": 0.41697877652933835,
      "rev_growth_yoy": 1.4944029850746268,
      "rev_growth_yoy_accel": -0.5852673445957031,
      "op_leverage_ratio": 1.8690454950936664,
      "fcf_margin_change": 0.6435146789682522
    },
    {
      "date": "2023-12-31T00:00:00",
      "quarter_label": "2023-12 (Q4)",
      "revenue": 1315000000,
      "gross_profit": -606000000,
      "operating_income": -1581000000,
      "net_income": -1521000000,
      "opex": 975000000,
      "cogs": 1921000000,
      "rd": 526000000,
      "sga": 449000000,
      "fcf": -1405000000,
      "ocf": -1107000000,
      "capex": -298000000,
      "gross_margin": -0.46083650190114067,
      "op_margin": -1.2022813688212928,
      "fcf_margin": -1.0684410646387832,
      "incr_op_margin_yoy": 0.3282208588957055,
      "rev_growth_yoy": 0.9834087481146304,
      "rev_growth_yoy_accel": -0.5109942369599964,
      "fcf_margin_change": -0.2703857168452155
    },
    {
      "date": "2024-03-31T00:00:00",
      "quarter_label": "2024-03 (Q1)",
      "revenue": 1204000000,
      "gross_profit": -527000000,
      "operating_income": -1484000000,
      "net_income": -1446000000,
      "opex": 957000000,
      "cogs": 1731000000,
      "rd": 461000000,
      "sga": 496000000,
      "fcf": -1523000000,
      "ocf": -1269000000,
      "capex": -254000000,
      "gross_margin": -0.4377076411960133,
      "op_margin": -1.2325581395348837,
      "fcf_margin": -1.2649501661129567,
      "incr_op_margin_yoy": -0.09392265193370165,
      "rev_growth_yoy": 0.8214826021180031,
      "rev_growth_yoy_accel": -0.16192614599662736,
      "fcf_margin_change": -0.19650910147417355
    },
    {
      "date": "2024-06-30T00:00:00",
      "quarter_label": "2024-06 (Q2)",
      "revenue": 1158000000,
      "gross_profit": -451000000,
      "operating_income": -1375000000,
      "net_income": -1457000000,
      "opex": 924000000,
      "cogs": 1609000000,
      "rd": 428000000,
      "sga": 496000000,
      "fcf": -1037000000,
      "ocf": -754000000,
      "capex": -283000000,
      "gross_margin": -0.38946459412780654,
      "op_margin": -1.1873920552677029,
      "fcf_margin": -0.8955094991364422,
      "incr_op_margin_yoy": -2.4324324324324325,
      "rev_growth_yoy": 0.03300624442462088,
      "rev_growth_yoy_accel": -0.7884763576933822,
      "fcf_margin_change": 0.36944066697651456
    },
    {
      "date": "2024-09-30T00:00:00",
      "quarter_label": "2024-09 (Q3)",
      "revenue": 874000000,
      "gross_profit": -392000000,
      "operating_income": -1169000000,
      "net_income": -1100000000,
      "opex": 777000000,
      "cogs": 1266000000,
      "rd": 350000000,
      "sga": 427000000,
      "fcf": -1153000000,
      "ocf": -876000000,
      "capex": -277000000,
      "gross_margin": -0.448512585812357,
      "op_margin": -1.337528604118993,
      "fcf_margin": -1.3192219679633868,
      "incr_op_margin_yoy": -0.5853131749460043,
      "rev_growth_yoy": -0.3462976813762154,
      "rev_growth_yoy_accel": -0.3793039258008363,
      "fcf_margin_change": -0.4237124688269446
    },
    {
      "date": "2024-12-31T00:00:00",
      "quarter_label": "2024-12 (Q4)",
      "revenue": 1734000000,
      "gross_profit": 170000000,
      "operating_income": -661000000,
      "net_income": -744000000,
      "opex": 831000000,
      "cogs": 1564000000,
      "rd": 374000000,
      "sga": 457000000,
      "fcf": 856000000,
      "ocf": 1183000000,
      "capex": -327000000,
      "gross_margin": 0.09803921568627451,
      "op_margin": -0.381199538638985,
      "fcf_margin": 0.4936562860438293,
      "incr_op_margin_yoy": 2.195704057279236,
      "rev_growth_yoy": 0.31863117870722435,
      "rev_growth_yoy_accel": 0.6649288600834398,
      "op_leverage_ratio": 14.158403254513095,
      "fcf_margin_change": 1.8128782540072161
    },
    {
      "date": "2025-03-31T00:00:00",
      "quarter_label": "2025-03 (Q1)",
      "revenue": 1240000000,
      "gross_profit": 206000000,
      "operating_income": -655000000,
      "net_income": -545000000,
      "opex": 861000000,
      "cogs": 1034000000,
      "rd": 381000000,
      "sga": 480000000,
      "fcf": -526000000,
      "ocf": -188000000,
      "capex": -338000000,
      "gross_margin": 0.16612903225806452,
      "op_margin": -0.5282258064516129,
      "fcf_margin": -0.4241935483870968,
      "incr_op_margin_yoy": 23.02777777777778,
      "rev_growth_yoy": 0.029900332225913623,
      "rev_growth_yoy_accel": -0.28873084648131075,
      "fcf_margin_change": -0.917849834430926
    },
    {
      "date": "2025-06-30T00:00:00",
      "quarter_label": "2025-06 (Q2)",
      "revenue": 1303000000,
      "gross_profit": -206000000,
      "operating_income": -1114000000,
      "net_income": -1117000000,
      "opex": 908000000,
      "cogs": 1509000000,
      "rd": 410000000,
      "sga": 498000000,
      "fcf": -398000000,
      "ocf": 64000000,
      "capex": -462000000,
      "gross_margin": -0.15809669992325404,
      "op_margin": -0.8549501151189562,
      "fcf_margin": -0.3054489639293937,
      "incr_op_margin_yoy": 1.8,
      "rev_growth_yoy": 0.12521588946459414,
      "rev_growth_yoy_accel": 0.09531555723868051,
      "op_leverage_ratio": 0.9307309540150994,
      "fcf_margin_change": 0.11874458445770308
    },
    {
      "date": "2025-09-30T00:00:00",
      "quarter_label": "2025-09 (Q3)",
      "revenue": 1558000000,
      "gross_profit": 24000000,
      "operating_income": -983000000,
      "net_income": -1173000000,
      "opex": 1007000000,
      "cogs": 1534000000,
      "rd": 453000000,
      "sga": 554000000,
      "fcf": -421000000,
      "ocf": 26000000,
      "capex": -447000000,
      "gross_margin": 0.01540436456996149,
      "op_margin": -0.6309370988446726,
      "fcf_margin": -0.2702182284980745,
      "incr_op_margin_yoy": 0.2719298245614035,
      "rev_growth_yoy": 0.782608695652174,
      "rev_growth_yoy_accel": 0.6573928061875798,
      "op_leverage_ratio": 1.7949254633828693,
      "fcf_margin_change": 0.035230735431319216
    }
  ],
  "signals": [
    {
      "quarter": "2025-09 (Q3)",
      "signal": "OPERATING LEVERAGE",
      "detail": "Rev growth +19.6% vs OpEx growth +10.9% (leverage: 1.8x)",
      "severity": "MEDIUM"
    },
    {
      "quarter": "2025-09 (Q3)",
      "signal": "GROSS MARGIN INFLECTION",
      "detail": "GM: +16.6% -> -15.8% -> +1.5% (reversal +17.4%)",
      "severity": "HIGH"
    },
    {
      "quarter": "2025-09 (Q3)",
      "signal": "YoY REVENUE GROWTH ACCELERATION",
      "detail": "YoY growth: +78.3% vs prior quarter YoY: +12.5% (accel: +65.7%)",
      "severity": "HIGH"
    },
    {
      "quarter": "2025-06 (Q2)",
      "signal": "FCF MARGIN EXPANSION",
      "detail": "FCF margin: -42.4% -> -30.5% (+11.9%)",
      "severity": "MEDIUM"
    },
    {
      "quarter": "2025-06 (Q2)",
      "signal": "YoY REVENUE GROWTH ACCELERATION",
      "detail": "YoY growth: +12.5% vs prior quarter YoY: +3.0% (accel: +9.5%)",
      "severity": "MEDIUM"
    },
    {
      "quarter": "2025-03 (Q1)",
      "signal": "YoY REVENUE GROWTH DECELERATION",
      "detail": "YoY growth: +3.0% vs prior quarter YoY: +31.9% (decel: -28.9%)",
      "severity": "WARNING"
    },
    {
      "quarter": "2024-12 (Q4)",
      "signal": "FCF TURNED POSITIVE",
      "detail": "FCF margin: -131.9% -> +49.4%",
      "severity": "HIGH"
    },
    {
      "quarter": "2024-12 (Q4)",
      "signal": "OPERATING LEVERAGE",
      "detail": "Rev growth +98.4% vs OpEx growth +6.9% (leverage: 14.2x)",
      "severity": "MEDIUM"
    },
    {
      "quarter": "2024-12 (Q4)",
      "signal": "GROSS MARGIN INFLECTION",
      "detail": "GM: -38.9% -> -44.9% -> +9.8% (reversal +54.7%)",
      "severity": "HIGH"
    },
    {
      "quarter": "2024-12 (Q4)",
      "signal": "YoY REVENUE GROWTH ACCELERATION",
      "detail": "YoY growth: +31.9% vs prior quarter YoY: -34.6% (accel: +66.5%)",
      "severity": "HIGH"
    },
    {
      "quarter": "2024-09 (Q3)",
      "signal": "YoY REVENUE GROWTH DECELERATION",
      "detail": "YoY growth: -34.6% vs prior quarter YoY: +3.3% (decel: -37.9%)",
      "severity": "WARNING"
    },
    {
      "quarter": "2024-06 (Q2)",
      "signal": "FCF MARGIN EXPANSION",
      "detail": "FCF margin: -126.5% -> -89.6% (+36.9%)",
      "severity": "MEDIUM"
    },
    {
      "quarter": "2024-06 (Q2)",
      "signal": "YoY REVENUE GROWTH DECELERATION",
      "detail": "YoY growth: +3.3% vs prior quarter YoY: +82.1% (decel: -78.8%)",
      "severity": "WARNING"
    },
    {
      "quarter": "2024-03 (Q1)",
      "signal": "GROSS MARGIN INFLECTION",
      "detail": "GM: -35.7% -> -46.1% -> -43.8% (reversal +2.3%)",
      "severity": "MEDIUM"
    },
    {
      "quarter": "2024-03 (Q1)",
      "signal": "YoY REVENUE GROWTH DECELERATION",
      "detail": "YoY growth: +82.1% vs prior quarter YoY: +98.3% (decel: -16.2%)",
      "severity": "WARNING"
    },
    {
      "quarter": "2023-12 (Q4)",
      "signal": "YoY REVENUE GROWTH DECELERATION",
      "detail": "YoY growth: +98.3% vs prior quarter YoY: +149.4% (decel: -51.1%)",
      "severity": "WARNING"
    },
    {
      "quarter": "2023-09 (Q3)",
      "signal": "FCF MARGIN EXPANSION",
      "detail": "FCF margin: -144.2% -> -79.8% (+64.4%)",
      "severity": "MEDIUM"
    },
    {
      "quarter": "2023-09 (Q3)",
      "signal": "OPERATING LEVERAGE",
      "detail": "Rev growth +19.3% vs OpEx growth +10.3% (leverage: 1.9x)",
      "severity": "MEDIUM"
    },
    {
      "quarter": "2023-09 (Q3)",
      "signal": "YoY REVENUE GROWTH DECELERATION",
      "detail": "YoY growth: +149.4% vs prior quarter YoY: +208.0% (decel: -58.5%)",
      "severity": "WARNING"
    },
    {
      "quarter": "2023-06 (Q2)",
      "signal": "FCF MARGIN EXPANSION",
      "detail": "FCF margin: -272.9% -> -144.2% (+128.8%)",
      "severity": "MEDIUM"
    },
    {
      "quarter": "2023-06 (Q2)",
      "signal": "YoY REVENUE GROWTH DECELERATION",
      "detail": "YoY growth: +208.0% vs prior quarter YoY: +595.8% (decel: -387.8%)",
      "severity": "WARNING"
    },
    {
      "quarter": "2023-03 (Q1)",
      "signal": "YoY REVENUE GROWTH DECELERATION",
      "detail": "YoY growth: +595.8% vs prior quarter YoY: +1127.8% (decel: -532.0%)",
      "severity": "WARNING"
    },
    {
      "quarter": "2022-12 (Q4)",
      "signal": "FCF MARGIN EXPANSION",
      "detail": "FCF margin: -310.8% -> -262.4% (+48.4%)",
      "severity": "MEDIUM"
    },
    {
      "quarter": "2022-12 (Q4)",
      "signal": "YoY REVENUE GROWTH DECELERATION",
      "detail": "YoY growth: +1127.8% vs prior quarter YoY: +53500.0% (decel: -52372.2%)",
      "severity": "WARNING"
    },
    {
      "quarter": "2022-09 (Q3)",
      "signal": "FCF MARGIN EXPANSION",
      "detail": "FCF margin: -429.4% -> -310.8% (+118.6%)",
      "severity": "MEDIUM"
    },
    {
      "quarter": "2022-06 (Q2)",
      "signal": "FCF MARGIN EXPANSION",
      "detail": "FCF margin: -1528.4% -> -429.4% (+1099.0%)",
      "severity": "MEDIUM"
    },
    {
      "quarter": "2022-03 (Q1)",
      "signal": "FCF MARGIN EXPANSION",
      "detail": "FCF margin: -2855.6% -> -1528.4% (+1327.1%)",
      "severity": "MEDIUM"
    },
    {
      "quarter": "2021-12 (Q4)",
      "signal": "FCF MARGIN EXPANSION",
      "detail": "FCF margin: -115200.0% -> -2855.6% (+112344.4%)",
      "severity": "MEDIUM"
    },
    {
      "quarter": "2021-12 (Q4)",
      "signal": "OPERATING LEVERAGE",
      "detail": "Rev growth +5300.0% vs OpEx growth +198.4% (leverage: 26.7x)",
      "severity": "MEDIUM"
    }
  ],
  "data_quality": {
    "n_quarters": 20,
    "coverage": {
      "revenue": [
        20,
        20
      ],
      "gross_profit": [
        20,
        20
      ],
      "op_income": [
        20,
        20
      ],
      "fcf": [
        20,
        20
      ]
    },
    "gaps": [],
    "warnings": []
  },
  "market_cap": null,
  "source": "SEC EDGAR",
  "last_updated": "2026-02-02T20:20:10.017119"
}