{
  "ticker": "RKLB",
  "name": "ROCKET LAB CORP",
  "quarters": [
    {
      "date": "2020-12-31T00:00:00",
      "quarter_label": "2020-12 (Q4)",
      "revenue": 15737000,
      "gross_profit": -4054000,
      "operating_income": -18802000,
      "net_income": -18947000,
      "opex": 14748000,
      "cogs": 19791000,
      "rd": 8133000,
      "sga": 6615000,
      "fcf": -13686000,
      "ocf": -6342000,
      "capex": -7344000,
      "gross_margin": -0.2576094554235242,
      "op_margin": -1.19476393213446,
      "fcf_margin": -0.8696702039778865
    },
    {
      "date": "2021-03-31T00:00:00",
      "quarter_label": "2021-03 (Q1)",
      "revenue": 18192000,
      "gross_profit": 1411000,
      "operating_income": -1930406,
      "net_income": -23560263,
      "opex": 13702000,
      "cogs": 16781000,
      "rd": 7078000,
      "sga": 6624000,
      "fcf": -19525000,
      "ocf": -15479000,
      "capex": -4046000,
      "gross_margin": 0.07756156552330695,
      "op_margin": -0.10611290677220757,
      "fcf_margin": -1.0732739665787159,
      "op_leverage_ratio": Infinity,
      "fcf_margin_change": -0.20360376260082935
    },
    {
      "date": "2021-06-30T00:00:00",
      "quarter_label": "2021-06 (Q2)",
      "revenue": 11280000,
      "gross_profit": 2463000,
      "operating_income": -1145290,
      "net_income": -1059094,
      "opex": 1145290,
      "cogs": 8817000,
      "rd": 8529000,
      "sga": 7068000,
      "fcf": -22756000,
      "ocf": -21103000,
      "capex": -1653000,
      "gross_margin": 0.21835106382978722,
      "op_margin": -0.10153280141843972,
      "fcf_margin": -2.017375886524823,
      "fcf_margin_change": -0.9441019199461069
    },
    {
      "date": "2021-09-30T00:00:00",
      "quarter_label": "2021-09 (Q3)",
      "revenue": 5287000,
      "gross_profit": -12451000,
      "operating_income": -52295000,
      "net_income": -87969000,
      "opex": 39844000,
      "cogs": 17738000,
      "rd": 14189000,
      "sga": 25655000,
      "fcf": -19043000,
      "ocf": -13295000,
      "capex": -5748000,
      "gross_margin": -2.3550217514658596,
      "op_margin": -9.891242670701722,
      "fcf_margin": -3.6018536031776054,
      "fcf_margin_change": -1.5844777166527826
    },
    {
      "date": "2021-12-31T00:00:00",
      "quarter_label": "2021-12 (Q4)",
      "revenue": 27478000,
      "gross_profit": 6685000,
      "operating_income": -24331000,
      "net_income": 3196000,
      "opex": 31016000,
      "cogs": 20793000,
      "rd": 11968000,
      "sga": 19048000,
      "fcf": -36166000,
      "ocf": -21914000,
      "capex": -14252000,
      "gross_margin": 0.24328553752092583,
      "op_margin": -0.8854720139748162,
      "fcf_margin": -1.3161802169007935,
      "incr_op_margin_yoy": -0.4709138914913551,
      "rev_growth_yoy": 0.7460761263264917,
      "op_leverage_ratio": Infinity,
      "fcf_margin_change": 2.285673386276812
    },
    {
      "date": "2022-03-31T00:00:00",
      "quarter_label": "2022-03 (Q1)",
      "revenue": 40703000,
      "gross_profit": 3735000,
      "operating_income": -32820000,
      "net_income": -26709000,
      "opex": 36555000,
      "cogs": 36968000,
      "rd": 13477000,
      "sga": 23078000,
      "fcf": -32581000,
      "ocf": -26339000,
      "capex": -6242000,
      "gross_margin": 0.09176227796476918,
      "op_margin": -0.8063287718349998,
      "fcf_margin": -0.8004569687738005,
      "incr_op_margin_yoy": -1.3721999911154548,
      "rev_growth_yoy": 1.2374120492524185,
      "rev_growth_yoy_accel": 0.49133592292592687,
      "op_leverage_ratio": 2.6950385662630776,
      "fcf_margin_change": 0.515723248126993
    },
    {
      "date": "2022-06-30T00:00:00",
      "quarter_label": "2022-06 (Q2)",
      "revenue": 55474000,
      "gross_profit": 4958000,
      "operating_income": -33159000,
      "net_income": -37417000,
      "opex": 38117000,
      "cogs": 50516000,
      "rd": 19165000,
      "sga": 18952000,
      "fcf": -51084000,
      "ocf": -38256000,
      "capex": -12828000,
      "gross_margin": 0.08937520279770704,
      "op_margin": -0.5977394815589285,
      "fcf_margin": -0.9208638280996503,
      "incr_op_margin_yoy": -0.72439041498846,
      "rev_growth_yoy": 3.9179078014184396,
      "rev_growth_yoy_accel": 2.680495752166021,
      "op_leverage_ratio": 8.492767539431746,
      "fcf_margin_change": -0.12040685932584982
    },
    {
      "date": "2022-09-30T00:00:00",
      "quarter_label": "2022-09 (Q3)",
      "revenue": 63057000,
      "gross_profit": 8467000,
      "operating_income": -32002000,
      "net_income": -34610000,
      "opex": 40469000,
      "cogs": 54590000,
      "rd": 17508000,
      "sga": 22961000,
      "fcf": -31346000,
      "ocf": -22997000,
      "capex": -8349000,
      "gross_margin": 0.1342753381860856,
      "op_margin": -0.5075090790871751,
      "fcf_margin": -0.49710579317125775,
      "incr_op_margin_yoy": 0.35127228665397264,
      "rev_growth_yoy": 10.926801588802723,
      "rev_growth_yoy_accel": 7.008893787384284,
      "op_leverage_ratio": 2.215302147736551,
      "fcf_margin_change": 0.42375803492839254
    },
    {
      "date": "2022-12-31T00:00:00",
      "quarter_label": "2022-12 (Q4)",
      "revenue": 51762000,
      "gross_profit": 1830000,
      "operating_income": -37223000,
      "net_income": -37208000,
      "opex": 39053000,
      "cogs": 49932000,
      "rd": 15018000,
      "sga": 24035000,
      "fcf": -33939000,
      "ocf": -18946000,
      "capex": -14993000,
      "gross_margin": 0.035354120783586414,
      "op_margin": -0.7191182720914957,
      "fcf_margin": -0.6556740465978903,
      "incr_op_margin_yoy": -0.5308845330258607,
      "rev_growth_yoy": 0.8837615546983041,
      "rev_growth_yoy_accel": -10.043040034104418,
      "fcf_margin_change": -0.15856825342663255
    },
    {
      "date": "2023-03-31T00:00:00",
      "quarter_label": "2023-03 (Q1)",
      "revenue": 54895000,
      "gross_profit": 6357000,
      "operating_income": -46017000,
      "net_income": -45617000,
      "opex": 52374000,
      "cogs": 48538000,
      "rd": 23905000,
      "sga": 28469000,
      "fcf": -38059000,
      "ocf": -25385000,
      "capex": -12674000,
      "gross_margin": 0.11580289643865561,
      "op_margin": -0.8382730667638219,
      "fcf_margin": -0.6933054012205119,
      "incr_op_margin_yoy": -0.9298900789177001,
      "rev_growth_yoy": 0.3486720880524777,
      "rev_growth_yoy_accel": -0.5350894666458264,
      "op_leverage_ratio": 0.17744628833253,
      "fcf_margin_change": -0.03763135462262157
    },
    {
      "date": "2023-06-30T00:00:00",
      "quarter_label": "2023-06 (Q2)",
      "revenue": 62045000,
      "gross_profit": 14593000,
      "operating_income": -45159000,
      "net_income": -45889000,
      "opex": 59752000,
      "cogs": 47452000,
      "rd": 31035000,
      "sga": 28717000,
      "fcf": -16636000,
      "ocf": -6064000,
      "capex": -10572000,
      "gross_margin": 0.23520025787734708,
      "op_margin": -0.727842694818277,
      "fcf_margin": -0.26812797163349184,
      "incr_op_margin_yoy": -1.8262060569167555,
      "rev_growth_yoy": 0.11845188737066013,
      "rev_growth_yoy_accel": -0.23022020068181753,
      "op_leverage_ratio": 0.924592455529644,
      "fcf_margin_change": 0.42517742958702004
    },
    {
      "date": "2023-09-30T00:00:00",
      "quarter_label": "2023-09 (Q3)",
      "revenue": 67661000,
      "gross_profit": 14967000,
      "operating_income": -38859000,
      "net_income": -40568000,
      "opex": 53826000,
      "cogs": 52694000,
      "rd": 26626000,
      "sga": 27200000,
      "fcf": -46248000,
      "ocf": -25201000,
      "capex": -21047000,
      "gross_margin": 0.22120571673489897,
      "op_margin": -0.574319031643044,
      "fcf_margin": -0.6835252213239532,
      "incr_op_margin_yoy": -1.4893570807993048,
      "rev_growth_yoy": 0.07301330542207844,
      "rev_growth_yoy_accel": -0.04543858194858169,
      "op_leverage_ratio": Infinity,
      "fcf_margin_change": -0.4153972496904614
    },
    {
      "date": "2023-12-31T00:00:00",
      "quarter_label": "2023-12 (Q4)",
      "revenue": 59991000,
      "gross_profit": 15492000,
      "operating_income": -47883000,
      "net_income": -50497000,
      "opex": 63375000,
      "cogs": 44499000,
      "rd": 37488000,
      "sga": 25887000,
      "fcf": -52631000,
      "ocf": -42217000,
      "capex": -10414000,
      "gross_margin": 0.25823873581037154,
      "op_margin": -0.7981697254588188,
      "fcf_margin": -0.8773149305729193,
      "incr_op_margin_yoy": -1.2954186413902053,
      "rev_growth_yoy": 0.15897762837602875,
      "rev_growth_yoy_accel": 0.0859643229539503,
      "fcf_margin_change": -0.1937897092489661
    },
    {
      "date": "2024-03-31T00:00:00",
      "quarter_label": "2024-03 (Q1)",
      "revenue": 92767000,
      "gross_profit": 24174000,
      "operating_income": -43079000,
      "net_income": -44260000,
      "opex": 67253000,
      "cogs": 68593000,
      "rd": 38504000,
      "sga": 28749000,
      "fcf": -21765000,
      "ocf": -2588000,
      "capex": -19177000,
      "gross_margin": 0.2605883557730658,
      "op_margin": -0.4643784966636843,
      "fcf_margin": -0.23462006963683207,
      "incr_op_margin_yoy": 0.07757710181664554,
      "rev_growth_yoy": 0.6898988978959832,
      "rev_growth_yoy_accel": 0.5309212695199546,
      "op_leverage_ratio": 8.9285311311395,
      "fcf_margin_change": 0.6426948609360872
    },
    {
      "date": "2024-06-30T00:00:00",
      "quarter_label": "2024-06 (Q2)",
      "revenue": 106251000,
      "gross_profit": 27162000,
      "operating_income": -43274000,
      "net_income": -41631000,
      "opex": 70436000,
      "cogs": 79089000,
      "rd": 39912000,
      "sga": 30524000,
      "fcf": -28344000,
      "ocf": -13000000,
      "capex": -15344000,
      "gross_margin": 0.2556399469181467,
      "op_margin": -0.40728087265061036,
      "fcf_margin": -0.26676454809837086,
      "incr_op_margin_yoy": 0.04264127041578066,
      "rev_growth_yoy": 0.71248287533242,
      "rev_growth_yoy_accel": 0.02258397743643681,
      "op_leverage_ratio": 3.0711445297697577,
      "fcf_margin_change": -0.032144478461538784
    },
    {
      "date": "2024-09-30T00:00:00",
      "quarter_label": "2024-09 (Q3)",
      "revenue": 104808000,
      "gross_profit": 27996000,
      "operating_income": -51899000,
      "net_income": -51939000,
      "opex": 79895000,
      "cogs": 76812000,
      "rd": 47723000,
      "sga": 32172000,
      "fcf": -41933000,
      "ocf": -30915000,
      "capex": -11018000,
      "gross_margin": 0.2671170139683994,
      "op_margin": -0.4951816655217159,
      "fcf_margin": -0.4000935043126479,
      "incr_op_margin_yoy": -0.35103776886424204,
      "rev_growth_yoy": 0.5490164200942936,
      "rev_growth_yoy_accel": -0.16346645523812642,
      "fcf_margin_change": -0.13332895621427704
    },
    {
      "date": "2024-12-31T00:00:00",
      "quarter_label": "2024-12 (Q4)",
      "revenue": 132388000,
      "gross_profit": 36817000,
      "operating_income": -51549000,
      "net_income": -52345000,
      "opex": 88366000,
      "cogs": 95571000,
      "rd": 48255000,
      "sga": 40111000,
      "fcf": -23941000,
      "ocf": -2387000,
      "capex": -21554000,
      "gross_margin": 0.27809922349457655,
      "op_margin": -0.38937819137686197,
      "fcf_margin": -0.18083965314076805,
      "incr_op_margin_yoy": -0.05063745735320525,
      "rev_growth_yoy": 1.2067976863196146,
      "rev_growth_yoy_accel": 0.657781266225321,
      "op_leverage_ratio": 2.4819026774096775,
      "fcf_margin_change": 0.21925385117187984
    },
    {
      "date": "2025-03-31T00:00:00",
      "quarter_label": "2025-03 (Q1)",
      "revenue": 122569000,
      "gross_profit": 35247000,
      "operating_income": -59188000,
      "net_income": -60616000,
      "opex": 94435000,
      "cogs": 87322000,
      "rd": 55109000,
      "sga": 39326000,
      "fcf": -82902000,
      "ocf": -54225000,
      "capex": -28677000,
      "gross_margin": 0.2875686348097806,
      "op_margin": -0.482895348742341,
      "fcf_margin": -0.6763700446279238,
      "incr_op_margin_yoy": -0.5405341923360848,
      "rev_growth_yoy": 0.3212564812918387,
      "rev_growth_yoy_accel": -0.8855412050277759,
      "fcf_margin_change": -0.4955303914871558
    },
    {
      "date": "2025-06-30T00:00:00",
      "quarter_label": "2025-06 (Q2)",
      "revenue": 144498000,
      "gross_profit": 46388000,
      "operating_income": -59639000,
      "net_income": -66414000,
      "opex": 106027000,
      "cogs": 98110000,
      "rd": 66134000,
      "sga": 39893000,
      "fcf": -55284000,
      "ocf": -23242000,
      "capex": -32042000,
      "gross_margin": 0.32102866475660563,
      "op_margin": -0.4127323561571786,
      "fcf_margin": -0.38259353070630736,
      "incr_op_margin_yoy": -0.42787669621146757,
      "rev_growth_yoy": 0.35996837676821863,
      "rev_growth_yoy_accel": 0.03871189547637993,
      "op_leverage_ratio": 1.457514207670331,
      "fcf_margin_change": 0.29377651392161647
    },
    {
      "date": "2025-09-30T00:00:00",
      "quarter_label": "2025-09 (Q3)",
      "revenue": 155080000,
      "gross_profit": 57314000,
      "operating_income": -58969000,
      "net_income": -18257000,
      "opex": 116283000,
      "cogs": 97766000,
      "rd": 70694000,
      "sga": 45589000,
      "fcf": -69435000,
      "ocf": -23523000,
      "capex": -45912000,
      "gross_margin": 0.36957699251998966,
      "op_margin": -0.38024890379159143,
      "fcf_margin": -0.4477366520505546,
      "incr_op_margin_yoy": -0.1406349458943348,
      "rev_growth_yoy": 0.47965804137088774,
      "rev_growth_yoy_accel": 0.11968966460266911,
      "op_leverage_ratio": 0.7570845479046086,
      "fcf_margin_change": -0.06514312134424721
    }
  ],
  "signals": [
    {
      "quarter": "2025-09 (Q3)",
      "signal": "YoY REVENUE GROWTH ACCELERATION",
      "detail": "YoY growth: +48.0% vs prior quarter YoY: +36.0% (accel: +12.0%)",
      "severity": "MEDIUM"
    },
    {
      "quarter": "2025-06 (Q2)",
      "signal": "FCF MARGIN EXPANSION",
      "detail": "FCF margin: -67.6% -> -38.3% (+29.4%)",
      "severity": "MEDIUM"
    },
    {
      "quarter": "2025-03 (Q1)",
      "signal": "YoY REVENUE GROWTH DECELERATION",
      "detail": "YoY growth: +32.1% vs prior quarter YoY: +120.7% (decel: -88.6%)",
      "severity": "WARNING"
    },
    {
      "quarter": "2024-12 (Q4)",
      "signal": "FCF MARGIN EXPANSION",
      "detail": "FCF margin: -40.0% -> -18.1% (+21.9%)",
      "severity": "MEDIUM"
    },
    {
      "quarter": "2024-12 (Q4)",
      "signal": "OPERATING LEVERAGE",
      "detail": "Rev growth +26.3% vs OpEx growth +10.6% (leverage: 2.5x)",
      "severity": "MEDIUM"
    },
    {
      "quarter": "2024-12 (Q4)",
      "signal": "YoY REVENUE GROWTH ACCELERATION",
      "detail": "YoY growth: +120.7% vs prior quarter YoY: +54.9% (accel: +65.8%)",
      "severity": "HIGH"
    },
    {
      "quarter": "2024-09 (Q3)",
      "signal": "YoY REVENUE GROWTH DECELERATION",
      "detail": "YoY growth: +54.9% vs prior quarter YoY: +71.2% (decel: -16.3%)",
      "severity": "WARNING"
    },
    {
      "quarter": "2024-06 (Q2)",
      "signal": "OPERATING LEVERAGE",
      "detail": "Rev growth +14.5% vs OpEx growth +4.7% (leverage: 3.1x)",
      "severity": "MEDIUM"
    },
    {
      "quarter": "2024-03 (Q1)",
      "signal": "FCF MARGIN EXPANSION",
      "detail": "FCF margin: -87.7% -> -23.5% (+64.3%)",
      "severity": "MEDIUM"
    },
    {
      "quarter": "2024-03 (Q1)",
      "signal": "OPERATING LEVERAGE",
      "detail": "Rev growth +54.6% vs OpEx growth +6.1% (leverage: 8.9x)",
      "severity": "MEDIUM"
    },
    {
      "quarter": "2024-03 (Q1)",
      "signal": "YoY REVENUE GROWTH ACCELERATION",
      "detail": "YoY growth: +69.0% vs prior quarter YoY: +15.9% (accel: +53.1%)",
      "severity": "HIGH"
    },
    {
      "quarter": "2023-12 (Q4)",
      "signal": "GROSS MARGIN INFLECTION",
      "detail": "GM: +23.5% -> +22.1% -> +25.8% (reversal +3.7%)",
      "severity": "MEDIUM"
    },
    {
      "quarter": "2023-12 (Q4)",
      "signal": "YoY REVENUE GROWTH ACCELERATION",
      "detail": "YoY growth: +15.9% vs prior quarter YoY: +7.3% (accel: +8.6%)",
      "severity": "MEDIUM"
    },
    {
      "quarter": "2023-06 (Q2)",
      "signal": "FCF MARGIN EXPANSION",
      "detail": "FCF margin: -69.3% -> -26.8% (+42.5%)",
      "severity": "MEDIUM"
    },
    {
      "quarter": "2023-06 (Q2)",
      "signal": "YoY REVENUE GROWTH DECELERATION",
      "detail": "YoY growth: +11.8% vs prior quarter YoY: +34.9% (decel: -23.0%)",
      "severity": "WARNING"
    },
    {
      "quarter": "2023-03 (Q1)",
      "signal": "GROSS MARGIN INFLECTION",
      "detail": "GM: +13.4% -> +3.5% -> +11.6% (reversal +8.0%)",
      "severity": "HIGH"
    },
    {
      "quarter": "2023-03 (Q1)",
      "signal": "YoY REVENUE GROWTH DECELERATION",
      "detail": "YoY growth: +34.9% vs prior quarter YoY: +88.4% (decel: -53.5%)",
      "severity": "WARNING"
    },
    {
      "quarter": "2022-12 (Q4)",
      "signal": "YoY REVENUE GROWTH DECELERATION",
      "detail": "YoY growth: +88.4% vs prior quarter YoY: +1092.7% (decel: -1004.3%)",
      "severity": "WARNING"
    },
    {
      "quarter": "2022-09 (Q3)",
      "signal": "FCF MARGIN EXPANSION",
      "detail": "FCF margin: -92.1% -> -49.7% (+42.4%)",
      "severity": "MEDIUM"
    },
    {
      "quarter": "2022-09 (Q3)",
      "signal": "OPERATING LEVERAGE",
      "detail": "Rev growth +13.7% vs OpEx growth +6.2% (leverage: 2.2x)",
      "severity": "MEDIUM"
    },
    {
      "quarter": "2022-09 (Q3)",
      "signal": "GROSS MARGIN INFLECTION",
      "detail": "GM: +9.2% -> +8.9% -> +13.4% (reversal +4.5%)",
      "severity": "MEDIUM"
    },
    {
      "quarter": "2022-09 (Q3)",
      "signal": "YoY REVENUE GROWTH ACCELERATION",
      "detail": "YoY growth: +1092.7% vs prior quarter YoY: +391.8% (accel: +700.9%)",
      "severity": "HIGH"
    },
    {
      "quarter": "2022-06 (Q2)",
      "signal": "OPERATING LEVERAGE",
      "detail": "Rev growth +36.3% vs OpEx growth +4.3% (leverage: 8.5x)",
      "severity": "MEDIUM"
    },
    {
      "quarter": "2022-06 (Q2)",
      "signal": "YoY REVENUE GROWTH ACCELERATION",
      "detail": "YoY growth: +391.8% vs prior quarter YoY: +123.7% (accel: +268.0%)",
      "severity": "HIGH"
    },
    {
      "quarter": "2022-03 (Q1)",
      "signal": "FCF MARGIN EXPANSION",
      "detail": "FCF margin: -131.6% -> -80.0% (+51.6%)",
      "severity": "MEDIUM"
    },
    {
      "quarter": "2022-03 (Q1)",
      "signal": "OPERATING LEVERAGE",
      "detail": "Rev growth +48.1% vs OpEx growth +17.9% (leverage: 2.7x)",
      "severity": "MEDIUM"
    },
    {
      "quarter": "2022-03 (Q1)",
      "signal": "YoY REVENUE GROWTH ACCELERATION",
      "detail": "YoY growth: +123.7% vs prior quarter YoY: +74.6% (accel: +49.1%)",
      "severity": "HIGH"
    },
    {
      "quarter": "2021-12 (Q4)",
      "signal": "FCF MARGIN EXPANSION",
      "detail": "FCF margin: -360.2% -> -131.6% (+228.6%)",
      "severity": "MEDIUM"
    },
    {
      "quarter": "2021-12 (Q4)",
      "signal": "GROSS MARGIN INFLECTION",
      "detail": "GM: +21.8% -> -235.5% -> +24.3% (reversal +259.8%)",
      "severity": "HIGH"
    }
  ],
  "data_quality": {
    "n_quarters": 20,
    "coverage": {
      "revenue": [
        20,
        20
      ],
      "gross_profit": [
        20,
        20
      ],
      "op_income": [
        20,
        20
      ],
      "fcf": [
        20,
        20
      ]
    },
    "gaps": [],
    "warnings": []
  },
  "market_cap": null,
  "source": "SEC EDGAR",
  "last_updated": "2026-02-02T20:01:01.907195"
}