{
  "ticker": "RL",
  "name": "RALPH LAUREN     CORPORATION",
  "quarters": [
    {
      "date": "2020-12-26T00:00:00",
      "quarter_label": "2020-12 (Q4)",
      "revenue": 1432800000,
      "gross_profit": 930400000,
      "operating_income": 170400000,
      "net_income": 119800000,
      "opex": 760000000,
      "cogs": 502400000,
      "rd": null,
      "sga": 747500000,
      "fcf": 347300000,
      "ocf": 347300000,
      "capex": null,
      "gross_margin": 0.649357900614182,
      "op_margin": 0.11892797319932999,
      "fcf_margin": 0.24239251814628698
    },
    {
      "date": "2021-03-27T00:00:00",
      "quarter_label": "2021-03 (Q1)",
      "revenue": 1287000000,
      "gross_profit": 782900000,
      "operating_income": -25700000,
      "net_income": -74100000,
      "opex": 808600000,
      "cogs": 504100000,
      "rd": null,
      "sga": 755200000,
      "fcf": 46300000,
      "ocf": 46300000,
      "capex": null,
      "gross_margin": 0.6083139083139083,
      "op_margin": -0.01996891996891997,
      "fcf_margin": 0.03597513597513598,
      "fcf_margin_change": -0.20641738217115102
    },
    {
      "date": "2021-06-26T00:00:00",
      "quarter_label": "2021-06 (Q2)",
      "revenue": 1376300000,
      "gross_profit": 968100000,
      "operating_income": 220600000,
      "net_income": 164700000,
      "opex": 747500000,
      "cogs": 408200000,
      "rd": null,
      "sga": 728200000,
      "fcf": 247600000,
      "ocf": 247600000,
      "capex": null,
      "gross_margin": 0.7034076872774832,
      "op_margin": 0.16028482162319263,
      "fcf_margin": 0.17990263750635763,
      "op_leverage_ratio": Infinity,
      "fcf_margin_change": 0.14392750153122164
    },
    {
      "date": "2021-09-25T00:00:00",
      "quarter_label": "2021-09 (Q3)",
      "revenue": 1504100000,
      "gross_profit": 1015200000,
      "operating_income": 251900000,
      "net_income": 193300000,
      "opex": 763300000,
      "cogs": 488900000,
      "rd": null,
      "sga": 754900000,
      "fcf": 216600000,
      "ocf": 216600000,
      "capex": null,
      "gross_margin": 0.6749551226647165,
      "op_margin": 0.1674755667841234,
      "fcf_margin": 0.14400638255435144,
      "op_leverage_ratio": 4.393107736115084,
      "fcf_margin_change": -0.035896254952006185
    },
    {
      "date": "2021-12-25T00:00:00",
      "quarter_label": "2021-12 (Q4)",
      "revenue": 1815400000,
      "gross_profit": 1198100000,
      "operating_income": 289100000,
      "net_income": 217700000,
      "opex": 909000000,
      "cogs": 617300000,
      "rd": null,
      "sga": 908800000,
      "fcf": 357500000,
      "ocf": 357500000,
      "capex": null,
      "gross_margin": 0.659964746061474,
      "op_margin": 0.1592486504351658,
      "fcf_margin": 0.1969262972347692,
      "incr_op_margin_yoy": 0.31024568740198644,
      "rev_growth_yoy": 0.26702959240647683,
      "op_leverage_ratio": 1.0842716935183845,
      "fcf_margin_change": 0.05291991468041776
    },
    {
      "date": "2022-04-02T00:00:00",
      "quarter_label": "2022-04 (Q2)",
      "revenue": 1522700000,
      "gross_profit": 966100000,
      "operating_income": 36800000,
      "net_income": 24400000,
      "opex": 929300000,
      "cogs": 556600000,
      "rd": null,
      "sga": 913700000,
      "fcf": -105800000,
      "ocf": -105800000,
      "capex": null,
      "gross_margin": 0.634465094897222,
      "op_margin": 0.024167597031588627,
      "fcf_margin": -0.0694818414658173,
      "incr_op_margin_yoy": 0.26516758591429784,
      "rev_growth_yoy": 0.18313908313908314,
      "rev_growth_yoy_accel": -0.08389050926739369,
      "fcf_margin_change": -0.2664081387005865
    },
    {
      "date": "2022-07-02T00:00:00",
      "quarter_label": "2022-07 (Q3)",
      "revenue": 1490600000,
      "gross_profit": 1001400000,
      "operating_income": 175200000,
      "net_income": 123400000,
      "opex": 826200000,
      "cogs": 489200000,
      "rd": null,
      "sga": 820600000,
      "fcf": 45300000,
      "ocf": 45300000,
      "capex": null,
      "gross_margin": 0.671810009392191,
      "op_margin": 0.11753656245807058,
      "fcf_margin": 0.03039044679994633,
      "incr_op_margin_yoy": -0.39720034995625547,
      "rev_growth_yoy": 0.08304875390539854,
      "rev_growth_yoy_accel": -0.1000903292336846,
      "fcf_margin_change": 0.09987228826576364
    },
    {
      "date": "2022-10-01T00:00:00",
      "quarter_label": "2022-10 (Q4)",
      "revenue": 1579900000,
      "gross_profit": 1023100000,
      "operating_income": 206700000,
      "net_income": 150500000,
      "opex": 816400000,
      "cogs": 556800000,
      "rd": null,
      "sga": 809300000,
      "fcf": -43400000,
      "ocf": -43400000,
      "capex": null,
      "gross_margin": 0.6475726311791885,
      "op_margin": 0.13083106525729477,
      "fcf_margin": -0.027470093043863535,
      "incr_op_margin_yoy": -0.5963060686015831,
      "rev_growth_yoy": 0.05039558539990692,
      "rev_growth_yoy_accel": -0.03265316850549162,
      "op_leverage_ratio": Infinity,
      "fcf_margin_change": -0.057860539843809865
    },
    {
      "date": "2022-12-31T00:00:00",
      "quarter_label": "2022-12 (Q4)",
      "revenue": 1832300000,
      "gross_profit": 1190700000,
      "operating_income": 282100000,
      "net_income": 216500000,
      "opex": 908600000,
      "cogs": 641600000,
      "rd": null,
      "sga": 900800000,
      "fcf": 395100000,
      "ocf": 395100000,
      "capex": null,
      "gross_margin": 0.6498390001637286,
      "op_margin": 0.15395950444796158,
      "fcf_margin": 0.21563062817224254,
      "incr_op_margin_yoy": -0.41420118343195267,
      "rev_growth_yoy": 0.00930924314200727,
      "rev_growth_yoy_accel": -0.04108634225789965,
      "op_leverage_ratio": 1.4145940481419303,
      "fcf_margin_change": 0.24310072121610607
    },
    {
      "date": "2023-04-01T00:00:00",
      "quarter_label": "2023-04 (Q2)",
      "revenue": 1540800000,
      "gross_profit": 950600000,
      "operating_income": 40200000,
      "net_income": 32300000,
      "opex": 910400000,
      "cogs": 590200000,
      "rd": null,
      "sga": 878200000,
      "fcf": 14000000,
      "ocf": 14000000,
      "capex": null,
      "gross_margin": 0.6169522326064382,
      "op_margin": 0.026090342679127725,
      "fcf_margin": 0.009086188992731049,
      "incr_op_margin_yoy": 0.1878453038674033,
      "rev_growth_yoy": 0.011886780061732449,
      "rev_growth_yoy_accel": 0.002577536919725178,
      "fcf_margin_change": -0.20654443917951149
    },
    {
      "date": "2023-07-01T00:00:00",
      "quarter_label": "2023-07 (Q3)",
      "revenue": 1496500000,
      "gross_profit": 1032000000,
      "operating_income": 166400000,
      "net_income": 132100000,
      "opex": 865600000,
      "cogs": 464500000,
      "rd": null,
      "sga": 830000000,
      "fcf": 270700000,
      "ocf": 270700000,
      "capex": null,
      "gross_margin": 0.6896090878717006,
      "op_margin": 0.11119278316070833,
      "fcf_margin": 0.18088874039425326,
      "incr_op_margin_yoy": -1.4915254237288136,
      "rev_growth_yoy": 0.003958137662686167,
      "rev_growth_yoy_accel": -0.007928642399046282,
      "fcf_margin_change": 0.1718025514015222
    },
    {
      "date": "2023-09-30T00:00:00",
      "quarter_label": "2023-09 (Q3)",
      "revenue": 1633000000,
      "gross_profit": 1070100000,
      "operating_income": 164500000,
      "net_income": 146900000,
      "opex": 905600000,
      "cogs": 562900000,
      "rd": null,
      "sga": 896300000,
      "fcf": 72900000,
      "ocf": 72900000,
      "capex": null,
      "gross_margin": 0.6552969993876301,
      "op_margin": 0.10073484384568279,
      "fcf_margin": 0.04464176362522964,
      "incr_op_margin_yoy": -0.7947269303201506,
      "rev_growth_yoy": 0.0336097221343123,
      "rev_growth_yoy_accel": 0.029651584471626132,
      "op_leverage_ratio": 1.9738456398262612,
      "fcf_margin_change": -0.13624697676902361
    },
    {
      "date": "2023-12-30T00:00:00",
      "quarter_label": "2023-12 (Q4)",
      "revenue": 1934000000,
      "gross_profit": 1286000000,
      "operating_income": 317700000,
      "net_income": 276600000,
      "opex": 968300000,
      "cogs": 648000000,
      "rd": null,
      "sga": 967600000,
      "fcf": 605100000,
      "ocf": 605100000,
      "capex": null,
      "gross_margin": 0.6649431230610134,
      "op_margin": 0.1642709410548087,
      "fcf_margin": 0.3128748707342296,
      "incr_op_margin_yoy": 0.3500491642084562,
      "rev_growth_yoy": 0.055504011351852865,
      "rev_growth_yoy_accel": 0.021894289217540566,
      "op_leverage_ratio": 2.662252134260385,
      "fcf_margin_change": 0.26823310710899995
    },
    {
      "date": "2024-03-30T00:00:00",
      "quarter_label": "2024-03 (Q1)",
      "revenue": 1567900000,
      "gross_profit": 1043700000,
      "operating_income": 107800000,
      "net_income": 90700000,
      "opex": 935900000,
      "cogs": 524200000,
      "rd": null,
      "sga": 906600000,
      "fcf": 121000000,
      "ocf": 121000000,
      "capex": null,
      "gross_margin": 0.6656674532814593,
      "op_margin": 0.06875438484597232,
      "fcf_margin": 0.07717328911282607,
      "incr_op_margin_yoy": 2.4944649446494465,
      "rev_growth_yoy": 0.017588265835929387,
      "rev_growth_yoy_accel": -0.03791574551592348,
      "fcf_margin_change": -0.23570158162140353
    },
    {
      "date": "2024-06-29T00:00:00",
      "quarter_label": "2024-06 (Q2)",
      "revenue": 1512200000,
      "gross_profit": 1065800000,
      "operating_income": 208500000,
      "net_income": 168600000,
      "opex": 857300000,
      "cogs": 446400000,
      "rd": null,
      "sga": 849900000,
      "fcf": 277300000,
      "ocf": 277300000,
      "capex": null,
      "gross_margin": 0.7048009522549927,
      "op_margin": 0.13787858748842746,
      "fcf_margin": 0.18337521491866154,
      "incr_op_margin_yoy": 2.6815286624203822,
      "rev_growth_yoy": 0.010491146007350485,
      "rev_growth_yoy_accel": -0.007097119828578902,
      "fcf_margin_change": 0.10620192580583547
    },
    {
      "date": "2024-09-28T00:00:00",
      "quarter_label": "2024-09 (Q3)",
      "revenue": 1726000000,
      "gross_profit": 1155700000,
      "operating_income": 178900000,
      "net_income": 147900000,
      "opex": 976800000,
      "cogs": 570300000,
      "rd": null,
      "sga": 958400000,
      "fcf": 97200000,
      "ocf": 97200000,
      "capex": null,
      "gross_margin": 0.6695828505214368,
      "op_margin": 0.10365005793742758,
      "fcf_margin": 0.056315179606025494,
      "incr_op_margin_yoy": 0.15483870967741936,
      "rev_growth_yoy": 0.05695039804041641,
      "rev_growth_yoy_accel": 0.04645925203306593,
      "op_leverage_ratio": 1.0142929003103904,
      "fcf_margin_change": -0.12706003531263604
    },
    {
      "date": "2024-12-28T00:00:00",
      "quarter_label": "2024-12 (Q4)",
      "revenue": 2143500000,
      "gross_profit": 1466100000,
      "operating_income": 389700000,
      "net_income": 297400000,
      "opex": 1076400000,
      "cogs": 677400000,
      "rd": null,
      "sga": 1064200000,
      "fcf": 738400000,
      "ocf": 738400000,
      "capex": null,
      "gross_margin": 0.6839748075577327,
      "op_margin": 0.18180545836249126,
      "fcf_margin": 0.3444833216701656,
      "incr_op_margin_yoy": 0.3436754176610978,
      "rev_growth_yoy": 0.10832471561530507,
      "rev_growth_yoy_accel": 0.05137431757488866,
      "op_leverage_ratio": 2.3722584428094766,
      "fcf_margin_change": 0.2881681420641401
    },
    {
      "date": "2025-03-29T00:00:00",
      "quarter_label": "2025-03 (Q1)",
      "revenue": 1697300000,
      "gross_profit": 1165300000,
      "operating_income": 155000000,
      "net_income": 129000000,
      "opex": 1010300000,
      "cogs": 532000000,
      "rd": null,
      "sga": 990500000,
      "fcf": 122200000,
      "ocf": 122200000,
      "capex": null,
      "gross_margin": 0.6865610086608143,
      "op_margin": 0.09132151063453721,
      "fcf_margin": 0.07199670064219643,
      "incr_op_margin_yoy": 0.36476043276661513,
      "rev_growth_yoy": 0.08253077364627846,
      "rev_growth_yoy_accel": -0.02579394196902661,
      "fcf_margin_change": -0.27248662102796917
    },
    {
      "date": "2025-06-28T00:00:00",
      "quarter_label": "2025-06 (Q2)",
      "revenue": 1719100000,
      "gross_profit": 1242300000,
      "operating_income": 273600000,
      "net_income": 220400000,
      "opex": 968700000,
      "cogs": 476800000,
      "rd": null,
      "sga": 949400000,
      "fcf": 176100000,
      "ocf": 176100000,
      "capex": null,
      "gross_margin": 0.722645570356582,
      "op_margin": 0.15915304519806875,
      "fcf_margin": 0.10243732185445872,
      "incr_op_margin_yoy": 0.31464475592073465,
      "rev_growth_yoy": 0.13682052638539877,
      "rev_growth_yoy_accel": 0.0542897527391203,
      "op_leverage_ratio": Infinity,
      "fcf_margin_change": 0.030440621212262292
    },
    {
      "date": "2025-09-27T00:00:00",
      "quarter_label": "2025-09 (Q3)",
      "revenue": 2010700000,
      "gross_profit": 1366400000,
      "operating_income": 245700000,
      "net_income": 207500000,
      "opex": 1120700000,
      "cogs": 644300000,
      "rd": null,
      "sga": 1083400000,
      "fcf": 53200000,
      "ocf": 53200000,
      "capex": null,
      "gross_margin": 0.6795643308300592,
      "op_margin": 0.1221962500621674,
      "fcf_margin": 0.026458447306908044,
      "incr_op_margin_yoy": 0.23463294696171408,
      "rev_growth_yoy": 0.1649478563151796,
      "rev_growth_yoy_accel": 0.028127329929780842,
      "op_leverage_ratio": 1.0810159232646213,
      "fcf_margin_change": -0.07597887454755067
    }
  ],
  "signals": [
    {
      "quarter": "2025-09 (Q3)",
      "signal": "INCREMENTAL MARGIN (YoY)",
      "detail": "YoY Incr OPM: +23.5% vs year-ago OPM: +10.4%",
      "severity": "MEDIUM"
    },
    {
      "quarter": "2025-06 (Q2)",
      "signal": "YoY REVENUE GROWTH ACCELERATION",
      "detail": "YoY growth: +13.7% vs prior quarter YoY: +8.3% (accel: +5.4%)",
      "severity": "MEDIUM"
    },
    {
      "quarter": "2025-06 (Q2)",
      "signal": "INCREMENTAL MARGIN (YoY)",
      "detail": "YoY Incr OPM: +31.5% vs year-ago OPM: +13.8%",
      "severity": "MEDIUM"
    },
    {
      "quarter": "2025-03 (Q1)",
      "signal": "INCREMENTAL MARGIN (YoY)",
      "detail": "YoY Incr OPM: +36.5% vs year-ago OPM: +6.9%",
      "severity": "HIGH"
    },
    {
      "quarter": "2024-12 (Q4)",
      "signal": "FCF MARGIN EXPANSION",
      "detail": "FCF margin: +5.6% -> +34.4% (+28.8%)",
      "severity": "MEDIUM"
    },
    {
      "quarter": "2024-12 (Q4)",
      "signal": "OPERATING LEVERAGE",
      "detail": "Rev growth +24.2% vs OpEx growth +10.2% (leverage: 2.4x)",
      "severity": "MEDIUM"
    },
    {
      "quarter": "2024-12 (Q4)",
      "signal": "YoY REVENUE GROWTH ACCELERATION",
      "detail": "YoY growth: +10.8% vs prior quarter YoY: +5.7% (accel: +5.1%)",
      "severity": "MEDIUM"
    },
    {
      "quarter": "2024-12 (Q4)",
      "signal": "INCREMENTAL MARGIN (YoY)",
      "detail": "YoY Incr OPM: +34.4% vs year-ago OPM: +16.4%",
      "severity": "MEDIUM"
    },
    {
      "quarter": "2024-06 (Q2)",
      "signal": "FCF MARGIN EXPANSION",
      "detail": "FCF margin: +7.7% -> +18.3% (+10.6%)",
      "severity": "MEDIUM"
    },
    {
      "quarter": "2024-06 (Q2)",
      "signal": "INCREMENTAL MARGIN (YoY)",
      "detail": "YoY Incr OPM: +268.2% vs year-ago OPM: +11.1%",
      "severity": "HIGH"
    },
    {
      "quarter": "2024-03 (Q1)",
      "signal": "INCREMENTAL MARGIN (YoY)",
      "detail": "YoY Incr OPM: +249.4% vs year-ago OPM: +2.6%",
      "severity": "HIGH"
    },
    {
      "quarter": "2023-12 (Q4)",
      "signal": "FCF MARGIN EXPANSION",
      "detail": "FCF margin: +4.5% -> +31.3% (+26.8%)",
      "severity": "MEDIUM"
    },
    {
      "quarter": "2023-12 (Q4)",
      "signal": "OPERATING LEVERAGE",
      "detail": "Rev growth +18.4% vs OpEx growth +6.9% (leverage: 2.7x)",
      "severity": "MEDIUM"
    },
    {
      "quarter": "2023-12 (Q4)",
      "signal": "INCREMENTAL MARGIN (YoY)",
      "detail": "YoY Incr OPM: +35.0% vs year-ago OPM: +15.4%",
      "severity": "MEDIUM"
    },
    {
      "quarter": "2023-09 (Q3)",
      "signal": "OPERATING LEVERAGE",
      "detail": "Rev growth +9.1% vs OpEx growth +4.6% (leverage: 2.0x)",
      "severity": "MEDIUM"
    },
    {
      "quarter": "2023-07 (Q3)",
      "signal": "FCF MARGIN EXPANSION",
      "detail": "FCF margin: +0.9% -> +18.1% (+17.2%)",
      "severity": "MEDIUM"
    },
    {
      "quarter": "2023-07 (Q3)",
      "signal": "GROSS MARGIN INFLECTION",
      "detail": "GM: +65.0% -> +61.7% -> +69.0% (reversal +7.3%)",
      "severity": "HIGH"
    },
    {
      "quarter": "2023-04 (Q2)",
      "signal": "INCREMENTAL MARGIN (YoY)",
      "detail": "YoY Incr OPM: +18.8% vs year-ago OPM: +2.4%",
      "severity": "MEDIUM"
    },
    {
      "quarter": "2022-12 (Q4)",
      "signal": "FCF TURNED POSITIVE",
      "detail": "FCF margin: -2.7% -> +21.6%",
      "severity": "HIGH"
    },
    {
      "quarter": "2022-07 (Q3)",
      "signal": "FCF TURNED POSITIVE",
      "detail": "FCF margin: -6.9% -> +3.0%",
      "severity": "HIGH"
    },
    {
      "quarter": "2022-07 (Q3)",
      "signal": "GROSS MARGIN INFLECTION",
      "detail": "GM: +66.0% -> +63.4% -> +67.2% (reversal +3.7%)",
      "severity": "MEDIUM"
    },
    {
      "quarter": "2022-07 (Q3)",
      "signal": "YoY REVENUE GROWTH DECELERATION",
      "detail": "YoY growth: +8.3% vs prior quarter YoY: +18.3% (decel: -10.0%)",
      "severity": "WARNING"
    },
    {
      "quarter": "2022-04 (Q2)",
      "signal": "YoY REVENUE GROWTH DECELERATION",
      "detail": "YoY growth: +18.3% vs prior quarter YoY: +26.7% (decel: -8.4%)",
      "severity": "WARNING"
    },
    {
      "quarter": "2022-04 (Q2)",
      "signal": "OP MARGIN TURNED POSITIVE (YoY)",
      "detail": "Op margin: -2.0% (year-ago) -> +2.4%",
      "severity": "HIGH"
    },
    {
      "quarter": "2021-12 (Q4)",
      "signal": "FCF MARGIN EXPANSION",
      "detail": "FCF margin: +14.4% -> +19.7% (+5.3%)",
      "severity": "MEDIUM"
    },
    {
      "quarter": "2021-12 (Q4)",
      "signal": "INCREMENTAL MARGIN (YoY)",
      "detail": "YoY Incr OPM: +31.0% vs year-ago OPM: +11.9%",
      "severity": "MEDIUM"
    },
    {
      "quarter": "2021-09 (Q3)",
      "signal": "OPERATING LEVERAGE",
      "detail": "Rev growth +9.3% vs OpEx growth +2.1% (leverage: 4.4x)",
      "severity": "MEDIUM"
    },
    {
      "quarter": "2021-06 (Q2)",
      "signal": "FCF MARGIN EXPANSION",
      "detail": "FCF margin: +3.6% -> +18.0% (+14.4%)",
      "severity": "MEDIUM"
    },
    {
      "quarter": "2021-06 (Q2)",
      "signal": "GROSS MARGIN INFLECTION",
      "detail": "GM: +64.9% -> +60.8% -> +70.3% (reversal +9.5%)",
      "severity": "HIGH"
    },
    {
      "quarter": "2021-06 (Q2)",
      "signal": "OP MARGIN TURNED POSITIVE (QoQ)",
      "detail": "Op margin: -2.0% -> +16.0%",
      "severity": "HIGH"
    }
  ],
  "data_quality": {
    "n_quarters": 20,
    "coverage": {
      "revenue": [
        20,
        20
      ],
      "gross_profit": [
        20,
        20
      ],
      "op_income": [
        20,
        20
      ],
      "fcf": [
        20,
        20
      ]
    },
    "gaps": [],
    "warnings": []
  },
  "market_cap": null,
  "source": "SEC EDGAR",
  "last_updated": "2026-02-02T20:17:04.417259"
}