{
  "ticker": "RLBY",
  "name": "RELIABILITY INCORPORATED",
  "quarters": [
    {
      "date": "2020-12-31T00:00:00",
      "quarter_label": "2020-12 (Q4)",
      "revenue": 9003000,
      "gross_profit": 1065000,
      "operating_income": 41000,
      "net_income": -36000,
      "opex": 1024000,
      "cogs": 7938000,
      "rd": null,
      "sga": 1024000,
      "fcf": -2668000,
      "ocf": -2656000,
      "capex": -12000,
      "gross_margin": 0.11829390203265579,
      "op_margin": 0.004554037543041209,
      "fcf_margin": -0.29634566255692546
    },
    {
      "date": "2021-03-31T00:00:00",
      "quarter_label": "2021-03 (Q1)",
      "revenue": 5794000,
      "gross_profit": 747000,
      "operating_income": -63000,
      "net_income": -28000,
      "opex": 810000,
      "cogs": 5047000,
      "rd": null,
      "sga": 810000,
      "fcf": 2410000,
      "ocf": 2413000,
      "capex": -3000,
      "gross_margin": 0.12892647566448048,
      "op_margin": -0.010873317224715223,
      "fcf_margin": 0.41594753192958234,
      "fcf_margin_change": 0.7122931944865079
    },
    {
      "date": "2021-06-30T00:00:00",
      "quarter_label": "2021-06 (Q2)",
      "revenue": 5074000,
      "gross_profit": 718000,
      "operating_income": -161000,
      "net_income": 7267000,
      "opex": 879000,
      "cogs": 4357000,
      "rd": null,
      "sga": 878000,
      "fcf": 544000,
      "ocf": 544000,
      "capex": null,
      "gross_margin": 0.14150571541190382,
      "op_margin": -0.03173039022467481,
      "fcf_margin": 0.10721324398896334,
      "fcf_margin_change": -0.30873428794061897
    },
    {
      "date": "2021-09-30T00:00:00",
      "quarter_label": "2021-09 (Q3)",
      "revenue": 6941000,
      "gross_profit": 803000,
      "operating_income": -63000,
      "net_income": 1411000,
      "opex": 866000,
      "cogs": 6138000,
      "rd": null,
      "sga": 866000,
      "fcf": -342000,
      "ocf": -339000,
      "capex": -3000,
      "gross_margin": 0.11568938193343899,
      "op_margin": -0.009076501944964703,
      "fcf_margin": -0.04927243912980839,
      "op_leverage_ratio": Infinity,
      "fcf_margin_change": -0.15648568311877173
    },
    {
      "date": "2021-12-31T00:00:00",
      "quarter_label": "2021-12 (Q4)",
      "revenue": 8437000,
      "gross_profit": 999000,
      "operating_income": -14000,
      "net_income": -757000,
      "opex": 1013000,
      "cogs": 7438000,
      "rd": null,
      "sga": 1013000,
      "fcf": -114000,
      "ocf": -113000,
      "capex": -1000,
      "gross_margin": 0.11840701671210145,
      "op_margin": -0.0016593575915609814,
      "fcf_margin": -0.013511911816996562,
      "rev_growth_yoy": -0.06286793291125181,
      "op_leverage_ratio": 1.2697262740278363,
      "fcf_margin_change": 0.035760527312811825
    },
    {
      "date": "2022-03-31T00:00:00",
      "quarter_label": "2022-03 (Q1)",
      "revenue": 5783000,
      "gross_profit": 730000,
      "operating_income": -575000,
      "net_income": -554000,
      "opex": 1305000,
      "cogs": 5053000,
      "rd": null,
      "sga": 1305000,
      "fcf": -599000,
      "ocf": -598000,
      "capex": -1000,
      "gross_margin": 0.1262320594846965,
      "op_margin": -0.0994293619228774,
      "fcf_margin": -0.10357945702922358,
      "rev_growth_yoy": -0.0018985157059026579,
      "rev_growth_yoy_accel": 0.06096941720534915,
      "fcf_margin_change": -0.09006754521222701
    },
    {
      "date": "2022-06-30T00:00:00",
      "quarter_label": "2022-06 (Q2)",
      "revenue": 6481000,
      "gross_profit": 887000,
      "operating_income": -210000,
      "net_income": -214000,
      "opex": 1097000,
      "cogs": 5594000,
      "rd": null,
      "sga": 1097000,
      "fcf": -1060000,
      "ocf": -1059000,
      "capex": -1000,
      "gross_margin": 0.13686159543280357,
      "op_margin": -0.03240240703595124,
      "fcf_margin": -0.16355500694337294,
      "incr_op_margin_yoy": -0.03482587064676617,
      "rev_growth_yoy": 0.27729601891998423,
      "rev_growth_yoy_accel": 0.2791945346258869,
      "op_leverage_ratio": Infinity,
      "fcf_margin_change": -0.059975549914149356
    },
    {
      "date": "2022-09-30T00:00:00",
      "quarter_label": "2022-09 (Q3)",
      "revenue": 6464000,
      "gross_profit": 891000,
      "operating_income": -50000,
      "net_income": 109000,
      "opex": 941000,
      "cogs": 5573000,
      "rd": null,
      "sga": 941000,
      "fcf": 1694000,
      "ocf": 1693000,
      "capex": 1000,
      "gross_margin": 0.13784034653465346,
      "op_margin": -0.007735148514851485,
      "fcf_margin": 0.2620668316831683,
      "rev_growth_yoy": -0.06872208615473274,
      "rev_growth_yoy_accel": -0.346018105074717,
      "fcf_margin_change": 0.42562183862654124
    },
    {
      "date": "2022-12-31T00:00:00",
      "quarter_label": "2022-12 (Q4)",
      "revenue": 6996000,
      "gross_profit": 987000,
      "operating_income": -70000,
      "net_income": -81000,
      "opex": 1057000,
      "cogs": 6009000,
      "rd": null,
      "sga": 1057000,
      "fcf": -1471000,
      "ocf": -1463000,
      "capex": -8000,
      "gross_margin": 0.14108061749571182,
      "op_margin": -0.010005717552887363,
      "fcf_margin": -0.21026300743281875,
      "incr_op_margin_yoy": 0.0388619014573213,
      "rev_growth_yoy": -0.17079530638852672,
      "rev_growth_yoy_accel": -0.10207322023379398,
      "op_leverage_ratio": 0.667639339364971,
      "fcf_margin_change": -0.472329839115987
    },
    {
      "date": "2023-03-31T00:00:00",
      "quarter_label": "2023-03 (Q1)",
      "revenue": 5199000,
      "gross_profit": 711000,
      "operating_income": -222000,
      "net_income": -195000,
      "opex": 933000,
      "cogs": 4488000,
      "rd": null,
      "sga": 933000,
      "fcf": 1842000,
      "ocf": 1842000,
      "capex": null,
      "gross_margin": 0.13675706866705137,
      "op_margin": -0.04270051933064051,
      "fcf_margin": 0.35429890363531447,
      "rev_growth_yoy": -0.10098564758775722,
      "rev_growth_yoy_accel": 0.0698096588007695,
      "fcf_margin_change": 0.5645619110681332
    },
    {
      "date": "2023-06-30T00:00:00",
      "quarter_label": "2023-06 (Q2)",
      "revenue": 5452000,
      "gross_profit": 740000,
      "operating_income": -171000,
      "net_income": -240000,
      "opex": 911000,
      "cogs": 4712000,
      "rd": null,
      "sga": 911000,
      "fcf": 2299000,
      "ocf": 2299000,
      "capex": null,
      "gross_margin": 0.13573000733675716,
      "op_margin": -0.03136463683052091,
      "fcf_margin": 0.42168011738811445,
      "incr_op_margin_yoy": -0.037900874635568516,
      "rev_growth_yoy": -0.15877179447616108,
      "rev_growth_yoy_accel": -0.05778614688840386,
      "op_leverage_ratio": Infinity,
      "fcf_margin_change": 0.06738121375279998
    },
    {
      "date": "2023-09-30T00:00:00",
      "quarter_label": "2023-09 (Q3)",
      "revenue": 5341000,
      "gross_profit": 772000,
      "operating_income": -226000,
      "net_income": -176000,
      "opex": 998000,
      "cogs": 4569000,
      "rd": null,
      "sga": 998000,
      "fcf": -990000,
      "ocf": -990000,
      "capex": null,
      "gross_margin": 0.14454222055794794,
      "op_margin": -0.042314173375772327,
      "fcf_margin": -0.1853585470885602,
      "incr_op_margin_yoy": 0.15672306322350846,
      "rev_growth_yoy": -0.17373143564356436,
      "rev_growth_yoy_accel": -0.014959641167403281,
      "fcf_margin_change": -0.6070386644766746
    },
    {
      "date": "2023-12-31T00:00:00",
      "quarter_label": "2023-12 (Q4)",
      "revenue": 5459000,
      "gross_profit": 816000,
      "operating_income": -129000,
      "net_income": -128000,
      "opex": 945000,
      "cogs": 4643000,
      "rd": null,
      "sga": 945000,
      "fcf": -136000,
      "ocf": -135000,
      "capex": -1000,
      "gross_margin": 0.1494779263601392,
      "op_margin": -0.02363070159369848,
      "fcf_margin": -0.02491298772668987,
      "incr_op_margin_yoy": 0.038386467143786594,
      "rev_growth_yoy": -0.2196969696969697,
      "rev_growth_yoy_accel": -0.04596553405340534,
      "op_leverage_ratio": Infinity,
      "fcf_margin_change": 0.16044555936187033
    },
    {
      "date": "2024-03-31T00:00:00",
      "quarter_label": "2024-03 (Q1)",
      "revenue": 5295000,
      "gross_profit": 709000,
      "operating_income": -238000,
      "net_income": -132000,
      "opex": 947000,
      "cogs": 4586000,
      "rd": null,
      "sga": 947000,
      "fcf": -312000,
      "ocf": -312000,
      "capex": null,
      "gross_margin": 0.13389990557129366,
      "op_margin": -0.044948064211520304,
      "fcf_margin": -0.058923512747875356,
      "rev_growth_yoy": 0.018465089440276975,
      "rev_growth_yoy_accel": 0.23816205913724667,
      "fcf_margin_change": -0.034010525021185484
    },
    {
      "date": "2024-06-30T00:00:00",
      "quarter_label": "2024-06 (Q2)",
      "revenue": 6041000,
      "gross_profit": 804000,
      "operating_income": -182000,
      "net_income": -134000,
      "opex": 986000,
      "cogs": 5237000,
      "rd": null,
      "sga": 986000,
      "fcf": -224000,
      "ocf": -224000,
      "capex": null,
      "gross_margin": 0.1330905479225294,
      "op_margin": -0.030127462340672075,
      "fcf_margin": -0.03707995365005794,
      "rev_growth_yoy": 0.10803374908290536,
      "rev_growth_yoy_accel": 0.08956865964262839,
      "op_leverage_ratio": 3.421040652768698,
      "fcf_margin_change": 0.02184355909781742
    },
    {
      "date": "2024-09-30T00:00:00",
      "quarter_label": "2024-09 (Q3)",
      "revenue": 6230000,
      "gross_profit": 834000,
      "operating_income": -124000,
      "net_income": -66000,
      "opex": 958000,
      "cogs": 5396000,
      "rd": null,
      "sga": 958000,
      "fcf": -656000,
      "ocf": -656000,
      "capex": null,
      "gross_margin": 0.13386837881219904,
      "op_margin": -0.019903691813804174,
      "fcf_margin": -0.10529695024077046,
      "rev_growth_yoy": 0.16644823066841416,
      "rev_growth_yoy_accel": 0.0584144815855088,
      "op_leverage_ratio": Infinity,
      "fcf_margin_change": -0.06821699659071252
    },
    {
      "date": "2024-12-31T00:00:00",
      "quarter_label": "2024-12 (Q4)",
      "revenue": -12066000,
      "gross_profit": 846000,
      "operating_income": -162000,
      "net_income": -260000,
      "opex": 1008000,
      "cogs": 5570000,
      "rd": null,
      "sga": 1008000,
      "fcf": -1405000,
      "ocf": -1395000,
      "capex": -10000,
      "gross_margin": -0.07011437095972153,
      "op_margin": 0.013426156141223273,
      "fcf_margin": 0.11644289739764628,
      "incr_op_margin_yoy": 0.0018830242510699002,
      "rev_growth_yoy": -3.210294925810588,
      "rev_growth_yoy_accel": -3.376743156479002,
      "fcf_margin_change": 0.22173984763841675
    },
    {
      "date": "2025-03-31T00:00:00",
      "quarter_label": "2025-03 (Q1)",
      "revenue": 4746000,
      "gross_profit": 641000,
      "operating_income": -382000,
      "net_income": -333000,
      "opex": 1023000,
      "cogs": 4105000,
      "rd": null,
      "sga": 1023000,
      "fcf": 959000,
      "ocf": 959000,
      "capex": null,
      "gross_margin": 0.13506110408765276,
      "op_margin": -0.08048883270122208,
      "fcf_margin": 0.20206489675516223,
      "rev_growth_yoy": -0.10368271954674221,
      "rev_growth_yoy_accel": 3.1066122062638457,
      "fcf_margin_change": 0.08562199935751595
    },
    {
      "date": "2025-06-30T00:00:00",
      "quarter_label": "2025-06 (Q2)",
      "revenue": 4718000,
      "gross_profit": 713000,
      "operating_income": -253000,
      "net_income": -205000,
      "opex": 966000,
      "cogs": 4005000,
      "rd": null,
      "sga": 966000,
      "fcf": 316000,
      "ocf": 316000,
      "capex": null,
      "gross_margin": 0.15112335735481136,
      "op_margin": -0.053624417125900804,
      "fcf_margin": 0.06697753285290377,
      "incr_op_margin_yoy": 0.05366591080876795,
      "rev_growth_yoy": -0.2190034762456547,
      "rev_growth_yoy_accel": -0.11532075669891248,
      "fcf_margin_change": -0.13508736390225845
    },
    {
      "date": "2025-09-30T00:00:00",
      "quarter_label": "2025-09 (Q3)",
      "revenue": 5417000,
      "gross_profit": 749000,
      "operating_income": -228000,
      "net_income": -204000,
      "opex": 977000,
      "cogs": 4668000,
      "rd": null,
      "sga": 977000,
      "fcf": 647000,
      "ocf": 647000,
      "capex": null,
      "gross_margin": 0.1382684142514307,
      "op_margin": -0.04208971755584272,
      "fcf_margin": 0.1194388037659221,
      "rev_growth_yoy": -0.1304975922953451,
      "rev_growth_yoy_accel": 0.08850588395030959,
      "op_leverage_ratio": 13.010790396547074,
      "fcf_margin_change": 0.05246127091301833
    }
  ],
  "signals": [
    {
      "quarter": "2025-09 (Q3)",
      "signal": "FCF MARGIN EXPANSION",
      "detail": "FCF margin: +6.7% -> +11.9% (+5.2%)",
      "severity": "MEDIUM"
    },
    {
      "quarter": "2025-09 (Q3)",
      "signal": "OPERATING LEVERAGE",
      "detail": "Rev growth +14.8% vs OpEx growth +1.1% (leverage: 13.0x)",
      "severity": "MEDIUM"
    },
    {
      "quarter": "2025-09 (Q3)",
      "signal": "YoY REVENUE GROWTH ACCELERATION",
      "detail": "YoY growth: -13.0% vs prior quarter YoY: -21.9% (accel: +8.9%)",
      "severity": "MEDIUM"
    },
    {
      "quarter": "2025-06 (Q2)",
      "signal": "YoY REVENUE GROWTH DECELERATION",
      "detail": "YoY growth: -21.9% vs prior quarter YoY: -10.4% (decel: -11.5%)",
      "severity": "WARNING"
    },
    {
      "quarter": "2025-03 (Q1)",
      "signal": "FCF MARGIN EXPANSION",
      "detail": "FCF margin: +11.6% -> +20.2% (+8.6%)",
      "severity": "MEDIUM"
    },
    {
      "quarter": "2025-03 (Q1)",
      "signal": "GROSS MARGIN INFLECTION",
      "detail": "GM: +13.4% -> -7.0% -> +13.5% (reversal +20.5%)",
      "severity": "HIGH"
    },
    {
      "quarter": "2025-03 (Q1)",
      "signal": "YoY REVENUE GROWTH ACCELERATION",
      "detail": "YoY growth: -10.4% vs prior quarter YoY: -321.0% (accel: +310.7%)",
      "severity": "HIGH"
    },
    {
      "quarter": "2024-12 (Q4)",
      "signal": "FCF TURNED POSITIVE",
      "detail": "FCF margin: -10.5% -> +11.6%",
      "severity": "HIGH"
    },
    {
      "quarter": "2024-12 (Q4)",
      "signal": "YoY REVENUE GROWTH DECELERATION",
      "detail": "YoY growth: -321.0% vs prior quarter YoY: +16.6% (decel: -337.7%)",
      "severity": "WARNING"
    },
    {
      "quarter": "2024-12 (Q4)",
      "signal": "OP MARGIN TURNED POSITIVE (YoY)",
      "detail": "Op margin: -2.4% (year-ago) -> +1.3%",
      "severity": "HIGH"
    },
    {
      "quarter": "2024-12 (Q4)",
      "signal": "OP MARGIN TURNED POSITIVE (QoQ)",
      "detail": "Op margin: -2.0% -> +1.3%",
      "severity": "HIGH"
    },
    {
      "quarter": "2024-09 (Q3)",
      "signal": "YoY REVENUE GROWTH ACCELERATION",
      "detail": "YoY growth: +16.6% vs prior quarter YoY: +10.8% (accel: +5.8%)",
      "severity": "MEDIUM"
    },
    {
      "quarter": "2024-06 (Q2)",
      "signal": "OPERATING LEVERAGE",
      "detail": "Rev growth +14.1% vs OpEx growth +4.1% (leverage: 3.4x)",
      "severity": "MEDIUM"
    },
    {
      "quarter": "2024-06 (Q2)",
      "signal": "YoY REVENUE GROWTH ACCELERATION",
      "detail": "YoY growth: +10.8% vs prior quarter YoY: +1.8% (accel: +9.0%)",
      "severity": "MEDIUM"
    },
    {
      "quarter": "2024-03 (Q1)",
      "signal": "YoY REVENUE GROWTH ACCELERATION",
      "detail": "YoY growth: +1.8% vs prior quarter YoY: -22.0% (accel: +23.8%)",
      "severity": "HIGH"
    },
    {
      "quarter": "2023-12 (Q4)",
      "signal": "FCF MARGIN EXPANSION",
      "detail": "FCF margin: -18.5% -> -2.5% (+16.0%)",
      "severity": "MEDIUM"
    },
    {
      "quarter": "2023-06 (Q2)",
      "signal": "FCF MARGIN EXPANSION",
      "detail": "FCF margin: +35.4% -> +42.2% (+6.7%)",
      "severity": "MEDIUM"
    },
    {
      "quarter": "2023-06 (Q2)",
      "signal": "YoY REVENUE GROWTH DECELERATION",
      "detail": "YoY growth: -15.9% vs prior quarter YoY: -10.1% (decel: -5.8%)",
      "severity": "WARNING"
    },
    {
      "quarter": "2023-03 (Q1)",
      "signal": "FCF TURNED POSITIVE",
      "detail": "FCF margin: -21.0% -> +35.4%",
      "severity": "HIGH"
    },
    {
      "quarter": "2023-03 (Q1)",
      "signal": "YoY REVENUE GROWTH ACCELERATION",
      "detail": "YoY growth: -10.1% vs prior quarter YoY: -17.1% (accel: +7.0%)",
      "severity": "MEDIUM"
    },
    {
      "quarter": "2022-12 (Q4)",
      "signal": "YoY REVENUE GROWTH DECELERATION",
      "detail": "YoY growth: -17.1% vs prior quarter YoY: -6.9% (decel: -10.2%)",
      "severity": "WARNING"
    },
    {
      "quarter": "2022-09 (Q3)",
      "signal": "FCF TURNED POSITIVE",
      "detail": "FCF margin: -16.4% -> +26.2%",
      "severity": "HIGH"
    },
    {
      "quarter": "2022-09 (Q3)",
      "signal": "YoY REVENUE GROWTH DECELERATION",
      "detail": "YoY growth: -6.9% vs prior quarter YoY: +27.7% (decel: -34.6%)",
      "severity": "WARNING"
    },
    {
      "quarter": "2022-06 (Q2)",
      "signal": "YoY REVENUE GROWTH ACCELERATION",
      "detail": "YoY growth: +27.7% vs prior quarter YoY: -0.2% (accel: +27.9%)",
      "severity": "HIGH"
    },
    {
      "quarter": "2022-03 (Q1)",
      "signal": "YoY REVENUE GROWTH ACCELERATION",
      "detail": "YoY growth: -0.2% vs prior quarter YoY: -6.3% (accel: +6.1%)",
      "severity": "MEDIUM"
    },
    {
      "quarter": "2021-03 (Q1)",
      "signal": "FCF TURNED POSITIVE",
      "detail": "FCF margin: -29.6% -> +41.6%",
      "severity": "HIGH"
    }
  ],
  "data_quality": {
    "n_quarters": 20,
    "coverage": {
      "revenue": [
        20,
        20
      ],
      "gross_profit": [
        20,
        20
      ],
      "op_income": [
        20,
        20
      ],
      "fcf": [
        20,
        20
      ]
    },
    "gaps": [],
    "warnings": []
  },
  "market_cap": null,
  "source": "SEC EDGAR",
  "last_updated": "2026-02-03T00:07:33.539792"
}