{
  "ticker": "RMBS",
  "name": "RAMBUS INC",
  "sector": "Technology",
  "industry": "Semiconductors",
  "quarters": [
    {
      "date": "2021-03-31T00:00:00",
      "quarter_label": "2021-03 (Q1)",
      "revenue": 70382000,
      "gross_profit": 53030000,
      "operating_income": -3483000,
      "net_income": -2613000,
      "opex": 56513000,
      "cogs": 17352000,
      "rd": 32354000,
      "sga": 23562000,
      "fcf": 35941000,
      "ocf": 39458000,
      "capex": -3517000,
      "gross_margin": 0.7534596913983689,
      "op_margin": -0.049487084765991306,
      "fcf_margin": 0.5106561336705407
    },
    {
      "date": "2021-06-30T00:00:00",
      "quarter_label": "2021-06 (Q2)",
      "revenue": 84859000,
      "gross_profit": 67981000,
      "operating_income": 14099000,
      "net_income": 11166000,
      "opex": 53882000,
      "cogs": 16878000,
      "rd": 31469000,
      "sga": 22184000,
      "fcf": 49844000,
      "ocf": 51594000,
      "capex": -1750000,
      "gross_margin": 0.8011053630139408,
      "op_margin": 0.16614619545363485,
      "fcf_margin": 0.5873743503930049,
      "op_leverage_ratio": null,
      "fcf_margin_change": 0.07671821672246415
    },
    {
      "date": "2021-09-30T00:00:00",
      "quarter_label": "2021-09 (Q3)",
      "revenue": 81282000,
      "gross_profit": 62856000,
      "operating_income": 4695000,
      "net_income": 3676000,
      "opex": 58161000,
      "cogs": 18426000,
      "rd": 35592000,
      "sga": 22210000,
      "fcf": 43737000,
      "ocf": 45997000,
      "capex": -2260000,
      "gross_margin": 0.7733077434118255,
      "op_margin": 0.057761866095814574,
      "fcf_margin": 0.538089613936665,
      "fcf_margin_change": -0.049284736456339906
    },
    {
      "date": "2021-12-31T00:00:00",
      "quarter_label": "2021-12 (Q4)",
      "revenue": 91781000,
      "gross_profit": 74043000,
      "operating_income": 8970000,
      "net_income": 6105000,
      "opex": 65073000,
      "cogs": 17738000,
      "rd": 36263000,
      "sga": 23101000,
      "fcf": 65903000,
      "ocf": 72168000,
      "capex": -6265000,
      "gross_margin": 0.806735598871226,
      "op_margin": 0.09773264619038799,
      "fcf_margin": 0.718046218716292,
      "op_leverage_ratio": 1.086880232340972,
      "fcf_margin_change": 0.17995660477962705
    },
    {
      "date": "2022-03-31T00:00:00",
      "quarter_label": "2022-03 (Q1)",
      "revenue": 99050000,
      "gross_profit": 76651000,
      "operating_income": 8321000,
      "net_income": -66218000,
      "opex": 68330000,
      "cogs": 22399000,
      "rd": 39815000,
      "sga": 26906000,
      "fcf": 40931000,
      "ocf": 42614000,
      "capex": -1683000,
      "gross_margin": 0.7738616860171631,
      "op_margin": 0.08400807672892478,
      "fcf_margin": 0.4132357395254922,
      "incr_op_margin_yoy": 0.4117482907771732,
      "rev_growth_yoy": 0.40732005342275013,
      "op_leverage_ratio": 1.5823587543865556,
      "fcf_margin_change": -0.30481047919079984
    },
    {
      "date": "2022-06-30T00:00:00",
      "quarter_label": "2022-06 (Q2)",
      "revenue": 121132000,
      "gross_profit": 96320000,
      "operating_income": 35560000,
      "net_income": 35020000,
      "opex": 60760000,
      "cogs": 24812000,
      "rd": 39538000,
      "sga": 26305000,
      "fcf": 51749000,
      "ocf": 56499000,
      "capex": -4750000,
      "gross_margin": 0.7951656044645511,
      "op_margin": 0.29356404583429646,
      "fcf_margin": 0.4272116368919856,
      "incr_op_margin_yoy": 0.59165219309128,
      "rev_growth_yoy": 0.42745024098799184,
      "rev_growth_yoy_accel": 0.02013018756524171,
      "op_leverage_ratio": null,
      "fcf_margin_change": 0.013975897366493406
    },
    {
      "date": "2022-09-30T00:00:00",
      "quarter_label": "2022-09 (Q3)",
      "revenue": 112244000,
      "gross_profit": 85260000,
      "operating_income": 16923000,
      "net_income": 939000,
      "opex": 68337000,
      "cogs": 26984000,
      "rd": 39295000,
      "sga": 26198000,
      "fcf": 73774000,
      "ocf": 79991000,
      "capex": -6217000,
      "gross_margin": 0.7595951676704322,
      "op_margin": 0.15076975161255834,
      "fcf_margin": 0.6572645308435194,
      "incr_op_margin_yoy": 0.3949357276661714,
      "rev_growth_yoy": 0.38092074506040696,
      "rev_growth_yoy_accel": -0.046529495927584874,
      "fcf_margin_change": 0.23005289395153383
    },
    {
      "date": "2022-12-31T00:00:00",
      "quarter_label": "2022-12 (Q4)",
      "revenue": 122367000,
      "gross_profit": 88983000,
      "operating_income": 16138000,
      "net_income": 15949000,
      "opex": 72845000,
      "cogs": 33384000,
      "rd": 40121000,
      "sga": 27309000,
      "fcf": 46461000,
      "ocf": 51289000,
      "capex": -4828000,
      "gross_margin": 0.7271813479124274,
      "op_margin": 0.13188196163998464,
      "fcf_margin": 0.37968569957586606,
      "incr_op_margin_yoy": 0.23435558752370367,
      "rev_growth_yoy": 0.33324980115710223,
      "rev_growth_yoy_accel": -0.04767094390330473,
      "op_leverage_ratio": 1.36715609732783,
      "fcf_margin_change": -0.27757883126765337
    },
    {
      "date": "2023-03-31T00:00:00",
      "quarter_label": "2023-03 (Q1)",
      "revenue": 113762000,
      "gross_profit": 82086000,
      "operating_income": 1942000,
      "net_income": 3281000,
      "opex": 80144000,
      "cogs": 31676000,
      "rd": 41898000,
      "sga": 30964000,
      "fcf": 31168000,
      "ocf": 38906000,
      "capex": -7738000,
      "gross_margin": 0.7215590443205991,
      "op_margin": 0.01707072660466588,
      "fcf_margin": 0.2739754926952761,
      "incr_op_margin_yoy": -0.4335916258836324,
      "rev_growth_yoy": 0.14853104492680463,
      "rev_growth_yoy_accel": -0.1847187562302976,
      "fcf_margin_change": -0.10571020688058996
    },
    {
      "date": "2023-06-30T00:00:00",
      "quarter_label": "2023-06 (Q2)",
      "revenue": 119832000,
      "gross_profit": 96234000,
      "operating_income": 11695000,
      "net_income": 168880000,
      "opex": 84539000,
      "cogs": 23598000,
      "rd": 41576000,
      "sga": 26187000,
      "fcf": 43693000,
      "ocf": 50442000,
      "capex": -6749000,
      "gross_margin": 0.8030743040256358,
      "op_margin": 0.09759496628613393,
      "fcf_margin": 0.3646187996528473,
      "incr_op_margin_yoy": 18.357692307692307,
      "rev_growth_yoy": -0.010732093914077204,
      "rev_growth_yoy_accel": -0.15926313884088183,
      "op_leverage_ratio": 0.9729793147976599,
      "fcf_margin_change": 0.09064330695757122
    },
    {
      "date": "2023-09-30T00:00:00",
      "quarter_label": "2023-09 (Q3)",
      "revenue": 105298000,
      "gross_profit": 81266000,
      "operating_income": 104871000,
      "net_income": 103198000,
      "opex": -23605000,
      "cogs": 24032000,
      "rd": 37368000,
      "sga": 25333000,
      "fcf": 43621000,
      "ocf": 51588000,
      "capex": -7967000,
      "gross_margin": 0.7717715436190621,
      "op_margin": 0.9959448422572129,
      "fcf_margin": 0.4142623791525005,
      "incr_op_margin_yoy": -12.661675784624244,
      "rev_growth_yoy": -0.06188304051886961,
      "rev_growth_yoy_accel": -0.0511509466047924,
      "fcf_margin_change": 0.0496435794996532
    },
    {
      "date": "2023-12-31T00:00:00",
      "quarter_label": "2023-12 (Q4)",
      "revenue": 122225000,
      "gross_profit": 98109000,
      "operating_income": 35131000,
      "net_income": 58545000,
      "opex": 62978000,
      "cogs": 24116000,
      "rd": 35985000,
      "sga": 25665000,
      "fcf": 54064000,
      "ocf": 54850000,
      "capex": -786000,
      "gross_margin": 0.8026917570055226,
      "op_margin": 0.28742892206995296,
      "fcf_margin": 0.44233176518715484,
      "rev_growth_yoy": -0.0011604435836459176,
      "rev_growth_yoy_accel": 0.06072259693522369,
      "op_leverage_ratio": null,
      "fcf_margin_change": 0.02806938603465431
    },
    {
      "date": "2024-03-31T00:00:00",
      "quarter_label": "2024-03 (Q1)",
      "revenue": 117871000,
      "gross_profit": 94212000,
      "operating_income": 30131000,
      "net_income": 32898000,
      "opex": 64081000,
      "cogs": 23659000,
      "rd": 37359000,
      "sga": 25827000,
      "fcf": 36111000,
      "ocf": 39119000,
      "capex": -3008000,
      "gross_margin": 0.7992805694360784,
      "op_margin": 0.25562691416887956,
      "fcf_margin": 0.306360343086934,
      "incr_op_margin_yoy": 6.8603066439523,
      "rev_growth_yoy": 0.03611926653891458,
      "rev_growth_yoy_accel": 0.0372797101225605,
      "fcf_margin_change": -0.13597142210022084
    },
    {
      "date": "2024-06-30T00:00:00",
      "quarter_label": "2024-06 (Q2)",
      "revenue": 132138000,
      "gross_profit": 105307000,
      "operating_income": 40322000,
      "net_income": 36056000,
      "opex": 64985000,
      "cogs": 26831000,
      "rd": 40525000,
      "sga": 24402000,
      "fcf": 59092000,
      "ocf": 70422000,
      "capex": -11330000,
      "gross_margin": 0.7969471310296811,
      "op_margin": 0.3051506758086243,
      "fcf_margin": 0.4471991402927243,
      "incr_op_margin_yoy": 2.3262636112465462,
      "rev_growth_yoy": 0.1026937712797917,
      "rev_growth_yoy_accel": 0.06657450474087713,
      "op_leverage_ratio": 8.579985287275582,
      "fcf_margin_change": 0.1408387972057903
    },
    {
      "date": "2024-09-30T00:00:00",
      "quarter_label": "2024-09 (Q3)",
      "revenue": 145513000,
      "gross_profit": 117411000,
      "operating_income": 54695000,
      "net_income": 48665000,
      "opex": 62716000,
      "cogs": 28102000,
      "rd": 41299000,
      "sga": 25867000,
      "fcf": 52204000,
      "ocf": 62074000,
      "capex": -9870000,
      "gross_margin": 0.8068763615621972,
      "op_margin": 0.3758770694027338,
      "fcf_margin": 0.35875832399854307,
      "incr_op_margin_yoy": -1.2476936466492603,
      "rev_growth_yoy": 0.38191608577560826,
      "rev_growth_yoy_accel": 0.2792223144958166,
      "op_leverage_ratio": null,
      "fcf_margin_change": -0.08844081629418121
    },
    {
      "date": "2024-12-31T00:00:00",
      "quarter_label": "2024-12 (Q4)",
      "revenue": 161102000,
      "gross_profit": 129587000,
      "operating_income": 57861000,
      "net_income": 62202000,
      "opex": 71726000,
      "cogs": 31515000,
      "rd": 43698000,
      "sga": 27998000,
      "fcf": 52495000,
      "ocf": 58984000,
      "capex": -6489000,
      "gross_margin": 0.8043785924445382,
      "op_margin": 0.35915755235813335,
      "fcf_margin": 0.3258494618316346,
      "incr_op_margin_yoy": 0.5846644545618231,
      "rev_growth_yoy": 0.3180773164246267,
      "rev_growth_yoy_accel": -0.06383876935098154,
      "op_leverage_ratio": 0.7457100960570339,
      "fcf_margin_change": -0.03290886216690847
    },
    {
      "date": "2025-03-31T00:00:00",
      "quarter_label": "2025-03 (Q1)",
      "revenue": 166664000,
      "gross_profit": 133822000,
      "operating_income": 63144000,
      "net_income": 60303000,
      "opex": 70678000,
      "cogs": 32842000,
      "rd": 42620000,
      "sga": 28058000,
      "fcf": 69542000,
      "ocf": 77414000,
      "capex": -7872000,
      "gross_margin": 0.8029448471175539,
      "op_margin": 0.3788700619209907,
      "fcf_margin": 0.41725867613881823,
      "incr_op_margin_yoy": 0.6765929539073228,
      "rev_growth_yoy": 0.41395254133756393,
      "rev_growth_yoy_accel": 0.09587522491293721,
      "op_leverage_ratio": null,
      "fcf_margin_change": 0.09140921430718363
    },
    {
      "date": "2025-06-30T00:00:00",
      "quarter_label": "2025-06 (Q2)",
      "revenue": 172209000,
      "gross_profit": 137439000,
      "operating_income": 62993000,
      "net_income": 57935000,
      "opex": 74446000,
      "cogs": 34770000,
      "rd": 46331000,
      "sga": 28115000,
      "fcf": 87852000,
      "ocf": 94359000,
      "capex": -6507000,
      "gross_margin": 0.7980941762625646,
      "op_margin": 0.3657938899825212,
      "fcf_margin": 0.5101475532637667,
      "incr_op_margin_yoy": 0.5657707569064909,
      "rev_growth_yoy": 0.30325114652862917,
      "rev_growth_yoy_accel": -0.11070139480893476,
      "op_leverage_ratio": 0.6240697144147936,
      "fcf_margin_change": 0.09288887712494848
    },
    {
      "date": "2025-09-30T00:00:00",
      "quarter_label": "2025-09 (Q3)",
      "revenue": 178513000,
      "gross_profit": 141921000,
      "operating_income": 63255000,
      "net_income": 48377000,
      "opex": 78666000,
      "cogs": 36592000,
      "rd": 49511000,
      "sga": 29155000,
      "fcf": 82483000,
      "ocf": 88429000,
      "capex": -5946000,
      "gross_margin": 0.7950177298011909,
      "op_margin": 0.35434394133760566,
      "fcf_margin": 0.4620559847181998,
      "incr_op_margin_yoy": 0.2593939393939394,
      "rev_growth_yoy": 0.22678386123576588,
      "rev_growth_yoy_accel": -0.07646728529286329,
      "op_leverage_ratio": 0.6457869679406146,
      "fcf_margin_change": -0.0480915685455669
    },
    {
      "date": "2025-12-31T00:00:00",
      "quarter_label": "2025-12 (Q4)",
      "revenue": 190244000,
      "gross_profit": 150033000,
      "operating_income": 70826000,
      "net_income": 63840000,
      "opex": 79207000,
      "cogs": 40211000,
      "rd": 49246000,
      "sga": 29961000,
      "fcf": 93300000,
      "ocf": 99817000,
      "capex": -6517000,
      "gross_margin": 0.7886345955720022,
      "op_margin": 0.372290321902399,
      "fcf_margin": 0.4904228254241921,
      "incr_op_margin_yoy": 0.44489053599615674,
      "rev_growth_yoy": 0.18089160904271828,
      "rev_growth_yoy_accel": -0.0458922521930476,
      "op_leverage_ratio": 9.555534588662328,
      "fcf_margin_change": 0.02836684070599227
    }
  ],
  "signals": [
    {
      "quarter": "2025-12 (Q4)",
      "signal": "OPERATING LEVERAGE",
      "detail": "Rev growth +6.6% vs OpEx growth +0.7% (leverage: 9.6x)",
      "severity": "MEDIUM"
    },
    {
      "quarter": "2025-09 (Q3)",
      "signal": "YoY REVENUE GROWTH DECELERATION",
      "detail": "YoY growth: +22.7% vs prior quarter YoY: +30.3% (decel: -7.6%)",
      "severity": "WARNING"
    },
    {
      "quarter": "2025-06 (Q2)",
      "signal": "FCF MARGIN EXPANSION",
      "detail": "FCF margin: +41.7% -> +51.0% (+9.3%)",
      "severity": "MEDIUM"
    },
    {
      "quarter": "2025-06 (Q2)",
      "signal": "YoY REVENUE GROWTH DECELERATION",
      "detail": "YoY growth: +30.3% vs prior quarter YoY: +41.4% (decel: -11.1%)",
      "severity": "WARNING"
    },
    {
      "quarter": "2025-06 (Q2)",
      "signal": "INCREMENTAL MARGIN (YoY)",
      "detail": "YoY Incr OPM: +56.6% vs year-ago OPM: +30.5%",
      "severity": "HIGH"
    },
    {
      "quarter": "2025-03 (Q1)",
      "signal": "FCF MARGIN EXPANSION",
      "detail": "FCF margin: +32.6% -> +41.7% (+9.1%)",
      "severity": "MEDIUM"
    },
    {
      "quarter": "2025-03 (Q1)",
      "signal": "YoY REVENUE GROWTH ACCELERATION",
      "detail": "YoY growth: +41.4% vs prior quarter YoY: +31.8% (accel: +9.6%)",
      "severity": "MEDIUM"
    },
    {
      "quarter": "2025-03 (Q1)",
      "signal": "INCREMENTAL MARGIN (YoY)",
      "detail": "YoY Incr OPM: +67.7% vs year-ago OPM: +25.6%",
      "severity": "HIGH"
    },
    {
      "quarter": "2024-12 (Q4)",
      "signal": "YoY REVENUE GROWTH DECELERATION",
      "detail": "YoY growth: +31.8% vs prior quarter YoY: +38.2% (decel: -6.4%)",
      "severity": "WARNING"
    },
    {
      "quarter": "2024-12 (Q4)",
      "signal": "INCREMENTAL MARGIN (YoY)",
      "detail": "YoY Incr OPM: +58.5% vs year-ago OPM: +28.7%",
      "severity": "HIGH"
    },
    {
      "quarter": "2024-09 (Q3)",
      "signal": "YoY REVENUE GROWTH ACCELERATION",
      "detail": "YoY growth: +38.2% vs prior quarter YoY: +10.3% (accel: +27.9%)",
      "severity": "HIGH"
    },
    {
      "quarter": "2024-06 (Q2)",
      "signal": "FCF MARGIN EXPANSION",
      "detail": "FCF margin: +30.6% -> +44.7% (+14.1%)",
      "severity": "MEDIUM"
    },
    {
      "quarter": "2024-06 (Q2)",
      "signal": "OPERATING LEVERAGE",
      "detail": "Rev growth +12.1% vs OpEx growth +1.4% (leverage: 8.6x)",
      "severity": "MEDIUM"
    },
    {
      "quarter": "2024-06 (Q2)",
      "signal": "YoY REVENUE GROWTH ACCELERATION",
      "detail": "YoY growth: +10.3% vs prior quarter YoY: +3.6% (accel: +6.7%)",
      "severity": "MEDIUM"
    },
    {
      "quarter": "2024-06 (Q2)",
      "signal": "INCREMENTAL MARGIN (YoY)",
      "detail": "YoY Incr OPM: +232.6% vs year-ago OPM: +9.8%",
      "severity": "HIGH"
    },
    {
      "quarter": "2024-03 (Q1)",
      "signal": "INCREMENTAL MARGIN (YoY)",
      "detail": "YoY Incr OPM: +686.0% vs year-ago OPM: +1.7%",
      "severity": "HIGH"
    },
    {
      "quarter": "2023-12 (Q4)",
      "signal": "GROSS MARGIN INFLECTION",
      "detail": "GM: +80.3% -> +77.2% -> +80.3% (reversal +3.1%)",
      "severity": "MEDIUM"
    },
    {
      "quarter": "2023-12 (Q4)",
      "signal": "YoY REVENUE GROWTH ACCELERATION",
      "detail": "YoY growth: -0.1% vs prior quarter YoY: -6.2% (accel: +6.1%)",
      "severity": "MEDIUM"
    },
    {
      "quarter": "2023-09 (Q3)",
      "signal": "YoY REVENUE GROWTH DECELERATION",
      "detail": "YoY growth: -6.2% vs prior quarter YoY: -1.1% (decel: -5.1%)",
      "severity": "WARNING"
    },
    {
      "quarter": "2023-06 (Q2)",
      "signal": "FCF MARGIN EXPANSION",
      "detail": "FCF margin: +27.4% -> +36.5% (+9.1%)",
      "severity": "MEDIUM"
    },
    {
      "quarter": "2023-06 (Q2)",
      "signal": "GROSS MARGIN INFLECTION",
      "detail": "GM: +72.7% -> +72.2% -> +80.3% (reversal +8.2%)",
      "severity": "HIGH"
    },
    {
      "quarter": "2023-06 (Q2)",
      "signal": "YoY REVENUE GROWTH DECELERATION",
      "detail": "YoY growth: -1.1% vs prior quarter YoY: +14.9% (decel: -15.9%)",
      "severity": "WARNING"
    },
    {
      "quarter": "2023-06 (Q2)",
      "signal": "INCREMENTAL MARGIN (YoY)",
      "detail": "YoY Incr OPM: +1835.8% vs year-ago OPM: +29.4%",
      "severity": "HIGH"
    },
    {
      "quarter": "2023-03 (Q1)",
      "signal": "YoY REVENUE GROWTH DECELERATION",
      "detail": "YoY growth: +14.9% vs prior quarter YoY: +33.3% (decel: -18.5%)",
      "severity": "WARNING"
    },
    {
      "quarter": "2022-12 (Q4)",
      "signal": "INCREMENTAL MARGIN (YoY)",
      "detail": "YoY Incr OPM: +23.4% vs year-ago OPM: +9.8%",
      "severity": "MEDIUM"
    },
    {
      "quarter": "2022-09 (Q3)",
      "signal": "FCF MARGIN EXPANSION",
      "detail": "FCF margin: +42.7% -> +65.7% (+23.0%)",
      "severity": "MEDIUM"
    },
    {
      "quarter": "2022-09 (Q3)",
      "signal": "INCREMENTAL MARGIN (YoY)",
      "detail": "YoY Incr OPM: +39.5% vs year-ago OPM: +5.8%",
      "severity": "HIGH"
    },
    {
      "quarter": "2022-06 (Q2)",
      "signal": "GROSS MARGIN INFLECTION",
      "detail": "GM: +80.7% -> +77.4% -> +79.5% (reversal +2.1%)",
      "severity": "MEDIUM"
    },
    {
      "quarter": "2022-06 (Q2)",
      "signal": "INCREMENTAL MARGIN (YoY)",
      "detail": "YoY Incr OPM: +59.2% vs year-ago OPM: +16.6%",
      "severity": "HIGH"
    },
    {
      "quarter": "2022-03 (Q1)",
      "signal": "OPERATING LEVERAGE",
      "detail": "Rev growth +7.9% vs OpEx growth +5.0% (leverage: 1.6x)",
      "severity": "MEDIUM"
    },
    {
      "quarter": "2022-03 (Q1)",
      "signal": "OP MARGIN TURNED POSITIVE (YoY)",
      "detail": "Op margin: -4.9% (year-ago) -> +8.4%",
      "severity": "HIGH"
    },
    {
      "quarter": "2021-12 (Q4)",
      "signal": "FCF MARGIN EXPANSION",
      "detail": "FCF margin: +53.8% -> +71.8% (+18.0%)",
      "severity": "MEDIUM"
    },
    {
      "quarter": "2021-12 (Q4)",
      "signal": "GROSS MARGIN INFLECTION",
      "detail": "GM: +80.1% -> +77.3% -> +80.7% (reversal +3.3%)",
      "severity": "MEDIUM"
    },
    {
      "quarter": "2021-06 (Q2)",
      "signal": "FCF MARGIN EXPANSION",
      "detail": "FCF margin: +51.1% -> +58.7% (+7.7%)",
      "severity": "MEDIUM"
    },
    {
      "quarter": "2021-06 (Q2)",
      "signal": "OP MARGIN TURNED POSITIVE (QoQ)",
      "detail": "Op margin: -4.9% -> +16.6%",
      "severity": "HIGH"
    }
  ],
  "data_quality": {
    "n_quarters": 20,
    "coverage": {
      "revenue": [
        20,
        20
      ],
      "gross_profit": [
        20,
        20
      ],
      "op_income": [
        20,
        20
      ],
      "fcf": [
        20,
        20
      ]
    },
    "gaps": [],
    "warnings": []
  },
  "market_cap": null,
  "source": "SEC EDGAR",
  "last_updated": "2026-02-24T10:27:18.471761"
}