{
  "ticker": "RMCF",
  "name": "Rocky Mountain Chocolate Factory, Inc.",
  "quarters": [
    {
      "date": "2021-02-28T00:00:00",
      "quarter_label": "2021-02 (Q1)",
      "revenue": 8221999,
      "gross_profit": 1267473,
      "operating_income": 837155,
      "net_income": 2167793,
      "opex": 7384844,
      "cogs": 5493835,
      "rd": null,
      "sga": null,
      "fcf": 2007497,
      "ocf": 2079955,
      "capex": -72458,
      "gross_margin": 0.15415630675703074,
      "op_margin": 0.1018189128945406,
      "fcf_margin": 0.2441616691999111
    },
    {
      "date": "2021-05-31T00:00:00",
      "quarter_label": "2021-05 (Q2)",
      "revenue": 7593711,
      "gross_profit": 1283601,
      "operating_income": 645904,
      "net_income": 579805,
      "opex": 6947807,
      "cogs": 4546597,
      "rd": null,
      "sga": null,
      "fcf": -71624,
      "ocf": 385811,
      "capex": -457435,
      "gross_margin": 0.16903474467226892,
      "op_margin": 0.08505775371224952,
      "fcf_margin": -0.009432015519157892,
      "fcf_margin_change": -0.253593684719069
    },
    {
      "date": "2021-08-31T00:00:00",
      "quarter_label": "2021-08 (Q3)",
      "revenue": 7926077,
      "gross_profit": 1871945,
      "operating_income": 257825,
      "net_income": 196933,
      "opex": 7668252,
      "cogs": 4072082,
      "rd": null,
      "sga": null,
      "fcf": 928218,
      "ocf": 1041645,
      "capex": -113427,
      "gross_margin": 0.2361754749543816,
      "op_margin": 0.03252870240851811,
      "fcf_margin": 0.11710938463000044,
      "op_leverage_ratio": 0.4220942537316166,
      "fcf_margin_change": 0.12654140014915832
    },
    {
      "date": "2021-11-30T00:00:00",
      "quarter_label": "2021-11 (Q4)",
      "revenue": 8507634,
      "gross_profit": 1811680,
      "operating_income": -1958708,
      "net_income": -1477646,
      "opex": 10466342,
      "cogs": 5200749,
      "rd": null,
      "sga": null,
      "fcf": -704009,
      "ocf": -570408,
      "capex": -133601,
      "gross_margin": 0.21294757155749766,
      "op_margin": -0.2302294621512867,
      "fcf_margin": -0.08275026875862314,
      "op_leverage_ratio": 0.20107991716256782,
      "fcf_margin_change": -0.19985965338862358
    },
    {
      "date": "2022-02-28T00:00:00",
      "quarter_label": "2022-02 (Q1)",
      "revenue": 8315157,
      "gross_profit": 1092597,
      "operating_income": 570534,
      "net_income": 359211,
      "opex": 7744623,
      "cogs": 5348244,
      "rd": null,
      "sga": null,
      "fcf": 1764241,
      "ocf": 2001106,
      "capex": -236865,
      "gross_margin": 0.1313982405864375,
      "op_margin": 0.06861373753977225,
      "fcf_margin": 0.2121717004261014,
      "rev_growth_yoy": 0.011330334630300977,
      "fcf_margin_change": 0.2949219691847245
    },
    {
      "date": "2022-05-31T00:00:00",
      "quarter_label": "2022-05 (Q2)",
      "revenue": 6902198,
      "gross_profit": 881699,
      "operating_income": -149337,
      "net_income": -114941,
      "opex": 7975909,
      "cogs": 4723455,
      "rd": null,
      "sga": null,
      "fcf": -249587,
      "ocf": 11298,
      "capex": -260885,
      "gross_margin": 0.12774177153422722,
      "op_margin": -0.021636151266596525,
      "fcf_margin": -0.036160510028834296,
      "rev_growth_yoy": -0.09106390801546174,
      "rev_growth_yoy_accel": -0.10239424264576272,
      "fcf_margin_change": -0.2483322104549357
    },
    {
      "date": "2022-08-31T00:00:00",
      "quarter_label": "2022-08 (Q3)",
      "revenue": 6557356,
      "gross_profit": 1181806,
      "operating_income": -2225016,
      "net_income": -3641186,
      "opex": 9750701,
      "cogs": 4078994,
      "rd": null,
      "sga": null,
      "fcf": -1881619,
      "ocf": -1595991,
      "capex": -285628,
      "gross_margin": 0.18022599352543922,
      "op_margin": -0.33931602920445375,
      "fcf_margin": -0.28694781860249774,
      "incr_op_margin_yoy": 1.8139861958719126,
      "rev_growth_yoy": -0.17268580661025626,
      "rev_growth_yoy_accel": -0.08162189859479452,
      "fcf_margin_change": -0.25078730857366344
    },
    {
      "date": "2022-11-30T00:00:00",
      "quarter_label": "2022-11 (Q4)",
      "revenue": 8825093,
      "gross_profit": 1859186,
      "operating_income": -215041,
      "net_income": -211979,
      "opex": 9690422,
      "cogs": 5869566,
      "rd": null,
      "sga": null,
      "fcf": -2170245,
      "ocf": -1998725,
      "capex": -171520,
      "gross_margin": 0.21067041446475407,
      "op_margin": -0.02436699533931257,
      "fcf_margin": -0.2459175217756912,
      "rev_growth_yoy": 0.03731460474204697,
      "rev_growth_yoy_accel": 0.21000041135230324,
      "op_leverage_ratio": Infinity,
      "fcf_margin_change": 0.041030296826806534
    },
    {
      "date": "2023-02-28T00:00:00",
      "quarter_label": "2023-02 (Q1)",
      "revenue": 8147705,
      "gross_profit": 78846,
      "operating_income": -2301609,
      "net_income": -1712672,
      "opex": 7906323,
      "cogs": 5783358,
      "rd": null,
      "sga": null,
      "fcf": 1259097,
      "ocf": 1480927,
      "capex": -221830,
      "gross_margin": 0.009677080846692412,
      "op_margin": -0.28248555881686926,
      "fcf_margin": 0.15453394544844223,
      "rev_growth_yoy": -0.02013816455900953,
      "rev_growth_yoy_accel": -0.0574527693010565,
      "fcf_margin_change": 0.40045146722413344
    },
    {
      "date": "2023-05-31T00:00:00",
      "quarter_label": "2023-05 (Q2)",
      "revenue": 6435985,
      "gross_profit": 1677491,
      "operating_income": -1541086,
      "net_income": -823433,
      "opex": 7977071,
      "cogs": 4758494,
      "rd": null,
      "sga": null,
      "fcf": -972000,
      "ocf": -422000,
      "capex": -550000,
      "gross_margin": 0.2606424657608742,
      "op_margin": -0.239448351728601,
      "fcf_margin": -0.1510258336525023,
      "rev_growth_yoy": -0.0675455847543058,
      "rev_growth_yoy_accel": -0.04740742019529627,
      "fcf_margin_change": -0.30555977910094456
    },
    {
      "date": "2023-08-31T00:00:00",
      "quarter_label": "2023-08 (Q3)",
      "revenue": 6557879,
      "gross_profit": 1925488,
      "operating_income": -1010729,
      "net_income": -999297,
      "opex": 7568608,
      "cogs": 4632391,
      "rd": null,
      "sga": null,
      "fcf": -1246193,
      "ocf": -544000,
      "capex": -702193,
      "gross_margin": 0.29361444454830593,
      "op_margin": -0.15412437466443038,
      "fcf_margin": -0.19002988618728708,
      "rev_growth_yoy": 7.975775602239683e-05,
      "rev_growth_yoy_accel": 0.0676253425103282,
      "op_leverage_ratio": Infinity,
      "fcf_margin_change": -0.03900405253478478
    },
    {
      "date": "2023-11-30T00:00:00",
      "quarter_label": "2023-11 (Q4)",
      "revenue": 7697401,
      "gross_profit": 1928803,
      "operating_income": -775358,
      "net_income": -756718,
      "opex": 8472759,
      "cogs": 5768598,
      "rd": null,
      "sga": null,
      "fcf": -2881523,
      "ocf": -1598000,
      "capex": -1283523,
      "gross_margin": 0.25057847447469606,
      "op_margin": -0.10072984374855877,
      "fcf_margin": -0.3743501215540154,
      "incr_op_margin_yoy": 0.4968705994189903,
      "rev_growth_yoy": -0.1277824494314111,
      "rev_growth_yoy_accel": -0.1278622071874335,
      "op_leverage_ratio": 1.4545691103215734,
      "fcf_margin_change": -0.18432023536672834
    },
    {
      "date": "2024-02-29T00:00:00",
      "quarter_label": "2024-02 (Q1)",
      "revenue": 7259422,
      "gross_profit": 1763276,
      "operating_income": -1574983,
      "net_income": -1592435,
      "opex": -21352438,
      "cogs": 5496146,
      "rd": null,
      "sga": null,
      "fcf": -271000,
      "ocf": 129000,
      "capex": -400000,
      "gross_margin": 0.242894820000821,
      "op_margin": -0.21695708005403186,
      "fcf_margin": -0.03733079575756858,
      "rev_growth_yoy": -0.10902247933620572,
      "rev_growth_yoy_accel": 0.018759970095205372,
      "fcf_margin_change": 0.33701932579644683
    },
    {
      "date": "2024-05-31T00:00:00",
      "quarter_label": "2024-05 (Q2)",
      "revenue": 6407000,
      "gross_profit": 821000,
      "operating_income": -1630000,
      "net_income": -1658000,
      "opex": 587000,
      "cogs": 5586000,
      "rd": null,
      "sga": null,
      "fcf": -2574000,
      "ocf": -2157000,
      "capex": -417000,
      "gross_margin": 0.12814109567660373,
      "op_margin": -0.2544092398938661,
      "fcf_margin": -0.4017480880287186,
      "rev_growth_yoy": -0.004503584144462736,
      "rev_growth_yoy_accel": 0.10451889519174298,
      "fcf_margin_change": -0.36441729227115
    },
    {
      "date": "2024-08-31T00:00:00",
      "quarter_label": "2024-08 (Q3)",
      "revenue": 6380000,
      "gross_profit": 2030000,
      "operating_income": -914000,
      "net_income": -722000,
      "opex": 610000,
      "cogs": 4350000,
      "rd": null,
      "sga": null,
      "fcf": -4630000,
      "ocf": -3513000,
      "capex": -1117000,
      "gross_margin": 0.3181818181818182,
      "op_margin": -0.1432601880877743,
      "fcf_margin": -0.725705329153605,
      "rev_growth_yoy": -0.02712447118954162,
      "rev_growth_yoy_accel": -0.022620887045078884,
      "fcf_margin_change": -0.3239572411248864
    },
    {
      "date": "2024-11-30T00:00:00",
      "quarter_label": "2024-11 (Q4)",
      "revenue": 7893000,
      "gross_profit": 1849000,
      "operating_income": -700000,
      "net_income": -847000,
      "opex": 252000,
      "cogs": 6044000,
      "rd": null,
      "sga": null,
      "fcf": -2733000,
      "ocf": -2119000,
      "capex": -614000,
      "gross_margin": 0.2342582034714304,
      "op_margin": -0.08868617762574434,
      "fcf_margin": -0.34625617635879896,
      "rev_growth_yoy": 0.025411044585048902,
      "rev_growth_yoy_accel": 0.05253551577459052,
      "op_leverage_ratio": Infinity,
      "fcf_margin_change": 0.379449152794806
    },
    {
      "date": "2025-02-28T00:00:00",
      "quarter_label": "2025-02 (Q1)",
      "revenue": 8899000,
      "gross_profit": 963000,
      "operating_income": -2698000,
      "net_income": -2895000,
      "opex": 717000,
      "cogs": 7936000,
      "rd": null,
      "sga": null,
      "fcf": -420000,
      "ocf": 1194000,
      "capex": -1614000,
      "gross_margin": 0.1082144061130464,
      "op_margin": -0.30318013259916843,
      "fcf_margin": -0.047196314192605913,
      "incr_op_margin_yoy": -0.6849427108682844,
      "rev_growth_yoy": 0.22585517138967814,
      "rev_growth_yoy_accel": 0.20044412680462925,
      "op_leverage_ratio": 0.06907222814825713,
      "fcf_margin_change": 0.29905986216619307
    },
    {
      "date": "2025-05-31T00:00:00",
      "quarter_label": "2025-05 (Q2)",
      "revenue": 6373000,
      "gross_profit": 1981000,
      "operating_income": -145000,
      "net_income": -324000,
      "opex": 236000,
      "cogs": 4392000,
      "rd": null,
      "sga": null,
      "fcf": 182000,
      "ocf": 350000,
      "capex": -168000,
      "gross_margin": 0.3108426172916994,
      "op_margin": -0.022752235995606464,
      "fcf_margin": 0.0285579789737957,
      "rev_growth_yoy": -0.005306695801467145,
      "rev_growth_yoy_accel": -0.2311618671911453,
      "fcf_margin_change": 0.07575429316640162
    },
    {
      "date": "2025-08-31T00:00:00",
      "quarter_label": "2025-08 (Q3)",
      "revenue": 6823000,
      "gross_profit": 1607000,
      "operating_income": -479000,
      "net_income": -662000,
      "opex": 372000,
      "cogs": 5216000,
      "rd": null,
      "sga": null,
      "fcf": -544000,
      "ocf": -488000,
      "capex": -56000,
      "gross_margin": 0.23552689432800822,
      "op_margin": -0.07020372270262348,
      "fcf_margin": -0.07973032390444086,
      "rev_growth_yoy": 0.06943573667711599,
      "rev_growth_yoy_accel": 0.07474243247858313,
      "op_leverage_ratio": 0.1225297901994628,
      "fcf_margin_change": -0.10828830287823657
    },
    {
      "date": "2025-11-30T00:00:00",
      "quarter_label": "2025-11 (Q4)",
      "revenue": 7543000,
      "gross_profit": 2564000,
      "operating_income": 82000,
      "net_income": -155000,
      "opex": 611000,
      "cogs": 4979000,
      "rd": null,
      "sga": null,
      "fcf": -1278000,
      "ocf": -1240000,
      "capex": -38000,
      "gross_margin": 0.33991780458703436,
      "op_margin": 0.010871006230942596,
      "fcf_margin": -0.16942860930664191,
      "rev_growth_yoy": -0.04434308881287217,
      "rev_growth_yoy_accel": -0.11377882548998816,
      "op_leverage_ratio": 0.16424878441549842,
      "fcf_margin_change": -0.08969828540220105
    }
  ],
  "signals": [
    {
      "quarter": "2025-11 (Q4)",
      "signal": "GROSS MARGIN INFLECTION",
      "detail": "GM: +31.1% -> +23.6% -> +34.0% (reversal +10.4%)",
      "severity": "HIGH"
    },
    {
      "quarter": "2025-11 (Q4)",
      "signal": "YoY REVENUE GROWTH DECELERATION",
      "detail": "YoY growth: -4.4% vs prior quarter YoY: +6.9% (decel: -11.4%)",
      "severity": "WARNING"
    },
    {
      "quarter": "2025-11 (Q4)",
      "signal": "OP MARGIN TURNED POSITIVE (YoY)",
      "detail": "Op margin: -8.9% (year-ago) -> +1.1%",
      "severity": "HIGH"
    },
    {
      "quarter": "2025-11 (Q4)",
      "signal": "OP MARGIN TURNED POSITIVE (QoQ)",
      "detail": "Op margin: -7.0% -> +1.1%",
      "severity": "HIGH"
    },
    {
      "quarter": "2025-08 (Q3)",
      "signal": "YoY REVENUE GROWTH ACCELERATION",
      "detail": "YoY growth: +6.9% vs prior quarter YoY: -0.5% (accel: +7.5%)",
      "severity": "MEDIUM"
    },
    {
      "quarter": "2025-05 (Q2)",
      "signal": "FCF TURNED POSITIVE",
      "detail": "FCF margin: -4.7% -> +2.9%",
      "severity": "HIGH"
    },
    {
      "quarter": "2025-05 (Q2)",
      "signal": "GROSS MARGIN INFLECTION",
      "detail": "GM: +23.4% -> +10.8% -> +31.1% (reversal +20.3%)",
      "severity": "HIGH"
    },
    {
      "quarter": "2025-05 (Q2)",
      "signal": "YoY REVENUE GROWTH DECELERATION",
      "detail": "YoY growth: -0.5% vs prior quarter YoY: +22.6% (decel: -23.1%)",
      "severity": "WARNING"
    },
    {
      "quarter": "2025-02 (Q1)",
      "signal": "FCF MARGIN EXPANSION",
      "detail": "FCF margin: -34.6% -> -4.7% (+29.9%)",
      "severity": "MEDIUM"
    },
    {
      "quarter": "2025-02 (Q1)",
      "signal": "YoY REVENUE GROWTH ACCELERATION",
      "detail": "YoY growth: +22.6% vs prior quarter YoY: +2.5% (accel: +20.0%)",
      "severity": "HIGH"
    },
    {
      "quarter": "2024-11 (Q4)",
      "signal": "FCF MARGIN EXPANSION",
      "detail": "FCF margin: -72.6% -> -34.6% (+37.9%)",
      "severity": "MEDIUM"
    },
    {
      "quarter": "2024-11 (Q4)",
      "signal": "YoY REVENUE GROWTH ACCELERATION",
      "detail": "YoY growth: +2.5% vs prior quarter YoY: -2.7% (accel: +5.3%)",
      "severity": "MEDIUM"
    },
    {
      "quarter": "2024-08 (Q3)",
      "signal": "GROSS MARGIN INFLECTION",
      "detail": "GM: +24.3% -> +12.8% -> +31.8% (reversal +19.0%)",
      "severity": "HIGH"
    },
    {
      "quarter": "2024-05 (Q2)",
      "signal": "YoY REVENUE GROWTH ACCELERATION",
      "detail": "YoY growth: -0.5% vs prior quarter YoY: -10.9% (accel: +10.5%)",
      "severity": "MEDIUM"
    },
    {
      "quarter": "2024-02 (Q1)",
      "signal": "FCF MARGIN EXPANSION",
      "detail": "FCF margin: -37.4% -> -3.7% (+33.7%)",
      "severity": "MEDIUM"
    },
    {
      "quarter": "2023-11 (Q4)",
      "signal": "YoY REVENUE GROWTH DECELERATION",
      "detail": "YoY growth: -12.8% vs prior quarter YoY: +0.0% (decel: -12.8%)",
      "severity": "WARNING"
    },
    {
      "quarter": "2023-08 (Q3)",
      "signal": "YoY REVENUE GROWTH ACCELERATION",
      "detail": "YoY growth: +0.0% vs prior quarter YoY: -6.8% (accel: +6.8%)",
      "severity": "MEDIUM"
    },
    {
      "quarter": "2023-05 (Q2)",
      "signal": "GROSS MARGIN INFLECTION",
      "detail": "GM: +21.1% -> +1.0% -> +26.1% (reversal +25.1%)",
      "severity": "HIGH"
    },
    {
      "quarter": "2023-02 (Q1)",
      "signal": "FCF TURNED POSITIVE",
      "detail": "FCF margin: -24.6% -> +15.5%",
      "severity": "HIGH"
    },
    {
      "quarter": "2023-02 (Q1)",
      "signal": "YoY REVENUE GROWTH DECELERATION",
      "detail": "YoY growth: -2.0% vs prior quarter YoY: +3.7% (decel: -5.7%)",
      "severity": "WARNING"
    },
    {
      "quarter": "2022-11 (Q4)",
      "signal": "YoY REVENUE GROWTH ACCELERATION",
      "detail": "YoY growth: +3.7% vs prior quarter YoY: -17.3% (accel: +21.0%)",
      "severity": "HIGH"
    },
    {
      "quarter": "2022-08 (Q3)",
      "signal": "GROSS MARGIN INFLECTION",
      "detail": "GM: +13.1% -> +12.8% -> +18.0% (reversal +5.2%)",
      "severity": "HIGH"
    },
    {
      "quarter": "2022-08 (Q3)",
      "signal": "YoY REVENUE GROWTH DECELERATION",
      "detail": "YoY growth: -17.3% vs prior quarter YoY: -9.1% (decel: -8.2%)",
      "severity": "WARNING"
    },
    {
      "quarter": "2022-05 (Q2)",
      "signal": "YoY REVENUE GROWTH DECELERATION",
      "detail": "YoY growth: -9.1% vs prior quarter YoY: +1.1% (decel: -10.2%)",
      "severity": "WARNING"
    },
    {
      "quarter": "2022-02 (Q1)",
      "signal": "FCF TURNED POSITIVE",
      "detail": "FCF margin: -8.3% -> +21.2%",
      "severity": "HIGH"
    },
    {
      "quarter": "2022-02 (Q1)",
      "signal": "OP MARGIN TURNED POSITIVE (QoQ)",
      "detail": "Op margin: -23.0% -> +6.9%",
      "severity": "HIGH"
    },
    {
      "quarter": "2021-08 (Q3)",
      "signal": "FCF TURNED POSITIVE",
      "detail": "FCF margin: -0.9% -> +11.7%",
      "severity": "HIGH"
    }
  ],
  "data_quality": {
    "n_quarters": 20,
    "coverage": {
      "revenue": [
        20,
        20
      ],
      "gross_profit": [
        20,
        20
      ],
      "op_income": [
        20,
        20
      ],
      "fcf": [
        20,
        20
      ]
    },
    "gaps": [],
    "warnings": []
  },
  "market_cap": null,
  "source": "SEC EDGAR",
  "last_updated": "2026-02-02T23:57:06.697427"
}