{
  "ticker": "RMD",
  "name": "ResMed Inc.",
  "quarters": [
    {
      "date": "2021-03-31T00:00:00",
      "quarter_label": "2021-03 (Q1)",
      "revenue": 768767000,
      "gross_profit": 447258000,
      "operating_income": 223426000,
      "net_income": -78481000,
      "opex": 223832000,
      "cogs": 321509000,
      "rd": 55941000,
      "sga": 160446000,
      "fcf": 169916000,
      "ocf": 196278000,
      "capex": -26362000,
      "gross_margin": 0.5817861588751858,
      "op_margin": 0.29062902023630044,
      "fcf_margin": 0.22102405540300246
    },
    {
      "date": "2021-06-30T00:00:00",
      "quarter_label": "2021-06 (Q2)",
      "revenue": 876103000,
      "gross_profit": 490697000,
      "operating_income": 241638000,
      "net_income": 195100000,
      "opex": 249059000,
      "cogs": 385406000,
      "rd": 59875000,
      "sga": 181483000,
      "fcf": 198618000,
      "ocf": 226525000,
      "capex": -27907000,
      "gross_margin": 0.560090537299838,
      "op_margin": 0.2758100360345758,
      "fcf_margin": 0.22670622061561255,
      "op_leverage_ratio": 1.2388172447355372,
      "fcf_margin_change": 0.005682165212610085
    },
    {
      "date": "2021-09-30T00:00:00",
      "quarter_label": "2021-09 (Q3)",
      "revenue": 904015000,
      "gross_profit": 506289000,
      "operating_income": 261913000,
      "net_income": 203613000,
      "opex": 244376000,
      "cogs": 397726000,
      "rd": 59950000,
      "sga": 176719000,
      "fcf": -92997000,
      "ocf": -65657000,
      "capex": -27340000,
      "gross_margin": 0.5600449107592241,
      "op_margin": 0.28972196257805455,
      "fcf_margin": -0.10287108067897104,
      "op_leverage_ratio": Infinity,
      "fcf_margin_change": -0.32957730129458357
    },
    {
      "date": "2021-12-31T00:00:00",
      "quarter_label": "2021-12 (Q4)",
      "revenue": 894874000,
      "gross_profit": 504318000,
      "operating_income": 248711000,
      "net_income": 201751000,
      "opex": 255607000,
      "cogs": 390556000,
      "rd": 62507000,
      "sga": 185362000,
      "fcf": 189472000,
      "ocf": 219879000,
      "capex": -30407000,
      "gross_margin": 0.5635631384977103,
      "op_margin": 0.2779285128409139,
      "fcf_margin": 0.21173036650969856,
      "fcf_margin_change": 0.3146014471886696
    },
    {
      "date": "2022-03-31T00:00:00",
      "quarter_label": "2022-03 (Q1)",
      "revenue": 864500000,
      "gross_profit": 491197000,
      "operating_income": 234265000,
      "net_income": 179012000,
      "opex": 256932000,
      "cogs": 373303000,
      "rd": 66801000,
      "sga": 182401000,
      "fcf": 68994000,
      "ocf": 117439000,
      "capex": -48445000,
      "gross_margin": 0.5681862348178137,
      "op_margin": 0.27098322729901675,
      "fcf_margin": 0.07980798149219202,
      "incr_op_margin_yoy": 0.11322114631318354,
      "rev_growth_yoy": 0.1245279779178867,
      "fcf_margin_change": -0.13192238501750653
    },
    {
      "date": "2022-06-30T00:00:00",
      "quarter_label": "2022-06 (Q2)",
      "revenue": 914737000,
      "gross_profit": 522506000,
      "operating_income": 255397000,
      "net_income": 195061000,
      "opex": 267109000,
      "cogs": 392231000,
      "rd": 64317000,
      "sga": 194889000,
      "fcf": 50843000,
      "ocf": 79486000,
      "capex": -28643000,
      "gross_margin": 0.5712089923114513,
      "op_margin": 0.2792026560639834,
      "fcf_margin": 0.055582096274666926,
      "incr_op_margin_yoy": 0.35613708132732824,
      "rev_growth_yoy": 0.04409755473956829,
      "rev_growth_yoy_accel": -0.0804304231783184,
      "op_leverage_ratio": 1.467091234029852,
      "fcf_margin_change": -0.024225885217525098
    },
    {
      "date": "2022-09-30T00:00:00",
      "quarter_label": "2022-09 (Q3)",
      "revenue": 950294000,
      "gross_profit": 540810000,
      "operating_income": 275739000,
      "net_income": 210478000,
      "opex": 265071000,
      "cogs": 409484000,
      "rd": 63188000,
      "sga": 193933000,
      "fcf": 15606000,
      "ocf": 44662000,
      "capex": -29056000,
      "gross_margin": 0.5690975634908776,
      "op_margin": 0.29016178151182687,
      "fcf_margin": 0.01642228615565288,
      "incr_op_margin_yoy": 0.2987532142008254,
      "rev_growth_yoy": 0.05119273463382798,
      "rev_growth_yoy_accel": 0.007095179894259687,
      "op_leverage_ratio": Infinity,
      "fcf_margin_change": -0.039159810119014045
    },
    {
      "date": "2022-12-31T00:00:00",
      "quarter_label": "2022-12 (Q4)",
      "revenue": 1033744000,
      "gross_profit": 579715000,
      "operating_income": 280194000,
      "net_income": 224914000,
      "opex": 299521000,
      "cogs": 454029000,
      "rd": 69874000,
      "sga": 211672000,
      "fcf": 101286000,
      "ocf": 128636000,
      "capex": -27350000,
      "gross_margin": 0.5607916466746119,
      "op_margin": 0.2710477642433717,
      "fcf_margin": 0.09797977062019224,
      "incr_op_margin_yoy": 0.22670843234679916,
      "rev_growth_yoy": 0.1551838582861945,
      "rev_growth_yoy_accel": 0.10399112365236651,
      "op_leverage_ratio": 0.6756804355922142,
      "fcf_margin_change": 0.08155748446453936
    },
    {
      "date": "2023-03-31T00:00:00",
      "quarter_label": "2023-03 (Q1)",
      "revenue": 1116898000,
      "gross_profit": 617752000,
      "operating_income": 300671000,
      "net_income": 232500000,
      "opex": 317081000,
      "cogs": 499146000,
      "rd": 76436000,
      "sga": 228457000,
      "fcf": 253748000,
      "ocf": 282565000,
      "capex": -28817000,
      "gross_margin": 0.5530961645557607,
      "op_margin": 0.26920184296148797,
      "fcf_margin": 0.22718994930602437,
      "incr_op_margin_yoy": 0.26310034152410083,
      "rev_growth_yoy": 0.2919583574320416,
      "rev_growth_yoy_accel": 0.13677449914584713,
      "op_leverage_ratio": 1.372059384948027,
      "fcf_margin_change": 0.12921017868583212
    },
    {
      "date": "2023-06-30T00:00:00",
      "quarter_label": "2023-06 (Q2)",
      "revenue": 1122057000,
      "gross_profit": 617387000,
      "operating_income": 275269000,
      "net_income": 229664000,
      "opex": 342118000,
      "cogs": 504670000,
      "rd": 78144000,
      "sga": 240686000,
      "fcf": 202987000,
      "ocf": 237436000,
      "capex": -34449000,
      "gross_margin": 0.5502278404751274,
      "op_margin": 0.24532532660996723,
      "fcf_margin": 0.18090613934942698,
      "incr_op_margin_yoy": 0.09585182326837739,
      "rev_growth_yoy": 0.22664437975068244,
      "rev_growth_yoy_accel": -0.06531397768135919,
      "fcf_margin_change": -0.046283809956597394
    },
    {
      "date": "2023-09-30T00:00:00",
      "quarter_label": "2023-09 (Q3)",
      "revenue": 1102321000,
      "gross_profit": 600060000,
      "operating_income": 288997000,
      "net_income": 219422000,
      "opex": 311063000,
      "cogs": 502261000,
      "rd": 75710000,
      "sga": 222874000,
      "fcf": 256248000,
      "ocf": 286283000,
      "capex": -30035000,
      "gross_margin": 0.5443604902746115,
      "op_margin": 0.2621713638767655,
      "fcf_margin": 0.23246223196328475,
      "incr_op_margin_yoy": 0.08720819328145658,
      "rev_growth_yoy": 0.15997891178940413,
      "rev_growth_yoy_accel": -0.06666546796127831,
      "fcf_margin_change": 0.05155609261385777
    },
    {
      "date": "2023-12-31T00:00:00",
      "quarter_label": "2023-12 (Q4)",
      "revenue": 1162801000,
      "gross_profit": 646934000,
      "operating_income": 275094000,
      "net_income": 208800000,
      "opex": 371840000,
      "cogs": 515867000,
      "rd": 73880000,
      "sga": 222155000,
      "fcf": 249479000,
      "ocf": 272832000,
      "capex": -23353000,
      "gross_margin": 0.5563583106653675,
      "op_margin": 0.23657874391232894,
      "fcf_margin": 0.21455003908665368,
      "incr_op_margin_yoy": -0.03951742253422906,
      "rev_growth_yoy": 0.12484425544428794,
      "rev_growth_yoy_accel": -0.035134656345116186,
      "op_leverage_ratio": 0.28081014799252557,
      "fcf_margin_change": -0.017912192876631067
    },
    {
      "date": "2024-03-31T00:00:00",
      "quarter_label": "2024-03 (Q1)",
      "revenue": 1196980000,
      "gross_profit": 692781000,
      "operating_income": 374584000,
      "net_income": 300492000,
      "opex": 318197000,
      "cogs": 504199000,
      "rd": 77074000,
      "sga": 229919000,
      "fcf": 380840000,
      "ocf": 402031000,
      "capex": -21191000,
      "gross_margin": 0.5787740814382863,
      "op_margin": 0.31294090126819163,
      "fcf_margin": 0.31816738792628113,
      "incr_op_margin_yoy": 0.9229664593791364,
      "rev_growth_yoy": 0.07170037013227708,
      "rev_growth_yoy_accel": -0.05314388531201086,
      "op_leverage_ratio": Infinity,
      "fcf_margin_change": 0.10361734883962745
    },
    {
      "date": "2024-06-30T00:00:00",
      "quarter_label": "2024-06 (Q2)",
      "revenue": 1223195000,
      "gross_profit": 715527000,
      "operating_income": 381216000,
      "net_income": 292236000,
      "opex": 334311000,
      "cogs": 507668000,
      "rd": 80861000,
      "sga": 242188000,
      "fcf": 415233000,
      "ocf": 440114000,
      "capex": -24881000,
      "gross_margin": 0.5849656023773806,
      "op_margin": 0.3116559501960031,
      "fcf_margin": 0.3394659069077294,
      "incr_op_margin_yoy": 1.0475488935909352,
      "rev_growth_yoy": 0.09013624085050938,
      "rev_growth_yoy_accel": 0.0184358707182323,
      "op_leverage_ratio": 0.43246970449044514,
      "fcf_margin_change": 0.021298518981448245
    },
    {
      "date": "2024-09-30T00:00:00",
      "quarter_label": "2024-09 (Q3)",
      "revenue": 1224509000,
      "gross_profit": 717219000,
      "operating_income": 387312000,
      "net_income": 311355000,
      "opex": 329907000,
      "cogs": 507290000,
      "rd": 79524000,
      "sga": 238979000,
      "fcf": 307698000,
      "ocf": 325538000,
      "capex": -17840000,
      "gross_margin": 0.5857196639632701,
      "op_margin": 0.316299839364186,
      "fcf_margin": 0.25128275904872893,
      "incr_op_margin_yoy": 0.804620748354994,
      "rev_growth_yoy": 0.11084611469798725,
      "rev_growth_yoy_accel": 0.02070987384747787,
      "fcf_margin_change": -0.08818314785900044
    },
    {
      "date": "2024-12-31T00:00:00",
      "quarter_label": "2024-12 (Q4)",
      "revenue": 1282089000,
      "gross_profit": 751275000,
      "operating_income": 417243000,
      "net_income": 344622000,
      "opex": 334032000,
      "cogs": 530814000,
      "rd": 81372000,
      "sga": 241613000,
      "fcf": 287979000,
      "ocf": 308623000,
      "capex": -20644000,
      "gross_margin": 0.5859772605489947,
      "op_margin": 0.32543996555621335,
      "fcf_margin": 0.2246170117675138,
      "incr_op_margin_yoy": 1.1916454295486554,
      "rev_growth_yoy": 0.10258677108120821,
      "rev_growth_yoy_accel": -0.008259343616779033,
      "op_leverage_ratio": 3.760774181918853,
      "fcf_margin_change": -0.026665747281215124
    },
    {
      "date": "2025-03-31T00:00:00",
      "quarter_label": "2025-03 (Q1)",
      "revenue": 1291736000,
      "gross_profit": 766409000,
      "operating_income": 426268000,
      "net_income": 365041000,
      "opex": 340141000,
      "cogs": 525327000,
      "rd": 83944000,
      "sga": 245302000,
      "fcf": 557865000,
      "ocf": 578661000,
      "capex": -20796000,
      "gross_margin": 0.5933170554974081,
      "op_margin": 0.32999622213826973,
      "fcf_margin": 0.43187230208030125,
      "incr_op_margin_yoy": 0.545443032631179,
      "rev_growth_yoy": 0.07916255910708617,
      "rev_growth_yoy_accel": -0.023424211974122047,
      "fcf_margin_change": 0.20725529031278744
    },
    {
      "date": "2025-06-30T00:00:00",
      "quarter_label": "2025-06 (Q2)",
      "revenue": 1347993000,
      "gross_profit": 820068000,
      "operating_income": 454540000,
      "net_income": 379705000,
      "opex": 365528000,
      "cogs": 527925000,
      "rd": 86444000,
      "sga": 265125000,
      "fcf": 508181000,
      "ocf": 538766000,
      "capex": -30585000,
      "gross_margin": 0.6083622095960439,
      "op_margin": 0.33719759672342514,
      "fcf_margin": 0.37699083007107603,
      "incr_op_margin_yoy": 0.5875414670106893,
      "rev_growth_yoy": 0.1020262509248321,
      "rev_growth_yoy_accel": 0.022863691817745932,
      "op_leverage_ratio": 0.583512826339664,
      "fcf_margin_change": -0.05488147200922522
    },
    {
      "date": "2025-09-30T00:00:00",
      "quarter_label": "2025-09 (Q3)",
      "revenue": 1335582000,
      "gross_profit": 820820000,
      "operating_income": 446537000,
      "net_income": 348536000,
      "opex": 374283000,
      "cogs": 514762000,
      "rd": 87323000,
      "sga": 259194000,
      "fcf": 414356000,
      "ocf": 457321000,
      "capex": -42965000,
      "gross_margin": 0.6145785133372568,
      "op_margin": 0.3343388874662881,
      "fcf_margin": 0.31024377387535923,
      "incr_op_margin_yoy": 0.533207890306375,
      "rev_growth_yoy": 0.09070819405982317,
      "rev_growth_yoy_accel": -0.011318056865008932,
      "fcf_margin_change": -0.0667470561957168
    },
    {
      "date": "2025-12-31T00:00:00",
      "quarter_label": "2025-12 (Q4)",
      "revenue": 1422808000,
      "gross_profit": 878724000,
      "operating_income": 491660000,
      "net_income": 392593000,
      "opex": 387064000,
      "cogs": 544084000,
      "rd": 90969000,
      "sga": 278396000,
      "fcf": 311206000,
      "ocf": 339745000,
      "capex": -28539000,
      "gross_margin": 0.617598439142878,
      "op_margin": 0.3455561115765444,
      "fcf_margin": 0.21872663071897264,
      "incr_op_margin_yoy": 0.528834059366539,
      "rev_growth_yoy": 0.1097575909316748,
      "rev_growth_yoy_accel": 0.01904939687185163,
      "op_leverage_ratio": 1.912540615462101,
      "fcf_margin_change": -0.0915171431563866
    }
  ],
  "signals": [
    {
      "quarter": "2025-12 (Q4)",
      "signal": "OPERATING LEVERAGE",
      "detail": "Rev growth +6.5% vs OpEx growth +3.4% (leverage: 1.9x)",
      "severity": "MEDIUM"
    },
    {
      "quarter": "2025-12 (Q4)",
      "signal": "INCREMENTAL MARGIN (YoY)",
      "detail": "YoY Incr OPM: +52.9% vs year-ago OPM: +32.5%",
      "severity": "HIGH"
    },
    {
      "quarter": "2025-09 (Q3)",
      "signal": "INCREMENTAL MARGIN (YoY)",
      "detail": "YoY Incr OPM: +53.3% vs year-ago OPM: +31.6%",
      "severity": "HIGH"
    },
    {
      "quarter": "2025-06 (Q2)",
      "signal": "INCREMENTAL MARGIN (YoY)",
      "detail": "YoY Incr OPM: +58.8% vs year-ago OPM: +31.2%",
      "severity": "HIGH"
    },
    {
      "quarter": "2025-03 (Q1)",
      "signal": "FCF MARGIN EXPANSION",
      "detail": "FCF margin: +22.5% -> +43.2% (+20.7%)",
      "severity": "MEDIUM"
    },
    {
      "quarter": "2025-03 (Q1)",
      "signal": "INCREMENTAL MARGIN (YoY)",
      "detail": "YoY Incr OPM: +54.5% vs year-ago OPM: +31.3%",
      "severity": "HIGH"
    },
    {
      "quarter": "2024-12 (Q4)",
      "signal": "OPERATING LEVERAGE",
      "detail": "Rev growth +4.7% vs OpEx growth +1.3% (leverage: 3.8x)",
      "severity": "MEDIUM"
    },
    {
      "quarter": "2024-12 (Q4)",
      "signal": "INCREMENTAL MARGIN (YoY)",
      "detail": "YoY Incr OPM: +119.2% vs year-ago OPM: +23.7%",
      "severity": "HIGH"
    },
    {
      "quarter": "2024-09 (Q3)",
      "signal": "INCREMENTAL MARGIN (YoY)",
      "detail": "YoY Incr OPM: +80.5% vs year-ago OPM: +26.2%",
      "severity": "HIGH"
    },
    {
      "quarter": "2024-06 (Q2)",
      "signal": "INCREMENTAL MARGIN (YoY)",
      "detail": "YoY Incr OPM: +104.8% vs year-ago OPM: +24.5%",
      "severity": "HIGH"
    },
    {
      "quarter": "2024-03 (Q1)",
      "signal": "FCF MARGIN EXPANSION",
      "detail": "FCF margin: +21.5% -> +31.8% (+10.4%)",
      "severity": "MEDIUM"
    },
    {
      "quarter": "2024-03 (Q1)",
      "signal": "YoY REVENUE GROWTH DECELERATION",
      "detail": "YoY growth: +7.2% vs prior quarter YoY: +12.5% (decel: -5.3%)",
      "severity": "WARNING"
    },
    {
      "quarter": "2024-03 (Q1)",
      "signal": "INCREMENTAL MARGIN (YoY)",
      "detail": "YoY Incr OPM: +92.3% vs year-ago OPM: +26.9%",
      "severity": "HIGH"
    },
    {
      "quarter": "2023-09 (Q3)",
      "signal": "FCF MARGIN EXPANSION",
      "detail": "FCF margin: +18.1% -> +23.2% (+5.2%)",
      "severity": "MEDIUM"
    },
    {
      "quarter": "2023-09 (Q3)",
      "signal": "YoY REVENUE GROWTH DECELERATION",
      "detail": "YoY growth: +16.0% vs prior quarter YoY: +22.7% (decel: -6.7%)",
      "severity": "WARNING"
    },
    {
      "quarter": "2023-06 (Q2)",
      "signal": "YoY REVENUE GROWTH DECELERATION",
      "detail": "YoY growth: +22.7% vs prior quarter YoY: +29.2% (decel: -6.5%)",
      "severity": "WARNING"
    },
    {
      "quarter": "2023-03 (Q1)",
      "signal": "FCF MARGIN EXPANSION",
      "detail": "FCF margin: +9.8% -> +22.7% (+12.9%)",
      "severity": "MEDIUM"
    },
    {
      "quarter": "2023-03 (Q1)",
      "signal": "YoY REVENUE GROWTH ACCELERATION",
      "detail": "YoY growth: +29.2% vs prior quarter YoY: +15.5% (accel: +13.7%)",
      "severity": "MEDIUM"
    },
    {
      "quarter": "2022-12 (Q4)",
      "signal": "FCF MARGIN EXPANSION",
      "detail": "FCF margin: +1.6% -> +9.8% (+8.2%)",
      "severity": "MEDIUM"
    },
    {
      "quarter": "2022-12 (Q4)",
      "signal": "YoY REVENUE GROWTH ACCELERATION",
      "detail": "YoY growth: +15.5% vs prior quarter YoY: +5.1% (accel: +10.4%)",
      "severity": "MEDIUM"
    },
    {
      "quarter": "2022-06 (Q2)",
      "signal": "YoY REVENUE GROWTH DECELERATION",
      "detail": "YoY growth: +4.4% vs prior quarter YoY: +12.5% (decel: -8.0%)",
      "severity": "WARNING"
    },
    {
      "quarter": "2021-12 (Q4)",
      "signal": "FCF TURNED POSITIVE",
      "detail": "FCF margin: -10.3% -> +21.2%",
      "severity": "HIGH"
    }
  ],
  "data_quality": {
    "n_quarters": 20,
    "coverage": {
      "revenue": [
        20,
        20
      ],
      "gross_profit": [
        20,
        20
      ],
      "op_income": [
        20,
        20
      ],
      "fcf": [
        20,
        20
      ]
    },
    "gaps": [],
    "warnings": []
  },
  "market_cap": null,
  "source": "SEC EDGAR",
  "last_updated": "2026-02-02T20:04:53.421600"
}