{
  "ticker": "RMTI",
  "name": "ROCKWELL MEDICAL,\u00a0INC.",
  "quarters": [
    {
      "date": "2020-12-31T00:00:00",
      "quarter_label": "2020-12 (Q4)",
      "revenue": 15164000,
      "gross_profit": 385000,
      "operating_income": -8072000,
      "net_income": -8663000,
      "opex": 8457000,
      "cogs": 14779000,
      "rd": null,
      "sga": null,
      "fcf": -8569000,
      "ocf": -8569000,
      "capex": null,
      "gross_margin": 0.025389079398575574,
      "op_margin": -0.5323133737800053,
      "fcf_margin": -0.5650883671854392
    },
    {
      "date": "2021-03-31T00:00:00",
      "quarter_label": "2021-03 (Q1)",
      "revenue": 15473000,
      "gross_profit": 401000,
      "operating_income": -7182000,
      "net_income": -7752000,
      "opex": 7583000,
      "cogs": 15072000,
      "rd": 1809000,
      "sga": null,
      "fcf": -12495000,
      "ocf": -12495000,
      "capex": null,
      "gross_margin": 0.025916111936922382,
      "op_margin": -0.4641633813740063,
      "fcf_margin": -0.8075357073612098,
      "op_leverage_ratio": Infinity,
      "fcf_margin_change": -0.24244734017577063
    },
    {
      "date": "2021-06-30T00:00:00",
      "quarter_label": "2021-06 (Q2)",
      "revenue": 15137000,
      "gross_profit": -262000,
      "operating_income": -7823000,
      "net_income": -8400000,
      "opex": 7561000,
      "cogs": 15399000,
      "rd": 2416000,
      "sga": null,
      "fcf": -4938000,
      "ocf": -4938000,
      "capex": null,
      "gross_margin": -0.017308581621193104,
      "op_margin": -0.5168131069564643,
      "fcf_margin": -0.32622051925744866,
      "fcf_margin_change": 0.48131518810376117
    },
    {
      "date": "2021-09-30T00:00:00",
      "quarter_label": "2021-09 (Q3)",
      "revenue": 15988000,
      "gross_profit": -329000,
      "operating_income": -6972000,
      "net_income": -7581000,
      "opex": 6643000,
      "cogs": 16317000,
      "rd": 1221000,
      "sga": null,
      "fcf": -7075000,
      "ocf": -7075000,
      "capex": null,
      "gross_margin": -0.020577933450087564,
      "op_margin": -0.436077057793345,
      "fcf_margin": -0.44251938954215664,
      "op_leverage_ratio": Infinity,
      "fcf_margin_change": -0.11629887028470798
    },
    {
      "date": "2021-12-31T00:00:00",
      "quarter_label": "2021-12 (Q4)",
      "revenue": 15332000,
      "gross_profit": -2231000,
      "operating_income": -8359000,
      "net_income": -8941000,
      "opex": 6128000,
      "cogs": 17563000,
      "rd": null,
      "sga": null,
      "fcf": -9026000,
      "ocf": -9026000,
      "capex": null,
      "gross_margin": -0.14551265327419777,
      "op_margin": -0.5451995825723976,
      "fcf_margin": -0.5887033655100443,
      "rev_growth_yoy": 0.011078871010287523,
      "fcf_margin_change": -0.14618397596788768
    },
    {
      "date": "2022-03-31T00:00:00",
      "quarter_label": "2022-03 (Q1)",
      "revenue": 16124000,
      "gross_profit": -786000,
      "operating_income": -6626000,
      "net_income": -7162000,
      "opex": 5840000,
      "cogs": 16910000,
      "rd": 1567000,
      "sga": null,
      "fcf": -9811000,
      "ocf": -9811000,
      "capex": null,
      "gross_margin": -0.04874720912924833,
      "op_margin": -0.4109402133465641,
      "fcf_margin": -0.6084718432150831,
      "rev_growth_yoy": 0.04207328895495379,
      "rev_growth_yoy_accel": 0.030994417944666265,
      "op_leverage_ratio": Infinity,
      "fcf_margin_change": -0.019768477705038756
    },
    {
      "date": "2022-06-30T00:00:00",
      "quarter_label": "2022-06 (Q2)",
      "revenue": 18682000,
      "gross_profit": 1745000,
      "operating_income": -4482000,
      "net_income": -4967000,
      "opex": 6227000,
      "cogs": 16937000,
      "rd": 926000,
      "sga": null,
      "fcf": -5904000,
      "ocf": -5904000,
      "capex": null,
      "gross_margin": 0.09340541697891018,
      "op_margin": -0.23991007386789423,
      "fcf_margin": -0.31602612140027836,
      "incr_op_margin_yoy": 0.9424541607898449,
      "rev_growth_yoy": 0.23419435819515094,
      "rev_growth_yoy_accel": 0.19212106924019715,
      "op_leverage_ratio": 2.3940302449299584,
      "fcf_margin_change": 0.2924457218148047
    },
    {
      "date": "2022-09-30T00:00:00",
      "quarter_label": "2022-09 (Q3)",
      "revenue": 18691000,
      "gross_profit": 777000,
      "operating_income": -3708000,
      "net_income": -4190000,
      "opex": 4485000,
      "cogs": 17914000,
      "rd": 469000,
      "sga": null,
      "fcf": -1102000,
      "ocf": -1102000,
      "capex": null,
      "gross_margin": 0.041570809480498634,
      "op_margin": -0.19838424910384678,
      "fcf_margin": -0.05895885720400192,
      "incr_op_margin_yoy": 1.2075471698113207,
      "rev_growth_yoy": 0.16906429822366775,
      "rev_growth_yoy_accel": -0.06513005997148319,
      "fcf_margin_change": 0.25706726419627646
    },
    {
      "date": "2022-12-31T00:00:00",
      "quarter_label": "2022-12 (Q4)",
      "revenue": 19313000,
      "gross_profit": 2340000,
      "operating_income": -1966000,
      "net_income": -2362000,
      "opex": 4306000,
      "cogs": 16973000,
      "rd": null,
      "sga": null,
      "fcf": -112000,
      "ocf": -112000,
      "capex": null,
      "gross_margin": 0.1211619116657174,
      "op_margin": -0.10179671723709419,
      "fcf_margin": -0.005799202609641174,
      "incr_op_margin_yoy": 1.6058779201205726,
      "rev_growth_yoy": 0.25965301330550483,
      "rev_growth_yoy_accel": 0.09058871508183708,
      "op_leverage_ratio": Infinity,
      "fcf_margin_change": 0.05315965459436075
    },
    {
      "date": "2023-03-31T00:00:00",
      "quarter_label": "2023-03 (Q1)",
      "revenue": 19668000,
      "gross_profit": 2599000,
      "operating_income": -1427000,
      "net_income": -1750000,
      "opex": 4026000,
      "cogs": 17069000,
      "rd": 278000,
      "sga": null,
      "fcf": -3876000,
      "ocf": -3876000,
      "capex": null,
      "gross_margin": 0.13214358348586536,
      "op_margin": -0.07255440309131585,
      "fcf_margin": -0.1970713849908481,
      "incr_op_margin_yoy": 1.4669864559819412,
      "rev_growth_yoy": 0.21979657653187795,
      "rev_growth_yoy_accel": -0.03985643677362688,
      "op_leverage_ratio": Infinity,
      "fcf_margin_change": -0.1912721823812069
    },
    {
      "date": "2023-06-30T00:00:00",
      "quarter_label": "2023-06 (Q2)",
      "revenue": 18080000,
      "gross_profit": 1033000,
      "operating_income": -2959000,
      "net_income": -3305000,
      "opex": 3992000,
      "cogs": 17047000,
      "rd": 167000,
      "sga": null,
      "fcf": -1740000,
      "ocf": -1740000,
      "capex": null,
      "gross_margin": 0.05713495575221239,
      "op_margin": -0.16366150442477875,
      "fcf_margin": -0.09623893805309734,
      "rev_growth_yoy": -0.032223530671234346,
      "rev_growth_yoy_accel": -0.2520201072031123,
      "fcf_margin_change": 0.10083244693775074
    },
    {
      "date": "2023-09-30T00:00:00",
      "quarter_label": "2023-09 (Q3)",
      "revenue": 23771000,
      "gross_profit": 2202000,
      "operating_income": -1737000,
      "net_income": -1872000,
      "opex": 3939000,
      "cogs": 21569000,
      "rd": 494000,
      "sga": null,
      "fcf": -3753000,
      "ocf": -3753000,
      "capex": null,
      "gross_margin": 0.0926338816204619,
      "op_margin": -0.07307223086954692,
      "fcf_margin": -0.15788145218964283,
      "incr_op_margin_yoy": 0.387992125984252,
      "rev_growth_yoy": 0.2717885613396822,
      "rev_growth_yoy_accel": 0.30401209201091656,
      "op_leverage_ratio": Infinity,
      "fcf_margin_change": -0.06164251413654549
    },
    {
      "date": "2023-12-31T00:00:00",
      "quarter_label": "2023-12 (Q4)",
      "revenue": 22093000,
      "gross_profit": 2870000,
      "operating_income": -547000,
      "net_income": -1512000,
      "opex": 3417000,
      "cogs": 19223000,
      "rd": 168000,
      "sga": null,
      "fcf": -43000,
      "ocf": -43000,
      "capex": null,
      "gross_margin": 0.12990539990042094,
      "op_margin": -0.02475897343049835,
      "fcf_margin": -0.0019463178382293034,
      "incr_op_margin_yoy": 0.510431654676259,
      "rev_growth_yoy": 0.14394449334645057,
      "rev_growth_yoy_accel": -0.12784406799323164,
      "fcf_margin_change": 0.15593513435141354
    },
    {
      "date": "2024-03-31T00:00:00",
      "quarter_label": "2024-03 (Q1)",
      "revenue": 22676000,
      "gross_profit": 3064000,
      "operating_income": -1324000,
      "net_income": -1731000,
      "opex": 4388000,
      "cogs": 19612000,
      "rd": 18000,
      "sga": null,
      "fcf": -2380000,
      "ocf": -2380000,
      "capex": null,
      "gross_margin": 0.13512083259834187,
      "op_margin": -0.05838772270241665,
      "fcf_margin": -0.10495678250132298,
      "incr_op_margin_yoy": 0.034242021276595744,
      "rev_growth_yoy": 0.15293878381126702,
      "rev_growth_yoy_accel": 0.008994290464816451,
      "op_leverage_ratio": 0.09286233743761685,
      "fcf_margin_change": -0.10301046466309367
    },
    {
      "date": "2024-06-30T00:00:00",
      "quarter_label": "2024-06 (Q2)",
      "revenue": 25832000,
      "gross_profit": 4550000,
      "operating_income": 515000,
      "net_income": 343000,
      "opex": 4035000,
      "cogs": 21282000,
      "rd": 0,
      "sga": null,
      "fcf": 1442000,
      "ocf": 1442000,
      "capex": null,
      "gross_margin": 0.1761381232579746,
      "op_margin": 0.019936512852276246,
      "fcf_margin": 0.05582223598637349,
      "incr_op_margin_yoy": 0.4481424148606811,
      "rev_growth_yoy": 0.42876106194690267,
      "rev_growth_yoy_accel": 0.27582227813563565,
      "op_leverage_ratio": Infinity,
      "fcf_margin_change": 0.16077901848769646
    },
    {
      "date": "2024-09-30T00:00:00",
      "quarter_label": "2024-09 (Q3)",
      "revenue": 28316000,
      "gross_profit": 6239000,
      "operating_income": 1936000,
      "net_income": 1664000,
      "opex": 4303000,
      "cogs": 22077000,
      "rd": 0,
      "sga": null,
      "fcf": 4275000,
      "ocf": 4275000,
      "capex": null,
      "gross_margin": 0.2203347930498658,
      "op_margin": 0.0683712388755474,
      "fcf_margin": 0.15097471394264728,
      "incr_op_margin_yoy": 0.8081408140814081,
      "rev_growth_yoy": 0.1911993605653948,
      "rev_growth_yoy_accel": -0.23756170138150787,
      "op_leverage_ratio": 1.4477791054020699,
      "fcf_margin_change": 0.0951524779562738
    },
    {
      "date": "2024-12-31T00:00:00",
      "quarter_label": "2024-12 (Q4)",
      "revenue": 24665000,
      "gross_profit": 3631000,
      "operating_income": -519000,
      "net_income": -756000,
      "opex": 4150000,
      "cogs": 21034000,
      "rd": 1000,
      "sga": null,
      "fcf": 865000,
      "ocf": 865000,
      "capex": null,
      "gross_margin": 0.1472126495033448,
      "op_margin": -0.021041962294749646,
      "fcf_margin": 0.03506993715791608,
      "incr_op_margin_yoy": 0.01088646967340591,
      "rev_growth_yoy": 0.11641696464943647,
      "rev_growth_yoy_accel": -0.07478239591595832,
      "fcf_margin_change": -0.1159047767847312
    },
    {
      "date": "2025-03-31T00:00:00",
      "quarter_label": "2025-03 (Q1)",
      "revenue": 18914000,
      "gross_profit": 3042000,
      "operating_income": -1360000,
      "net_income": -1515000,
      "opex": 4402000,
      "cogs": 15872000,
      "rd": 0,
      "sga": null,
      "fcf": -3487000,
      "ocf": -3487000,
      "capex": null,
      "gross_margin": 0.16083324521518452,
      "op_margin": -0.07190440943216665,
      "fcf_margin": -0.18436079094850374,
      "incr_op_margin_yoy": 0.009569377990430622,
      "rev_growth_yoy": -0.16590227553360382,
      "rev_growth_yoy_accel": -0.2823192401830403,
      "fcf_margin_change": -0.21943072810641984
    },
    {
      "date": "2025-06-30T00:00:00",
      "quarter_label": "2025-06 (Q2)",
      "revenue": 16071000,
      "gross_profit": 2503000,
      "operating_income": -1349000,
      "net_income": -1492000,
      "opex": 3852000,
      "cogs": 13568000,
      "rd": 0,
      "sga": null,
      "fcf": 1844000,
      "ocf": 1844000,
      "capex": null,
      "gross_margin": 0.15574637545890113,
      "op_margin": -0.0839400161782092,
      "fcf_margin": 0.11474083753344534,
      "incr_op_margin_yoy": 0.19096404056961377,
      "rev_growth_yoy": -0.37786466398265717,
      "rev_growth_yoy_accel": -0.21196238844905335,
      "fcf_margin_change": 0.2991016284819491
    },
    {
      "date": "2025-09-30T00:00:00",
      "quarter_label": "2025-09 (Q3)",
      "revenue": 15927000,
      "gross_profit": 2272000,
      "operating_income": -1584000,
      "net_income": -1753000,
      "opex": 3856000,
      "cogs": 13655000,
      "rd": 0,
      "sga": null,
      "fcf": -1307000,
      "ocf": -1307000,
      "capex": null,
      "gross_margin": 0.14265084447793056,
      "op_margin": -0.09945375776982483,
      "fcf_margin": -0.08206190745275319,
      "incr_op_margin_yoy": 0.284123012349665,
      "rev_growth_yoy": -0.43752648679191974,
      "rev_growth_yoy_accel": -0.05966182280926258,
      "fcf_margin_change": -0.19680274498619854
    }
  ],
  "signals": [
    {
      "quarter": "2025-09 (Q3)",
      "signal": "YoY REVENUE GROWTH DECELERATION",
      "detail": "YoY growth: -43.8% vs prior quarter YoY: -37.8% (decel: -6.0%)",
      "severity": "WARNING"
    },
    {
      "quarter": "2025-06 (Q2)",
      "signal": "FCF TURNED POSITIVE",
      "detail": "FCF margin: -18.4% -> +11.5%",
      "severity": "HIGH"
    },
    {
      "quarter": "2025-06 (Q2)",
      "signal": "YoY REVENUE GROWTH DECELERATION",
      "detail": "YoY growth: -37.8% vs prior quarter YoY: -16.6% (decel: -21.2%)",
      "severity": "WARNING"
    },
    {
      "quarter": "2025-03 (Q1)",
      "signal": "YoY REVENUE GROWTH DECELERATION",
      "detail": "YoY growth: -16.6% vs prior quarter YoY: +11.6% (decel: -28.2%)",
      "severity": "WARNING"
    },
    {
      "quarter": "2024-12 (Q4)",
      "signal": "YoY REVENUE GROWTH DECELERATION",
      "detail": "YoY growth: +11.6% vs prior quarter YoY: +19.1% (decel: -7.5%)",
      "severity": "WARNING"
    },
    {
      "quarter": "2024-09 (Q3)",
      "signal": "FCF MARGIN EXPANSION",
      "detail": "FCF margin: +5.6% -> +15.1% (+9.5%)",
      "severity": "MEDIUM"
    },
    {
      "quarter": "2024-09 (Q3)",
      "signal": "YoY REVENUE GROWTH DECELERATION",
      "detail": "YoY growth: +19.1% vs prior quarter YoY: +42.9% (decel: -23.8%)",
      "severity": "WARNING"
    },
    {
      "quarter": "2024-09 (Q3)",
      "signal": "OP MARGIN TURNED POSITIVE (YoY)",
      "detail": "Op margin: -7.3% (year-ago) -> +6.8%",
      "severity": "HIGH"
    },
    {
      "quarter": "2024-06 (Q2)",
      "signal": "FCF TURNED POSITIVE",
      "detail": "FCF margin: -10.5% -> +5.6%",
      "severity": "HIGH"
    },
    {
      "quarter": "2024-06 (Q2)",
      "signal": "YoY REVENUE GROWTH ACCELERATION",
      "detail": "YoY growth: +42.9% vs prior quarter YoY: +15.3% (accel: +27.6%)",
      "severity": "HIGH"
    },
    {
      "quarter": "2024-06 (Q2)",
      "signal": "OP MARGIN TURNED POSITIVE (YoY)",
      "detail": "Op margin: -16.4% (year-ago) -> +2.0%",
      "severity": "HIGH"
    },
    {
      "quarter": "2024-06 (Q2)",
      "signal": "OP MARGIN TURNED POSITIVE (QoQ)",
      "detail": "Op margin: -5.8% -> +2.0%",
      "severity": "HIGH"
    },
    {
      "quarter": "2023-12 (Q4)",
      "signal": "FCF MARGIN EXPANSION",
      "detail": "FCF margin: -15.8% -> -0.2% (+15.6%)",
      "severity": "MEDIUM"
    },
    {
      "quarter": "2023-12 (Q4)",
      "signal": "YoY REVENUE GROWTH DECELERATION",
      "detail": "YoY growth: +14.4% vs prior quarter YoY: +27.2% (decel: -12.8%)",
      "severity": "WARNING"
    },
    {
      "quarter": "2023-09 (Q3)",
      "signal": "GROSS MARGIN INFLECTION",
      "detail": "GM: +13.2% -> +5.7% -> +9.3% (reversal +3.5%)",
      "severity": "MEDIUM"
    },
    {
      "quarter": "2023-09 (Q3)",
      "signal": "YoY REVENUE GROWTH ACCELERATION",
      "detail": "YoY growth: +27.2% vs prior quarter YoY: -3.2% (accel: +30.4%)",
      "severity": "HIGH"
    },
    {
      "quarter": "2023-06 (Q2)",
      "signal": "FCF MARGIN EXPANSION",
      "detail": "FCF margin: -19.7% -> -9.6% (+10.1%)",
      "severity": "MEDIUM"
    },
    {
      "quarter": "2023-06 (Q2)",
      "signal": "YoY REVENUE GROWTH DECELERATION",
      "detail": "YoY growth: -3.2% vs prior quarter YoY: +22.0% (decel: -25.2%)",
      "severity": "WARNING"
    },
    {
      "quarter": "2022-12 (Q4)",
      "signal": "FCF MARGIN EXPANSION",
      "detail": "FCF margin: -5.9% -> -0.6% (+5.3%)",
      "severity": "MEDIUM"
    },
    {
      "quarter": "2022-12 (Q4)",
      "signal": "GROSS MARGIN INFLECTION",
      "detail": "GM: +9.3% -> +4.2% -> +12.1% (reversal +8.0%)",
      "severity": "HIGH"
    },
    {
      "quarter": "2022-12 (Q4)",
      "signal": "YoY REVENUE GROWTH ACCELERATION",
      "detail": "YoY growth: +26.0% vs prior quarter YoY: +16.9% (accel: +9.1%)",
      "severity": "MEDIUM"
    },
    {
      "quarter": "2022-09 (Q3)",
      "signal": "FCF MARGIN EXPANSION",
      "detail": "FCF margin: -31.6% -> -5.9% (+25.7%)",
      "severity": "MEDIUM"
    },
    {
      "quarter": "2022-09 (Q3)",
      "signal": "YoY REVENUE GROWTH DECELERATION",
      "detail": "YoY growth: +16.9% vs prior quarter YoY: +23.4% (decel: -6.5%)",
      "severity": "WARNING"
    },
    {
      "quarter": "2022-06 (Q2)",
      "signal": "FCF MARGIN EXPANSION",
      "detail": "FCF margin: -60.8% -> -31.6% (+29.2%)",
      "severity": "MEDIUM"
    },
    {
      "quarter": "2022-06 (Q2)",
      "signal": "OPERATING LEVERAGE",
      "detail": "Rev growth +15.9% vs OpEx growth +6.6% (leverage: 2.4x)",
      "severity": "MEDIUM"
    },
    {
      "quarter": "2022-06 (Q2)",
      "signal": "YoY REVENUE GROWTH ACCELERATION",
      "detail": "YoY growth: +23.4% vs prior quarter YoY: +4.2% (accel: +19.2%)",
      "severity": "HIGH"
    },
    {
      "quarter": "2022-03 (Q1)",
      "signal": "GROSS MARGIN INFLECTION",
      "detail": "GM: -2.1% -> -14.6% -> -4.9% (reversal +9.7%)",
      "severity": "HIGH"
    },
    {
      "quarter": "2021-06 (Q2)",
      "signal": "FCF MARGIN EXPANSION",
      "detail": "FCF margin: -80.8% -> -32.6% (+48.1%)",
      "severity": "MEDIUM"
    }
  ],
  "data_quality": {
    "n_quarters": 20,
    "coverage": {
      "revenue": [
        20,
        20
      ],
      "gross_profit": [
        20,
        20
      ],
      "op_income": [
        20,
        20
      ],
      "fcf": [
        20,
        20
      ]
    },
    "gaps": [],
    "warnings": []
  },
  "market_cap": null,
  "source": "SEC EDGAR",
  "last_updated": "2026-02-02T23:41:59.065967"
}