{
  "ticker": "RNG",
  "name": "RingCentral, Inc.",
  "quarters": [
    {
      "date": "2020-12-31T00:00:00",
      "quarter_label": "2020-12 (Q4)",
      "revenue": 334536000,
      "gross_profit": 243324000,
      "operating_income": -28743000,
      "net_income": -1827000,
      "opex": 272067000,
      "cogs": 91212000,
      "rd": 56574000,
      "sga": null,
      "fcf": -12110000,
      "ocf": -2484000,
      "capex": -9626000,
      "gross_margin": 0.7273477293923524,
      "op_margin": -0.08591900423272832,
      "fcf_margin": -0.03619939259152976
    },
    {
      "date": "2021-03-31T00:00:00",
      "quarter_label": "2021-03 (Q1)",
      "revenue": 352356000,
      "gross_profit": 255375000,
      "operating_income": -42011000,
      "net_income": -186000,
      "opex": 297386000,
      "cogs": 96981000,
      "rd": 62676000,
      "sga": null,
      "fcf": 28234000,
      "ocf": 36955000,
      "capex": -8721000,
      "gross_margin": 0.7247641589755816,
      "op_margin": -0.11922884809681118,
      "fcf_margin": 0.08012918752625185,
      "op_leverage_ratio": 0.5723927956553947,
      "fcf_margin_change": 0.1163285801177816
    },
    {
      "date": "2021-06-30T00:00:00",
      "quarter_label": "2021-06 (Q2)",
      "revenue": 379273000,
      "gross_profit": 274350000,
      "operating_income": -73381000,
      "net_income": -110956000,
      "opex": 347731000,
      "cogs": 104923000,
      "rd": 76161000,
      "sga": null,
      "fcf": 18852000,
      "ocf": 24516000,
      "capex": -5664000,
      "gross_margin": 0.7233575814782491,
      "op_margin": -0.19347804879334937,
      "fcf_margin": 0.04970562101705104,
      "op_leverage_ratio": 0.45124162819282143,
      "fcf_margin_change": -0.030423566509200813
    },
    {
      "date": "2021-09-30T00:00:00",
      "quarter_label": "2021-09 (Q3)",
      "revenue": 414629000,
      "gross_profit": 304180000,
      "operating_income": -83135000,
      "net_income": -146751000,
      "opex": 387315000,
      "cogs": 110449000,
      "rd": 84121000,
      "sga": null,
      "fcf": 35627000,
      "ocf": 43029000,
      "capex": -7402000,
      "gross_margin": 0.7336196937503165,
      "op_margin": -0.20050454743879467,
      "fcf_margin": 0.08592500765744798,
      "op_leverage_ratio": 0.8189076531902445,
      "fcf_margin_change": 0.03621938664039694
    },
    {
      "date": "2021-12-31T00:00:00",
      "quarter_label": "2021-12 (Q4)",
      "revenue": 448496000,
      "gross_profit": 312480000,
      "operating_income": -103259000,
      "net_income": -118357000,
      "opex": 415739000,
      "cogs": 136016000,
      "rd": 86781000,
      "sga": null,
      "fcf": 40479000,
      "ocf": 47651000,
      "capex": -7172000,
      "gross_margin": 0.6967286218829153,
      "op_margin": -0.23023393742642076,
      "fcf_margin": 0.0902549855517106,
      "incr_op_margin_yoy": -0.6538785538785539,
      "rev_growth_yoy": 0.34065093143936676,
      "op_leverage_ratio": 1.1130025920472708,
      "fcf_margin_change": 0.004329977894262621
    },
    {
      "date": "2022-03-31T00:00:00",
      "quarter_label": "2022-03 (Q1)",
      "revenue": 467656000,
      "gross_profit": 312182000,
      "operating_income": -103542000,
      "net_income": -150972000,
      "opex": 415724000,
      "cogs": 155474000,
      "rd": 90274000,
      "sga": null,
      "fcf": 52143000,
      "ocf": 58995000,
      "capex": -6852000,
      "gross_margin": 0.6675462305626357,
      "op_margin": -0.22140633286005099,
      "fcf_margin": 0.11149862291941084,
      "incr_op_margin_yoy": -0.5336600173460537,
      "rev_growth_yoy": 0.327225873832147,
      "rev_growth_yoy_accel": -0.013425057607219737,
      "op_leverage_ratio": Infinity,
      "fcf_margin_change": 0.02124363736770024
    },
    {
      "date": "2022-06-30T00:00:00",
      "quarter_label": "2022-06 (Q2)",
      "revenue": 486896000,
      "gross_profit": 328706000,
      "operating_income": -107764000,
      "net_income": -159515000,
      "opex": 436470000,
      "cogs": 158190000,
      "rd": 96518000,
      "sga": null,
      "fcf": 42041000,
      "ocf": 50678000,
      "capex": -8637000,
      "gross_margin": 0.6751051559265223,
      "op_margin": -0.22132857940915515,
      "fcf_margin": 0.08634492786960665,
      "incr_op_margin_yoy": -0.31947632011744703,
      "rev_growth_yoy": 0.28376130122629345,
      "rev_growth_yoy_accel": -0.04346457260585357,
      "op_leverage_ratio": 0.8244214460740621,
      "fcf_margin_change": -0.025153695049804192
    },
    {
      "date": "2022-09-30T00:00:00",
      "quarter_label": "2022-09 (Q3)",
      "revenue": 509032000,
      "gross_profit": 341558000,
      "operating_income": -182559000,
      "net_income": -284616000,
      "opex": 524117000,
      "cogs": 167474000,
      "rd": 86700000,
      "sga": null,
      "fcf": 33921000,
      "ocf": 42260000,
      "capex": -8339000,
      "gross_margin": 0.6709951437237738,
      "op_margin": -0.35863953543195715,
      "fcf_margin": 0.06663824671140518,
      "incr_op_margin_yoy": -1.0531868690613646,
      "rev_growth_yoy": 0.2276806494480608,
      "rev_growth_yoy_accel": -0.056080651778232654,
      "op_leverage_ratio": 0.2264020122239273,
      "fcf_margin_change": -0.01970668115820147
    },
    {
      "date": "2022-12-31T00:00:00",
      "quarter_label": "2022-12 (Q4)",
      "revenue": 524746000,
      "gross_profit": 364153000,
      "operating_income": -255610000,
      "net_income": -284063000,
      "opex": 619763000,
      "cogs": 160593000,
      "rd": 88764000,
      "sga": null,
      "fcf": 30487000,
      "ocf": 39372000,
      "capex": -8885000,
      "gross_margin": 0.693960506607006,
      "op_margin": -0.4871118598331383,
      "fcf_margin": 0.058098584839141224,
      "incr_op_margin_yoy": -1.9980459016393444,
      "rev_growth_yoy": 0.17001266454996253,
      "rev_growth_yoy_accel": -0.05766798489809827,
      "op_leverage_ratio": 0.16916211183168303,
      "fcf_margin_change": -0.00853966187226396
    },
    {
      "date": "2023-03-31T00:00:00",
      "quarter_label": "2023-03 (Q1)",
      "revenue": 533689000,
      "gross_profit": 373013000,
      "operating_income": -54531000,
      "net_income": -54399000,
      "opex": 427544000,
      "cogs": 160676000,
      "rd": 85241000,
      "sga": null,
      "fcf": 99810000,
      "ocf": 108533000,
      "capex": -8723000,
      "gross_margin": 0.698933273872986,
      "op_margin": -0.10217748538943092,
      "fcf_margin": 0.18701903168324624,
      "incr_op_margin_yoy": 0.7422197991913134,
      "rev_growth_yoy": 0.14119994183759002,
      "rev_growth_yoy_accel": -0.028812722712372507,
      "op_leverage_ratio": Infinity,
      "fcf_margin_change": 0.12892044684410503
    },
    {
      "date": "2023-06-30T00:00:00",
      "quarter_label": "2023-06 (Q2)",
      "revenue": 539305000,
      "gross_profit": 374888000,
      "operating_income": -45062000,
      "net_income": -21482000,
      "opex": 419950000,
      "cogs": 164417000,
      "rd": 80280000,
      "sga": null,
      "fcf": 86254000,
      "ocf": 90691000,
      "capex": -4437000,
      "gross_margin": 0.695131697277051,
      "op_margin": -0.08355568741250313,
      "fcf_margin": 0.15993547250628123,
      "incr_op_margin_yoy": 1.1963975653036691,
      "rev_growth_yoy": 0.10763900299037166,
      "rev_growth_yoy_accel": -0.03356093884721836,
      "op_leverage_ratio": Infinity,
      "fcf_margin_change": -0.027083559176965005
    },
    {
      "date": "2023-09-30T00:00:00",
      "quarter_label": "2023-09 (Q3)",
      "revenue": 558164000,
      "gross_profit": 389190000,
      "operating_income": -54175000,
      "net_income": -42116000,
      "opex": 443365000,
      "cogs": 168974000,
      "rd": 85444000,
      "sga": null,
      "fcf": 82239000,
      "ocf": 86594000,
      "capex": -4355000,
      "gross_margin": 0.6972681864111623,
      "op_margin": -0.09705928723457621,
      "fcf_margin": 0.14733841666606948,
      "incr_op_margin_yoy": 2.6130424163477977,
      "rev_growth_yoy": 0.09652045450973612,
      "rev_growth_yoy_accel": -0.011118548480635537,
      "op_leverage_ratio": 0.627173409688674,
      "fcf_margin_change": -0.012597055840211757
    },
    {
      "date": "2023-12-31T00:00:00",
      "quarter_label": "2023-12 (Q4)",
      "revenue": 571271000,
      "gross_profit": 401047000,
      "operating_income": -45043000,
      "net_income": -47243000,
      "opex": 446090000,
      "cogs": 170224000,
      "rd": 84886000,
      "sga": null,
      "fcf": 107846000,
      "ocf": 113844000,
      "capex": -5998000,
      "gross_margin": 0.7020258336236217,
      "op_margin": -0.07884699205806,
      "fcf_margin": 0.18878255679003486,
      "incr_op_margin_yoy": 4.525889306824288,
      "rev_growth_yoy": 0.08866194311152444,
      "rev_growth_yoy_accel": -0.007858511398211684,
      "op_leverage_ratio": 3.8206422741558512,
      "fcf_margin_change": 0.041444140123965384
    },
    {
      "date": "2024-03-31T00:00:00",
      "quarter_label": "2024-03 (Q1)",
      "revenue": 584211000,
      "gross_profit": 413732000,
      "operating_income": -10899000,
      "net_income": -28494000,
      "opex": 424631000,
      "cogs": 170479000,
      "rd": 80528000,
      "sga": null,
      "fcf": 89961000,
      "ocf": 96094000,
      "capex": -6133000,
      "gross_margin": 0.7081893357023404,
      "op_margin": -0.01865593081951555,
      "fcf_margin": 0.15398717244283316,
      "incr_op_margin_yoy": 0.863623767863505,
      "rev_growth_yoy": 0.09466561986475269,
      "rev_growth_yoy_accel": 0.006003676753228257,
      "op_leverage_ratio": Infinity,
      "fcf_margin_change": -0.0347953843472017
    },
    {
      "date": "2024-06-30T00:00:00",
      "quarter_label": "2024-06 (Q2)",
      "revenue": 592907000,
      "gross_profit": 416237000,
      "operating_income": -5359000,
      "net_income": -14753000,
      "opex": 421596000,
      "cogs": 176670000,
      "rd": 79750000,
      "sga": null,
      "fcf": 122028000,
      "ocf": 127081000,
      "capex": -5053000,
      "gross_margin": 0.702027468051482,
      "op_margin": -0.00903851700182322,
      "fcf_margin": 0.2058130533119022,
      "incr_op_margin_yoy": 0.7406999738815716,
      "rev_growth_yoy": 0.09939088271015474,
      "rev_growth_yoy_accel": 0.004725262845402048,
      "op_leverage_ratio": Infinity,
      "fcf_margin_change": 0.05182588086906903
    },
    {
      "date": "2024-09-30T00:00:00",
      "quarter_label": "2024-09 (Q3)",
      "revenue": 608765000,
      "gross_profit": 428581000,
      "operating_income": 3291000,
      "net_income": -7853000,
      "opex": 425290000,
      "cogs": 180184000,
      "rd": 84144000,
      "sga": null,
      "fcf": 119788000,
      "ocf": 127219000,
      "capex": -7431000,
      "gross_margin": 0.7040171494747562,
      "op_margin": 0.005406026956214631,
      "fcf_margin": 0.19677215345823101,
      "incr_op_margin_yoy": 1.1356692555483092,
      "rev_growth_yoy": 0.09065615123870403,
      "rev_growth_yoy_accel": -0.008734731471450707,
      "op_leverage_ratio": 3.052540441520117,
      "fcf_margin_change": -0.00904089985367118
    },
    {
      "date": "2024-12-31T00:00:00",
      "quarter_label": "2024-12 (Q4)",
      "revenue": 614512000,
      "gross_profit": 436338000,
      "operating_income": 15637000,
      "net_income": -7188000,
      "opex": 420701000,
      "cogs": 178174000,
      "rd": 84901000,
      "sga": null,
      "fcf": 126505000,
      "ocf": 132882000,
      "capex": -6377000,
      "gross_margin": 0.7100561095633608,
      "op_margin": 0.025446207722550577,
      "fcf_margin": 0.20586253807899602,
      "incr_op_margin_yoy": 1.4032977960731714,
      "rev_growth_yoy": 0.07569262224058285,
      "rev_growth_yoy_accel": -0.014963528998121187,
      "fcf_margin_change": 0.009090384620765002
    },
    {
      "date": "2025-03-31T00:00:00",
      "quarter_label": "2025-03 (Q1)",
      "revenue": 612056000,
      "gross_profit": 431606000,
      "operating_income": 10340000,
      "net_income": -10328000,
      "opex": 421266000,
      "cogs": 180450000,
      "rd": 81983000,
      "sga": null,
      "fcf": 144075000,
      "ocf": 149662000,
      "capex": -5587000,
      "gross_margin": 0.7051740363626857,
      "op_margin": 0.016893878991464835,
      "fcf_margin": 0.23539512724325878,
      "incr_op_margin_yoy": 0.7627581253366852,
      "rev_growth_yoy": 0.04766257396728237,
      "rev_growth_yoy_accel": -0.028030048273300474,
      "fcf_margin_change": 0.029532589164262768
    },
    {
      "date": "2025-06-30T00:00:00",
      "quarter_label": "2025-06 (Q2)",
      "revenue": 620398000,
      "gross_profit": 441448000,
      "operating_income": 36963000,
      "net_income": 13193000,
      "opex": 404485000,
      "cogs": 178950000,
      "rd": 77539000,
      "sga": null,
      "fcf": 158457000,
      "ocf": 167414000,
      "capex": -8957000,
      "gross_margin": 0.7115561300971311,
      "op_margin": 0.059579495743055266,
      "fcf_margin": 0.2554118485230449,
      "incr_op_margin_yoy": 1.5394856498490415,
      "rev_growth_yoy": 0.046366462193902246,
      "rev_growth_yoy_accel": -0.0012961117733801264,
      "op_leverage_ratio": Infinity,
      "fcf_margin_change": 0.0200167212797861
    },
    {
      "date": "2025-09-30T00:00:00",
      "quarter_label": "2025-09 (Q3)",
      "revenue": 638655000,
      "gross_profit": 458329000,
      "operating_income": 30807000,
      "net_income": 17559000,
      "opex": 427522000,
      "cogs": 180326000,
      "rd": 79908000,
      "sga": null,
      "fcf": 143793000,
      "ocf": 151362000,
      "capex": -7569000,
      "gross_margin": 0.717647243034189,
      "op_margin": 0.048237311224369965,
      "fcf_margin": 0.22514972872677738,
      "incr_op_margin_yoy": 0.920575443292071,
      "rev_growth_yoy": 0.049099406174796516,
      "rev_growth_yoy_accel": 0.00273294398089427,
      "op_leverage_ratio": 0.5166965062031672,
      "fcf_margin_change": -0.0302621197962675
    }
  ],
  "signals": [
    {
      "quarter": "2025-09 (Q3)",
      "signal": "INCREMENTAL MARGIN (YoY)",
      "detail": "YoY Incr OPM: +92.1% vs year-ago OPM: +0.5%",
      "severity": "HIGH"
    },
    {
      "quarter": "2025-06 (Q2)",
      "signal": "OP MARGIN TURNED POSITIVE (YoY)",
      "detail": "Op margin: -0.9% (year-ago) -> +6.0%",
      "severity": "HIGH"
    },
    {
      "quarter": "2025-03 (Q1)",
      "signal": "OP MARGIN TURNED POSITIVE (YoY)",
      "detail": "Op margin: -1.9% (year-ago) -> +1.7%",
      "severity": "HIGH"
    },
    {
      "quarter": "2024-12 (Q4)",
      "signal": "OP MARGIN TURNED POSITIVE (YoY)",
      "detail": "Op margin: -7.9% (year-ago) -> +2.5%",
      "severity": "HIGH"
    },
    {
      "quarter": "2024-09 (Q3)",
      "signal": "OPERATING LEVERAGE",
      "detail": "Rev growth +2.7% vs OpEx growth +0.9% (leverage: 3.1x)",
      "severity": "MEDIUM"
    },
    {
      "quarter": "2024-09 (Q3)",
      "signal": "OP MARGIN TURNED POSITIVE (YoY)",
      "detail": "Op margin: -9.7% (year-ago) -> +0.5%",
      "severity": "HIGH"
    },
    {
      "quarter": "2024-09 (Q3)",
      "signal": "OP MARGIN TURNED POSITIVE (QoQ)",
      "detail": "Op margin: -0.9% -> +0.5%",
      "severity": "HIGH"
    },
    {
      "quarter": "2024-06 (Q2)",
      "signal": "FCF MARGIN EXPANSION",
      "detail": "FCF margin: +15.4% -> +20.6% (+5.2%)",
      "severity": "MEDIUM"
    },
    {
      "quarter": "2023-12 (Q4)",
      "signal": "OPERATING LEVERAGE",
      "detail": "Rev growth +2.3% vs OpEx growth +0.6% (leverage: 3.8x)",
      "severity": "MEDIUM"
    },
    {
      "quarter": "2023-03 (Q1)",
      "signal": "FCF MARGIN EXPANSION",
      "detail": "FCF margin: +5.8% -> +18.7% (+12.9%)",
      "severity": "MEDIUM"
    },
    {
      "quarter": "2022-12 (Q4)",
      "signal": "GROSS MARGIN INFLECTION",
      "detail": "GM: +67.5% -> +67.1% -> +69.4% (reversal +2.3%)",
      "severity": "MEDIUM"
    },
    {
      "quarter": "2022-12 (Q4)",
      "signal": "YoY REVENUE GROWTH DECELERATION",
      "detail": "YoY growth: +17.0% vs prior quarter YoY: +22.8% (decel: -5.8%)",
      "severity": "WARNING"
    },
    {
      "quarter": "2022-09 (Q3)",
      "signal": "YoY REVENUE GROWTH DECELERATION",
      "detail": "YoY growth: +22.8% vs prior quarter YoY: +28.4% (decel: -5.6%)",
      "severity": "WARNING"
    },
    {
      "quarter": "2021-03 (Q1)",
      "signal": "FCF TURNED POSITIVE",
      "detail": "FCF margin: -3.6% -> +8.0%",
      "severity": "HIGH"
    }
  ],
  "data_quality": {
    "n_quarters": 20,
    "coverage": {
      "revenue": [
        20,
        20
      ],
      "gross_profit": [
        20,
        20
      ],
      "op_income": [
        20,
        20
      ],
      "fcf": [
        20,
        20
      ]
    },
    "gaps": [],
    "warnings": []
  },
  "market_cap": null,
  "source": "SEC EDGAR",
  "last_updated": "2026-02-02T21:31:11.385079"
}