{
  "ticker": "RNGR",
  "name": "Ranger Energy Services, Inc.",
  "quarters": [
    {
      "date": "2020-12-31T00:00:00",
      "quarter_label": "2020-12 (Q4)",
      "revenue": 41500000,
      "gross_profit": 7100000,
      "operating_income": -6000000,
      "net_income": -3700000,
      "opex": 47500000,
      "cogs": 34400000,
      "rd": null,
      "sga": null,
      "fcf": -2600000,
      "ocf": -1800000,
      "capex": -800000,
      "gross_margin": 0.1710843373493976,
      "op_margin": -0.14457831325301204,
      "fcf_margin": -0.06265060240963856
    },
    {
      "date": "2021-03-31T00:00:00",
      "quarter_label": "2021-03 (Q1)",
      "revenue": 38300000,
      "gross_profit": 4200000,
      "operating_income": -7300000,
      "net_income": -4600000,
      "opex": 45600000,
      "cogs": 34100000,
      "rd": null,
      "sga": null,
      "fcf": -2300000,
      "ocf": -1900000,
      "capex": -400000,
      "gross_margin": 0.10966057441253264,
      "op_margin": -0.1906005221932115,
      "fcf_margin": -0.06005221932114883,
      "fcf_margin_change": 0.002598383088489732
    },
    {
      "date": "2021-06-30T00:00:00",
      "quarter_label": "2021-06 (Q2)",
      "revenue": 50000000,
      "gross_profit": 5900000,
      "operating_income": -8500000,
      "net_income": -5600000,
      "opex": 58500000,
      "cogs": 44100000,
      "rd": null,
      "sga": null,
      "fcf": -3600000,
      "ocf": -2200000,
      "capex": -1400000,
      "gross_margin": 0.118,
      "op_margin": -0.17,
      "fcf_margin": -0.072,
      "op_leverage_ratio": 1.0798469852450059,
      "fcf_margin_change": -0.011947780678851168
    },
    {
      "date": "2021-09-30T00:00:00",
      "quarter_label": "2021-09 (Q3)",
      "revenue": 81700000,
      "gross_profit": 7700000,
      "operating_income": -8100000,
      "net_income": -5600000,
      "opex": 89800000,
      "cogs": 74000000,
      "rd": null,
      "sga": null,
      "fcf": 25400000,
      "ocf": 27500000,
      "capex": -2100000,
      "gross_margin": 0.09424724602203183,
      "op_margin": -0.09914320685434516,
      "fcf_margin": 0.3108935128518972,
      "op_leverage_ratio": 1.1849520766773163,
      "fcf_margin_change": 0.3828935128518972
    },
    {
      "date": "2021-12-31T00:00:00",
      "quarter_label": "2021-12 (Q4)",
      "revenue": 123100000,
      "gross_profit": 12000000,
      "operating_income": -16600000,
      "net_income": 24400000,
      "opex": 139700000,
      "cogs": 111100000,
      "rd": null,
      "sga": null,
      "fcf": -64500000,
      "ocf": -62800000,
      "capex": -1700000,
      "gross_margin": 0.09748172217709179,
      "op_margin": -0.1348497156783103,
      "fcf_margin": -0.5239642567018684,
      "incr_op_margin_yoy": -0.12990196078431374,
      "rev_growth_yoy": 1.966265060240964,
      "op_leverage_ratio": 0.911914404083565,
      "fcf_margin_change": -0.8348577695537656
    },
    {
      "date": "2022-03-31T00:00:00",
      "quarter_label": "2022-03 (Q1)",
      "revenue": 123600000,
      "gross_profit": 15600000,
      "operating_income": -5200000,
      "net_income": -5700000,
      "opex": 128800000,
      "cogs": 108000000,
      "rd": null,
      "sga": null,
      "fcf": -13700000,
      "ocf": -12100000,
      "capex": -1600000,
      "gross_margin": 0.1262135922330097,
      "op_margin": -0.042071197411003236,
      "fcf_margin": -0.11084142394822007,
      "incr_op_margin_yoy": 0.0246189917936694,
      "rev_growth_yoy": 2.227154046997389,
      "rev_growth_yoy_accel": 0.26088898675642525,
      "fcf_margin_change": 0.41312283275364836
    },
    {
      "date": "2022-06-30T00:00:00",
      "quarter_label": "2022-06 (Q2)",
      "revenue": 153600000,
      "gross_profit": 23600000,
      "operating_income": -2200000,
      "net_income": -400000,
      "opex": 155800000,
      "cogs": 130000000,
      "rd": null,
      "sga": null,
      "fcf": 15800000,
      "ocf": 19900000,
      "capex": -4100000,
      "gross_margin": 0.15364583333333334,
      "op_margin": -0.014322916666666666,
      "fcf_margin": 0.10286458333333333,
      "incr_op_margin_yoy": 0.060810810810810814,
      "rev_growth_yoy": 2.072,
      "rev_growth_yoy_accel": -0.1551540469973891,
      "op_leverage_ratio": 1.1578568860122258,
      "fcf_margin_change": 0.2137060072815534
    },
    {
      "date": "2022-09-30T00:00:00",
      "quarter_label": "2022-09 (Q3)",
      "revenue": 177000000,
      "gross_profit": 38900000,
      "operating_income": 18000000,
      "net_income": 13600000,
      "opex": 159000000,
      "cogs": 138100000,
      "rd": null,
      "sga": null,
      "fcf": 7700000,
      "ocf": 10700000,
      "capex": -3000000,
      "gross_margin": 0.21977401129943502,
      "op_margin": 0.1016949152542373,
      "fcf_margin": 0.04350282485875706,
      "incr_op_margin_yoy": 0.2738719832109129,
      "rev_growth_yoy": 1.1664626682986536,
      "rev_growth_yoy_accel": -0.9055373317013464,
      "op_leverage_ratio": 7.417236328125001,
      "fcf_margin_change": -0.05936175847457627
    },
    {
      "date": "2022-12-31T00:00:00",
      "quarter_label": "2022-12 (Q4)",
      "revenue": 154300000,
      "gross_profit": 26500000,
      "operating_income": 9100000,
      "net_income": 7600000,
      "opex": 145200000,
      "cogs": 127800000,
      "rd": null,
      "sga": null,
      "fcf": 20900000,
      "ocf": 26000000,
      "capex": -5100000,
      "gross_margin": 0.17174335709656513,
      "op_margin": 0.05897602073882048,
      "fcf_margin": 0.13545042125729098,
      "incr_op_margin_yoy": 0.8237179487179487,
      "rev_growth_yoy": 0.25345247766043866,
      "rev_growth_yoy_accel": -0.913010190638215,
      "fcf_margin_change": 0.09194759639853392
    },
    {
      "date": "2023-03-31T00:00:00",
      "quarter_label": "2023-03 (Q1)",
      "revenue": 157500000,
      "gross_profit": 26600000,
      "operating_income": 9200000,
      "net_income": 6200000,
      "opex": 148300000,
      "cogs": 130900000,
      "rd": null,
      "sga": null,
      "fcf": 12000000,
      "ocf": 17400000,
      "capex": -5400000,
      "gross_margin": 0.1688888888888889,
      "op_margin": 0.058412698412698416,
      "fcf_margin": 0.0761904761904762,
      "incr_op_margin_yoy": 0.4247787610619469,
      "rev_growth_yoy": 0.27427184466019416,
      "rev_growth_yoy_accel": 0.020819366999755506,
      "op_leverage_ratio": 0.9713795914954111,
      "fcf_margin_change": -0.059259945066814784
    },
    {
      "date": "2023-06-30T00:00:00",
      "quarter_label": "2023-06 (Q2)",
      "revenue": 163200000,
      "gross_profit": 26900000,
      "operating_income": 11400000,
      "net_income": 6100000,
      "opex": 151800000,
      "cogs": 136300000,
      "rd": null,
      "sga": null,
      "fcf": 16000000,
      "ocf": 23500000,
      "capex": -7500000,
      "gross_margin": 0.16482843137254902,
      "op_margin": 0.06985294117647059,
      "fcf_margin": 0.09803921568627451,
      "incr_op_margin_yoy": 1.4166666666666667,
      "rev_growth_yoy": 0.0625,
      "rev_growth_yoy_accel": -0.21177184466019416,
      "op_leverage_ratio": 1.5334421768707482,
      "fcf_margin_change": 0.02184873949579831
    },
    {
      "date": "2023-09-30T00:00:00",
      "quarter_label": "2023-09 (Q3)",
      "revenue": 164400000,
      "gross_profit": 29600000,
      "operating_income": 11700000,
      "net_income": 9400000,
      "opex": 152700000,
      "cogs": 134800000,
      "rd": null,
      "sga": null,
      "fcf": -2800000,
      "ocf": 12200000,
      "capex": -15000000,
      "gross_margin": 0.18004866180048662,
      "op_margin": 0.07116788321167883,
      "fcf_margin": -0.0170316301703163,
      "incr_op_margin_yoy": 0.5,
      "rev_growth_yoy": -0.0711864406779661,
      "rev_growth_yoy_accel": -0.1336864406779661,
      "fcf_margin_change": -0.1150708458565908
    },
    {
      "date": "2023-12-31T00:00:00",
      "quarter_label": "2023-12 (Q4)",
      "revenue": 151500000,
      "gross_profit": 21800000,
      "operating_income": 4600000,
      "net_income": 2100000,
      "opex": 146900000,
      "cogs": 129700000,
      "rd": null,
      "sga": null,
      "fcf": 29100000,
      "ocf": 37700000,
      "capex": -8600000,
      "gross_margin": 0.1438943894389439,
      "op_margin": 0.030363036303630363,
      "fcf_margin": 0.19207920792079208,
      "incr_op_margin_yoy": 1.6071428571428572,
      "rev_growth_yoy": -0.01814646791963707,
      "rev_growth_yoy_accel": 0.05303997275832903,
      "fcf_margin_change": 0.2091108380911084
    },
    {
      "date": "2024-03-31T00:00:00",
      "quarter_label": "2024-03 (Q1)",
      "revenue": 136900000,
      "gross_profit": 16100000,
      "operating_income": -500000,
      "net_income": -800000,
      "opex": 137400000,
      "cogs": 120800000,
      "rd": null,
      "sga": null,
      "fcf": 5500000,
      "ocf": 12000000,
      "capex": -6500000,
      "gross_margin": 0.11760409057706354,
      "op_margin": -0.003652300949598247,
      "fcf_margin": 0.04017531044558072,
      "incr_op_margin_yoy": 0.470873786407767,
      "rev_growth_yoy": -0.1307936507936508,
      "rev_growth_yoy_accel": -0.11264718287401372,
      "fcf_margin_change": -0.15190389747521138
    },
    {
      "date": "2024-06-30T00:00:00",
      "quarter_label": "2024-06 (Q2)",
      "revenue": 138100000,
      "gross_profit": 24900000,
      "operating_income": 7300000,
      "net_income": 4700000,
      "opex": 130800000,
      "cogs": 113200000,
      "rd": null,
      "sga": null,
      "fcf": 6800000,
      "ocf": 22100000,
      "capex": -15300000,
      "gross_margin": 0.18030412744388125,
      "op_margin": 0.05286024619840695,
      "fcf_margin": 0.049239681390296886,
      "incr_op_margin_yoy": 0.16334661354581673,
      "rev_growth_yoy": -0.15379901960784315,
      "rev_growth_yoy_accel": -0.02300536881419235,
      "fcf_margin_change": 0.009064370944716169
    },
    {
      "date": "2024-09-30T00:00:00",
      "quarter_label": "2024-09 (Q3)",
      "revenue": 153000000,
      "gross_profit": 31000000,
      "operating_income": 12900000,
      "net_income": 8700000,
      "opex": 140100000,
      "cogs": 122000000,
      "rd": null,
      "sga": null,
      "fcf": 10800000,
      "ocf": 17700000,
      "capex": -6900000,
      "gross_margin": 0.20261437908496732,
      "op_margin": 0.08431372549019608,
      "fcf_margin": 0.07058823529411765,
      "incr_op_margin_yoy": -0.10526315789473684,
      "rev_growth_yoy": -0.06934306569343066,
      "rev_growth_yoy_accel": 0.08445595391441249,
      "op_leverage_ratio": 1.5174604657681436,
      "fcf_margin_change": 0.02134855390382076
    },
    {
      "date": "2024-12-31T00:00:00",
      "quarter_label": "2024-12 (Q4)",
      "revenue": 143100000,
      "gross_profit": 26300000,
      "operating_income": 8900000,
      "net_income": 5800000,
      "opex": 134200000,
      "cogs": 116800000,
      "rd": null,
      "sga": null,
      "fcf": 27300000,
      "ocf": 32700000,
      "capex": -5400000,
      "gross_margin": 0.18378756114605171,
      "op_margin": 0.06219426974143955,
      "fcf_margin": 0.19077568134171907,
      "incr_op_margin_yoy": -0.5119047619047619,
      "rev_growth_yoy": -0.055445544554455446,
      "rev_growth_yoy_accel": 0.01389752113897521,
      "fcf_margin_change": 0.12018744604760143
    },
    {
      "date": "2025-03-31T00:00:00",
      "quarter_label": "2025-03 (Q1)",
      "revenue": 135200000,
      "gross_profit": 19800000,
      "operating_income": 1000000,
      "net_income": 600000,
      "opex": 134200000,
      "cogs": 115400000,
      "rd": null,
      "sga": null,
      "fcf": 3400000,
      "ocf": 10600000,
      "capex": -7200000,
      "gross_margin": 0.14644970414201183,
      "op_margin": 0.0073964497041420114,
      "fcf_margin": 0.02514792899408284,
      "incr_op_margin_yoy": -0.8823529411764706,
      "rev_growth_yoy": -0.01241782322863404,
      "rev_growth_yoy_accel": 0.0430277213258214,
      "fcf_margin_change": -0.16562775234763624
    },
    {
      "date": "2025-06-30T00:00:00",
      "quarter_label": "2025-06 (Q2)",
      "revenue": 140600000,
      "gross_profit": 25600000,
      "operating_income": 8600000,
      "net_income": 7300000,
      "opex": 132000000,
      "cogs": 115000000,
      "rd": null,
      "sga": null,
      "fcf": 14400000,
      "ocf": 20700000,
      "capex": -6300000,
      "gross_margin": 0.18207681365576103,
      "op_margin": 0.06116642958748222,
      "fcf_margin": 0.10241820768136557,
      "incr_op_margin_yoy": 0.52,
      "rev_growth_yoy": 0.018102824040550327,
      "rev_growth_yoy_accel": 0.030520647269184367,
      "op_leverage_ratio": Infinity,
      "fcf_margin_change": 0.07727027868728273
    },
    {
      "date": "2025-09-30T00:00:00",
      "quarter_label": "2025-09 (Q3)",
      "revenue": 128900000,
      "gross_profit": 19800000,
      "operating_income": 2600000,
      "net_income": 1200000,
      "opex": 126300000,
      "cogs": 109100000,
      "rd": null,
      "sga": null,
      "fcf": 8000000,
      "ocf": 13600000,
      "capex": -5600000,
      "gross_margin": 0.15360744763382467,
      "op_margin": 0.02017067494181536,
      "fcf_margin": 0.062063615205585725,
      "incr_op_margin_yoy": 0.42738589211618255,
      "rev_growth_yoy": -0.15751633986928104,
      "rev_growth_yoy_accel": -0.17561916390983137,
      "fcf_margin_change": -0.04035459247577985
    }
  ],
  "signals": [
    {
      "quarter": "2025-09 (Q3)",
      "signal": "YoY REVENUE GROWTH DECELERATION",
      "detail": "YoY growth: -15.8% vs prior quarter YoY: +1.8% (decel: -17.6%)",
      "severity": "WARNING"
    },
    {
      "quarter": "2025-09 (Q3)",
      "signal": "INCREMENTAL MARGIN (YoY)",
      "detail": "YoY Incr OPM: +42.7% vs year-ago OPM: +8.4%",
      "severity": "HIGH"
    },
    {
      "quarter": "2025-06 (Q2)",
      "signal": "FCF MARGIN EXPANSION",
      "detail": "FCF margin: +2.5% -> +10.2% (+7.7%)",
      "severity": "MEDIUM"
    },
    {
      "quarter": "2025-06 (Q2)",
      "signal": "GROSS MARGIN INFLECTION",
      "detail": "GM: +18.4% -> +14.6% -> +18.2% (reversal +3.6%)",
      "severity": "MEDIUM"
    },
    {
      "quarter": "2025-06 (Q2)",
      "signal": "INCREMENTAL MARGIN (YoY)",
      "detail": "YoY Incr OPM: +52.0% vs year-ago OPM: +5.3%",
      "severity": "HIGH"
    },
    {
      "quarter": "2025-03 (Q1)",
      "signal": "OP MARGIN TURNED POSITIVE (YoY)",
      "detail": "Op margin: -0.4% (year-ago) -> +0.7%",
      "severity": "HIGH"
    },
    {
      "quarter": "2024-12 (Q4)",
      "signal": "FCF MARGIN EXPANSION",
      "detail": "FCF margin: +7.1% -> +19.1% (+12.0%)",
      "severity": "MEDIUM"
    },
    {
      "quarter": "2024-09 (Q3)",
      "signal": "OPERATING LEVERAGE",
      "detail": "Rev growth +10.8% vs OpEx growth +7.1% (leverage: 1.5x)",
      "severity": "MEDIUM"
    },
    {
      "quarter": "2024-09 (Q3)",
      "signal": "YoY REVENUE GROWTH ACCELERATION",
      "detail": "YoY growth: -6.9% vs prior quarter YoY: -15.4% (accel: +8.4%)",
      "severity": "MEDIUM"
    },
    {
      "quarter": "2024-06 (Q2)",
      "signal": "GROSS MARGIN INFLECTION",
      "detail": "GM: +14.4% -> +11.8% -> +18.0% (reversal +6.3%)",
      "severity": "HIGH"
    },
    {
      "quarter": "2024-06 (Q2)",
      "signal": "OP MARGIN TURNED POSITIVE (QoQ)",
      "detail": "Op margin: -0.4% -> +5.3%",
      "severity": "HIGH"
    },
    {
      "quarter": "2024-03 (Q1)",
      "signal": "YoY REVENUE GROWTH DECELERATION",
      "detail": "YoY growth: -13.1% vs prior quarter YoY: -1.8% (decel: -11.3%)",
      "severity": "WARNING"
    },
    {
      "quarter": "2023-12 (Q4)",
      "signal": "FCF TURNED POSITIVE",
      "detail": "FCF margin: -1.7% -> +19.2%",
      "severity": "HIGH"
    },
    {
      "quarter": "2023-12 (Q4)",
      "signal": "YoY REVENUE GROWTH ACCELERATION",
      "detail": "YoY growth: -1.8% vs prior quarter YoY: -7.1% (accel: +5.3%)",
      "severity": "MEDIUM"
    },
    {
      "quarter": "2023-12 (Q4)",
      "signal": "INCREMENTAL MARGIN (YoY)",
      "detail": "YoY Incr OPM: +160.7% vs year-ago OPM: +5.9%",
      "severity": "HIGH"
    },
    {
      "quarter": "2023-09 (Q3)",
      "signal": "YoY REVENUE GROWTH DECELERATION",
      "detail": "YoY growth: -7.1% vs prior quarter YoY: +6.2% (decel: -13.4%)",
      "severity": "WARNING"
    },
    {
      "quarter": "2023-09 (Q3)",
      "signal": "INCREMENTAL MARGIN (YoY)",
      "detail": "YoY Incr OPM: +50.0% vs year-ago OPM: +10.2%",
      "severity": "HIGH"
    },
    {
      "quarter": "2023-06 (Q2)",
      "signal": "OPERATING LEVERAGE",
      "detail": "Rev growth +3.6% vs OpEx growth +2.4% (leverage: 1.5x)",
      "severity": "MEDIUM"
    },
    {
      "quarter": "2023-06 (Q2)",
      "signal": "YoY REVENUE GROWTH DECELERATION",
      "detail": "YoY growth: +6.2% vs prior quarter YoY: +27.4% (decel: -21.2%)",
      "severity": "WARNING"
    },
    {
      "quarter": "2023-06 (Q2)",
      "signal": "OP MARGIN TURNED POSITIVE (YoY)",
      "detail": "Op margin: -1.4% (year-ago) -> +7.0%",
      "severity": "HIGH"
    },
    {
      "quarter": "2023-03 (Q1)",
      "signal": "OP MARGIN TURNED POSITIVE (YoY)",
      "detail": "Op margin: -4.2% (year-ago) -> +5.8%",
      "severity": "HIGH"
    },
    {
      "quarter": "2022-12 (Q4)",
      "signal": "FCF MARGIN EXPANSION",
      "detail": "FCF margin: +4.4% -> +13.5% (+9.2%)",
      "severity": "MEDIUM"
    },
    {
      "quarter": "2022-12 (Q4)",
      "signal": "YoY REVENUE GROWTH DECELERATION",
      "detail": "YoY growth: +25.3% vs prior quarter YoY: +116.6% (decel: -91.3%)",
      "severity": "WARNING"
    },
    {
      "quarter": "2022-12 (Q4)",
      "signal": "OP MARGIN TURNED POSITIVE (YoY)",
      "detail": "Op margin: -13.5% (year-ago) -> +5.9%",
      "severity": "HIGH"
    },
    {
      "quarter": "2022-09 (Q3)",
      "signal": "OPERATING LEVERAGE",
      "detail": "Rev growth +15.2% vs OpEx growth +2.1% (leverage: 7.4x)",
      "severity": "MEDIUM"
    },
    {
      "quarter": "2022-09 (Q3)",
      "signal": "YoY REVENUE GROWTH DECELERATION",
      "detail": "YoY growth: +116.6% vs prior quarter YoY: +207.2% (decel: -90.6%)",
      "severity": "WARNING"
    },
    {
      "quarter": "2022-09 (Q3)",
      "signal": "OP MARGIN TURNED POSITIVE (YoY)",
      "detail": "Op margin: -9.9% (year-ago) -> +10.2%",
      "severity": "HIGH"
    },
    {
      "quarter": "2022-09 (Q3)",
      "signal": "OP MARGIN TURNED POSITIVE (QoQ)",
      "detail": "Op margin: -1.4% -> +10.2%",
      "severity": "HIGH"
    },
    {
      "quarter": "2022-06 (Q2)",
      "signal": "FCF TURNED POSITIVE",
      "detail": "FCF margin: -11.1% -> +10.3%",
      "severity": "HIGH"
    },
    {
      "quarter": "2022-06 (Q2)",
      "signal": "YoY REVENUE GROWTH DECELERATION",
      "detail": "YoY growth: +207.2% vs prior quarter YoY: +222.7% (decel: -15.5%)",
      "severity": "WARNING"
    },
    {
      "quarter": "2022-03 (Q1)",
      "signal": "FCF MARGIN EXPANSION",
      "detail": "FCF margin: -52.4% -> -11.1% (+41.3%)",
      "severity": "MEDIUM"
    },
    {
      "quarter": "2022-03 (Q1)",
      "signal": "YoY REVENUE GROWTH ACCELERATION",
      "detail": "YoY growth: +222.7% vs prior quarter YoY: +196.6% (accel: +26.1%)",
      "severity": "HIGH"
    },
    {
      "quarter": "2021-09 (Q3)",
      "signal": "FCF TURNED POSITIVE",
      "detail": "FCF margin: -7.2% -> +31.1%",
      "severity": "HIGH"
    }
  ],
  "data_quality": {
    "n_quarters": 20,
    "coverage": {
      "revenue": [
        20,
        20
      ],
      "gross_profit": [
        20,
        20
      ],
      "op_income": [
        20,
        20
      ],
      "fcf": [
        20,
        20
      ]
    },
    "gaps": [],
    "warnings": []
  },
  "market_cap": null,
  "source": "SEC EDGAR",
  "last_updated": "2026-02-02T22:38:00.255559"
}