{
  "ticker": "ROAD",
  "name": "CONSTRUCTION PARTNERS, INC.",
  "quarters": [
    {
      "date": "2020-12-31T00:00:00",
      "quarter_label": "2020-12 (Q4)",
      "revenue": 190929000,
      "gross_profit": 30594000,
      "operating_income": 10843000,
      "net_income": 7871000,
      "opex": 19751000,
      "cogs": 160335000,
      "rd": null,
      "sga": null,
      "fcf": -9753000,
      "ocf": 709000,
      "capex": -10462000,
      "gross_margin": 0.16023757522429805,
      "op_margin": 0.056790744203342604,
      "fcf_margin": -0.051081815753499994
    },
    {
      "date": "2021-03-31T00:00:00",
      "quarter_label": "2021-03 (Q1)",
      "revenue": 179112000,
      "gross_profit": 18072000,
      "operating_income": -6394000,
      "net_income": -4935000,
      "opex": 24466000,
      "cogs": 161040000,
      "rd": null,
      "sga": null,
      "fcf": -14747000,
      "ocf": 1689000,
      "capex": -16436000,
      "gross_margin": 0.10089776229398366,
      "op_margin": -0.035698334003305195,
      "fcf_margin": -0.08233395864040377,
      "fcf_margin_change": -0.031252142886903776
    },
    {
      "date": "2021-06-30T00:00:00",
      "quarter_label": "2021-06 (Q2)",
      "revenue": 261656000,
      "gross_profit": 36617000,
      "operating_income": 14257000,
      "net_income": 9340000,
      "opex": 22360000,
      "cogs": 225039000,
      "rd": null,
      "sga": null,
      "fcf": -5754000,
      "ocf": 6936000,
      "capex": -12690000,
      "gross_margin": 0.13994328431222675,
      "op_margin": 0.054487571467881496,
      "fcf_margin": -0.021990705353594032,
      "op_leverage_ratio": Infinity,
      "fcf_margin_change": 0.06034325328680974
    },
    {
      "date": "2021-09-30T00:00:00",
      "quarter_label": "2021-09 (Q3)",
      "revenue": 279042000,
      "gross_profit": 34653000,
      "operating_income": 11395000,
      "net_income": 7901000,
      "opex": 23258000,
      "cogs": 244389000,
      "rd": null,
      "sga": null,
      "fcf": 22422000,
      "ocf": 39166000,
      "capex": -16744000,
      "gross_margin": 0.12418560646784355,
      "op_margin": 0.04083614652991306,
      "fcf_margin": 0.08035349517276968,
      "op_leverage_ratio": 1.6544911174964214,
      "fcf_margin_change": 0.10234420052636371
    },
    {
      "date": "2021-12-31T00:00:00",
      "quarter_label": "2021-12 (Q4)",
      "revenue": 284964000,
      "gross_profit": 32964000,
      "operating_income": 8459000,
      "net_income": 5511000,
      "opex": 24505000,
      "cogs": 252000000,
      "rd": null,
      "sga": null,
      "fcf": -15683000,
      "ocf": -577000,
      "capex": -15106000,
      "gross_margin": 0.11567776982355665,
      "op_margin": 0.02968445136929577,
      "fcf_margin": -0.05503502196768715,
      "incr_op_margin_yoy": -0.02535226245546871,
      "rev_growth_yoy": 0.4925129236522477,
      "op_leverage_ratio": 0.3958263847252802,
      "fcf_margin_change": -0.13538851714045683
    },
    {
      "date": "2022-03-31T00:00:00",
      "quarter_label": "2022-03 (Q1)",
      "revenue": 243385000,
      "gross_profit": 12497000,
      "operating_income": -11489000,
      "net_income": -9418000,
      "opex": 23986000,
      "cogs": 230888000,
      "rd": null,
      "sga": null,
      "fcf": -15726000,
      "ocf": 3871000,
      "capex": -19597000,
      "gross_margin": 0.05134663187953243,
      "op_margin": -0.04720504550403681,
      "fcf_margin": -0.06461367791770241,
      "incr_op_margin_yoy": -0.07927123364398736,
      "rev_growth_yoy": 0.3588425119478315,
      "rev_growth_yoy_accel": -0.13367041170441618,
      "fcf_margin_change": -0.00957865595001526
    },
    {
      "date": "2022-06-30T00:00:00",
      "quarter_label": "2022-06 (Q2)",
      "revenue": 380272000,
      "gross_profit": 44250000,
      "operating_income": 17999000,
      "net_income": 12168000,
      "opex": 26251000,
      "cogs": 336022000,
      "rd": null,
      "sga": null,
      "fcf": -30548000,
      "ocf": -13015000,
      "capex": -17533000,
      "gross_margin": 0.11636407624016494,
      "op_margin": 0.04733190979088652,
      "fcf_margin": -0.08033197290360584,
      "incr_op_margin_yoy": 0.03154717744655021,
      "rev_growth_yoy": 0.4533280337542422,
      "rev_growth_yoy_accel": 0.09448552180641068,
      "op_leverage_ratio": 5.956045678589247,
      "fcf_margin_change": -0.015718294985903436
    },
    {
      "date": "2022-09-30T00:00:00",
      "quarter_label": "2022-09 (Q3)",
      "revenue": 393053000,
      "gross_profit": 49591000,
      "operating_income": 20444000,
      "net_income": 13115000,
      "opex": 29147000,
      "cogs": 343462000,
      "rd": null,
      "sga": null,
      "fcf": 9604000,
      "ocf": 26219000,
      "capex": -16615000,
      "gross_margin": 0.1261687355140401,
      "op_margin": 0.0520133417121864,
      "fcf_margin": 0.02443436381353151,
      "incr_op_margin_yoy": 0.07936953451859909,
      "rev_growth_yoy": 0.40858007038366984,
      "rev_growth_yoy_accel": -0.04474796337057235,
      "op_leverage_ratio": 0.3046616434351614,
      "fcf_margin_change": 0.10476633671713735
    },
    {
      "date": "2022-12-31T00:00:00",
      "quarter_label": "2022-12 (Q4)",
      "revenue": 341779000,
      "gross_profit": 30496000,
      "operating_income": 6328000,
      "net_income": 1892000,
      "opex": 24168000,
      "cogs": 311283000,
      "rd": null,
      "sga": null,
      "fcf": -2779000,
      "ocf": 28884000,
      "capex": -31663000,
      "gross_margin": 0.08922724918734036,
      "op_margin": 0.018514888275757143,
      "fcf_margin": -0.008130985227296002,
      "incr_op_margin_yoy": -0.03750770043122415,
      "rev_growth_yoy": 0.19937606153759774,
      "rev_growth_yoy_accel": -0.2092040088460721,
      "fcf_margin_change": -0.032565349040827515
    },
    {
      "date": "2023-03-31T00:00:00",
      "quarter_label": "2023-03 (Q1)",
      "revenue": 324850000,
      "gross_profit": 26280000,
      "operating_income": -2551000,
      "net_income": -5481000,
      "opex": 28831000,
      "cogs": 298570000,
      "rd": null,
      "sga": null,
      "fcf": -11924000,
      "ocf": 16812000,
      "capex": -28736000,
      "gross_margin": 0.08089887640449438,
      "op_margin": -0.00785285516392181,
      "fcf_margin": -0.03670617207942127,
      "incr_op_margin_yoy": 0.10971582888356964,
      "rev_growth_yoy": 0.33471660126959346,
      "rev_growth_yoy_accel": 0.13534053973199572,
      "fcf_margin_change": -0.02857518685212527
    },
    {
      "date": "2023-06-30T00:00:00",
      "quarter_label": "2023-06 (Q2)",
      "revenue": 421893000,
      "gross_profit": 64072000,
      "operating_income": 33340000,
      "net_income": 21677000,
      "opex": 30732000,
      "cogs": 357821000,
      "rd": null,
      "sga": null,
      "fcf": 30199000,
      "ocf": 48846000,
      "capex": -18647000,
      "gross_margin": 0.15186789067370163,
      "op_margin": 0.07902477642435404,
      "fcf_margin": 0.07157976074502302,
      "incr_op_margin_yoy": 0.36858797241776986,
      "rev_growth_yoy": 0.10945060377834813,
      "rev_growth_yoy_accel": -0.22526599749124532,
      "op_leverage_ratio": 4.530633501627466,
      "fcf_margin_change": 0.10828593282444429
    },
    {
      "date": "2023-09-30T00:00:00",
      "quarter_label": "2023-09 (Q3)",
      "revenue": 475026000,
      "gross_profit": 75537000,
      "operating_income": 44758000,
      "net_income": 30913000,
      "opex": 30779000,
      "cogs": 399489000,
      "rd": null,
      "sga": null,
      "fcf": 43851000,
      "ocf": 62615000,
      "capex": -18764000,
      "gross_margin": 0.1590165590936075,
      "op_margin": 0.0942222109947666,
      "fcf_margin": 0.09231284182339493,
      "incr_op_margin_yoy": 0.2966098593439303,
      "rev_growth_yoy": 0.20855457152088905,
      "rev_growth_yoy_accel": 0.09910396774254092,
      "op_leverage_ratio": 82.34836573214012,
      "fcf_margin_change": 0.020733081078371907
    },
    {
      "date": "2023-12-31T00:00:00",
      "quarter_label": "2023-12 (Q4)",
      "revenue": 396505000,
      "gross_profit": 51880000,
      "operating_income": 16735000,
      "net_income": 9843000,
      "opex": 35145000,
      "cogs": 344625000,
      "rd": null,
      "sga": null,
      "fcf": 33595000,
      "ocf": 60378000,
      "capex": -26783000,
      "gross_margin": 0.13084324283426438,
      "op_margin": 0.042206277348331045,
      "fcf_margin": 0.08472780923317487,
      "incr_op_margin_yoy": 0.19016555202280452,
      "rev_growth_yoy": 0.16012101387153688,
      "rev_growth_yoy_accel": -0.04843355764935217,
      "fcf_margin_change": -0.007585032590220059
    },
    {
      "date": "2024-03-31T00:00:00",
      "quarter_label": "2024-03 (Q1)",
      "revenue": 371427000,
      "gross_profit": 38801000,
      "operating_income": 3080000,
      "net_income": -1124000,
      "opex": 35721000,
      "cogs": 332626000,
      "rd": null,
      "sga": null,
      "fcf": -10563000,
      "ocf": 18172000,
      "capex": -28735000,
      "gross_margin": 0.10446467273515388,
      "op_margin": 0.008292342775296358,
      "fcf_margin": -0.02843896647255046,
      "incr_op_margin_yoy": 0.12089657985701097,
      "rev_growth_yoy": 0.14338002154840696,
      "rev_growth_yoy_accel": -0.016740992323129922,
      "fcf_margin_change": -0.11316677570572534
    },
    {
      "date": "2024-06-30T00:00:00",
      "quarter_label": "2024-06 (Q2)",
      "revenue": 517794000,
      "gross_profit": 83492000,
      "operating_income": 45657000,
      "net_income": 30908000,
      "opex": 37835000,
      "cogs": 434302000,
      "rd": null,
      "sga": null,
      "fcf": 19739000,
      "ocf": 34631000,
      "capex": -14892000,
      "gross_margin": 0.16124559187630602,
      "op_margin": 0.08817599276932525,
      "fcf_margin": 0.03812133782932981,
      "incr_op_margin_yoy": 0.12843453144388484,
      "rev_growth_yoy": 0.2273111902781037,
      "rev_growth_yoy_accel": 0.08393116872969675,
      "op_leverage_ratio": 6.658682790555566,
      "fcf_margin_change": 0.06656030430188027
    },
    {
      "date": "2024-09-30T00:00:00",
      "quarter_label": "2024-09 (Q3)",
      "revenue": 538163000,
      "gross_profit": 84081000,
      "operating_income": 45768000,
      "net_income": 29308000,
      "opex": 38313000,
      "cogs": 454082000,
      "rd": null,
      "sga": null,
      "fcf": 78378000,
      "ocf": 95898000,
      "capex": -17520000,
      "gross_margin": 0.15623705085633907,
      "op_margin": 0.08504486558905015,
      "fcf_margin": 0.1456398897731728,
      "incr_op_margin_yoy": 0.015996958993933826,
      "rev_growth_yoy": 0.1329127247771701,
      "rev_growth_yoy_accel": -0.09439846550093361,
      "op_leverage_ratio": 3.11371268663199,
      "fcf_margin_change": 0.107518551943843
    },
    {
      "date": "2024-12-31T00:00:00",
      "quarter_label": "2024-12 (Q4)",
      "revenue": 561580000,
      "gross_profit": 76571000,
      "operating_income": 13808000,
      "net_income": -3051000,
      "opex": 62763000,
      "cogs": 485009000,
      "rd": null,
      "sga": null,
      "fcf": 13831000,
      "ocf": 40663000,
      "capex": -26832000,
      "gross_margin": 0.13634922896114535,
      "op_margin": 0.02458777021973717,
      "fcf_margin": 0.024628726094234124,
      "incr_op_margin_yoy": -0.017731334242011208,
      "rev_growth_yoy": 0.4163251409187778,
      "rev_growth_yoy_accel": 0.2834124161416077,
      "op_leverage_ratio": 0.06818435183656868,
      "fcf_margin_change": -0.12101116367893867
    },
    {
      "date": "2025-03-31T00:00:00",
      "quarter_label": "2025-03 (Q1)",
      "revenue": 571650000,
      "gross_profit": 71350000,
      "operating_income": 27289000,
      "net_income": 4215000,
      "opex": 44061000,
      "cogs": 500300000,
      "rd": null,
      "sga": null,
      "fcf": 14240000,
      "ocf": 55634000,
      "capex": -41394000,
      "gross_margin": 0.12481413452287239,
      "op_margin": 0.047737251814921715,
      "fcf_margin": 0.024910347240444327,
      "incr_op_margin_yoy": 0.12091018514356493,
      "rev_growth_yoy": 0.5390642037331697,
      "rev_growth_yoy_accel": 0.12273906281439184,
      "op_leverage_ratio": Infinity,
      "fcf_margin_change": 0.00028162114621020293
    },
    {
      "date": "2025-06-30T00:00:00",
      "quarter_label": "2025-06 (Q2)",
      "revenue": 779277000,
      "gross_profit": 131810000,
      "operating_income": 82943000,
      "net_income": 44047000,
      "opex": 48867000,
      "cogs": 647467000,
      "rd": null,
      "sga": null,
      "fcf": 46361000,
      "ocf": 83021000,
      "capex": -36660000,
      "gross_margin": 0.1691439629297413,
      "op_margin": 0.10643583732100395,
      "fcf_margin": 0.059492324295468746,
      "incr_op_margin_yoy": 0.14259435603844228,
      "rev_growth_yoy": 0.5049942641282055,
      "rev_growth_yoy_accel": -0.03406993960496418,
      "op_leverage_ratio": 3.32984642655091,
      "fcf_margin_change": 0.034581977055024415
    },
    {
      "date": "2025-09-30T00:00:00",
      "quarter_label": "2025-09 (Q3)",
      "revenue": 899849000,
      "gross_profit": 159362000,
      "operating_income": 100771000,
      "net_income": 56570000,
      "opex": 58591000,
      "cogs": 740487000,
      "rd": null,
      "sga": null,
      "fcf": 78940000,
      "ocf": 111985000,
      "capex": -33045000,
      "gross_margin": 0.17709860209879658,
      "op_margin": 0.11198656663506877,
      "fcf_margin": 0.0877258295558477,
      "incr_op_margin_yoy": 0.1520738983538207,
      "rev_growth_yoy": 0.6720751891155654,
      "rev_growth_yoy_accel": 0.16708092498735994,
      "op_leverage_ratio": 0.7775446442715628,
      "fcf_margin_change": 0.02823350526037896
    }
  ],
  "signals": [
    {
      "quarter": "2025-09 (Q3)",
      "signal": "YoY REVENUE GROWTH ACCELERATION",
      "detail": "YoY growth: +67.2% vs prior quarter YoY: +50.5% (accel: +16.7%)",
      "severity": "HIGH"
    },
    {
      "quarter": "2025-06 (Q2)",
      "signal": "OPERATING LEVERAGE",
      "detail": "Rev growth +36.3% vs OpEx growth +10.9% (leverage: 3.3x)",
      "severity": "MEDIUM"
    },
    {
      "quarter": "2025-06 (Q2)",
      "signal": "GROSS MARGIN INFLECTION",
      "detail": "GM: +13.6% -> +12.5% -> +16.9% (reversal +4.4%)",
      "severity": "MEDIUM"
    },
    {
      "quarter": "2025-03 (Q1)",
      "signal": "YoY REVENUE GROWTH ACCELERATION",
      "detail": "YoY growth: +53.9% vs prior quarter YoY: +41.6% (accel: +12.3%)",
      "severity": "MEDIUM"
    },
    {
      "quarter": "2025-03 (Q1)",
      "signal": "INCREMENTAL MARGIN (YoY)",
      "detail": "YoY Incr OPM: +12.1% vs year-ago OPM: +0.8%",
      "severity": "MEDIUM"
    },
    {
      "quarter": "2024-12 (Q4)",
      "signal": "YoY REVENUE GROWTH ACCELERATION",
      "detail": "YoY growth: +41.6% vs prior quarter YoY: +13.3% (accel: +28.3%)",
      "severity": "HIGH"
    },
    {
      "quarter": "2024-09 (Q3)",
      "signal": "FCF MARGIN EXPANSION",
      "detail": "FCF margin: +3.8% -> +14.6% (+10.8%)",
      "severity": "MEDIUM"
    },
    {
      "quarter": "2024-09 (Q3)",
      "signal": "OPERATING LEVERAGE",
      "detail": "Rev growth +3.9% vs OpEx growth +1.3% (leverage: 3.1x)",
      "severity": "MEDIUM"
    },
    {
      "quarter": "2024-09 (Q3)",
      "signal": "YoY REVENUE GROWTH DECELERATION",
      "detail": "YoY growth: +13.3% vs prior quarter YoY: +22.7% (decel: -9.4%)",
      "severity": "WARNING"
    },
    {
      "quarter": "2024-06 (Q2)",
      "signal": "FCF TURNED POSITIVE",
      "detail": "FCF margin: -2.8% -> +3.8%",
      "severity": "HIGH"
    },
    {
      "quarter": "2024-06 (Q2)",
      "signal": "OPERATING LEVERAGE",
      "detail": "Rev growth +39.4% vs OpEx growth +5.9% (leverage: 6.7x)",
      "severity": "MEDIUM"
    },
    {
      "quarter": "2024-06 (Q2)",
      "signal": "GROSS MARGIN INFLECTION",
      "detail": "GM: +13.1% -> +10.4% -> +16.1% (reversal +5.7%)",
      "severity": "HIGH"
    },
    {
      "quarter": "2024-06 (Q2)",
      "signal": "YoY REVENUE GROWTH ACCELERATION",
      "detail": "YoY growth: +22.7% vs prior quarter YoY: +14.3% (accel: +8.4%)",
      "severity": "MEDIUM"
    },
    {
      "quarter": "2024-03 (Q1)",
      "signal": "OP MARGIN TURNED POSITIVE (YoY)",
      "detail": "Op margin: -0.8% (year-ago) -> +0.8%",
      "severity": "HIGH"
    },
    {
      "quarter": "2023-12 (Q4)",
      "signal": "INCREMENTAL MARGIN (YoY)",
      "detail": "YoY Incr OPM: +19.0% vs year-ago OPM: +1.9%",
      "severity": "MEDIUM"
    },
    {
      "quarter": "2023-09 (Q3)",
      "signal": "OPERATING LEVERAGE",
      "detail": "Rev growth +12.6% vs OpEx growth +0.2% (leverage: 82.3x)",
      "severity": "MEDIUM"
    },
    {
      "quarter": "2023-09 (Q3)",
      "signal": "YoY REVENUE GROWTH ACCELERATION",
      "detail": "YoY growth: +20.9% vs prior quarter YoY: +10.9% (accel: +9.9%)",
      "severity": "MEDIUM"
    },
    {
      "quarter": "2023-09 (Q3)",
      "signal": "INCREMENTAL MARGIN (YoY)",
      "detail": "YoY Incr OPM: +29.7% vs year-ago OPM: +5.2%",
      "severity": "HIGH"
    },
    {
      "quarter": "2023-06 (Q2)",
      "signal": "FCF TURNED POSITIVE",
      "detail": "FCF margin: -3.7% -> +7.2%",
      "severity": "HIGH"
    },
    {
      "quarter": "2023-06 (Q2)",
      "signal": "OPERATING LEVERAGE",
      "detail": "Rev growth +29.9% vs OpEx growth +6.6% (leverage: 4.5x)",
      "severity": "MEDIUM"
    },
    {
      "quarter": "2023-06 (Q2)",
      "signal": "GROSS MARGIN INFLECTION",
      "detail": "GM: +8.9% -> +8.1% -> +15.2% (reversal +7.1%)",
      "severity": "HIGH"
    },
    {
      "quarter": "2023-06 (Q2)",
      "signal": "YoY REVENUE GROWTH DECELERATION",
      "detail": "YoY growth: +10.9% vs prior quarter YoY: +33.5% (decel: -22.5%)",
      "severity": "WARNING"
    },
    {
      "quarter": "2023-06 (Q2)",
      "signal": "INCREMENTAL MARGIN (YoY)",
      "detail": "YoY Incr OPM: +36.9% vs year-ago OPM: +4.7%",
      "severity": "HIGH"
    },
    {
      "quarter": "2023-06 (Q2)",
      "signal": "OP MARGIN TURNED POSITIVE (QoQ)",
      "detail": "Op margin: -0.8% -> +7.9%",
      "severity": "HIGH"
    },
    {
      "quarter": "2023-03 (Q1)",
      "signal": "YoY REVENUE GROWTH ACCELERATION",
      "detail": "YoY growth: +33.5% vs prior quarter YoY: +19.9% (accel: +13.5%)",
      "severity": "MEDIUM"
    },
    {
      "quarter": "2022-12 (Q4)",
      "signal": "YoY REVENUE GROWTH DECELERATION",
      "detail": "YoY growth: +19.9% vs prior quarter YoY: +40.9% (decel: -20.9%)",
      "severity": "WARNING"
    },
    {
      "quarter": "2022-09 (Q3)",
      "signal": "FCF TURNED POSITIVE",
      "detail": "FCF margin: -8.0% -> +2.4%",
      "severity": "HIGH"
    },
    {
      "quarter": "2022-06 (Q2)",
      "signal": "OPERATING LEVERAGE",
      "detail": "Rev growth +56.2% vs OpEx growth +9.4% (leverage: 6.0x)",
      "severity": "MEDIUM"
    },
    {
      "quarter": "2022-06 (Q2)",
      "signal": "GROSS MARGIN INFLECTION",
      "detail": "GM: +11.6% -> +5.1% -> +11.6% (reversal +6.5%)",
      "severity": "HIGH"
    },
    {
      "quarter": "2022-06 (Q2)",
      "signal": "YoY REVENUE GROWTH ACCELERATION",
      "detail": "YoY growth: +45.3% vs prior quarter YoY: +35.9% (accel: +9.4%)",
      "severity": "MEDIUM"
    },
    {
      "quarter": "2022-06 (Q2)",
      "signal": "OP MARGIN TURNED POSITIVE (QoQ)",
      "detail": "Op margin: -4.7% -> +4.7%",
      "severity": "HIGH"
    },
    {
      "quarter": "2022-03 (Q1)",
      "signal": "YoY REVENUE GROWTH DECELERATION",
      "detail": "YoY growth: +35.9% vs prior quarter YoY: +49.3% (decel: -13.4%)",
      "severity": "WARNING"
    },
    {
      "quarter": "2021-09 (Q3)",
      "signal": "FCF TURNED POSITIVE",
      "detail": "FCF margin: -2.2% -> +8.0%",
      "severity": "HIGH"
    },
    {
      "quarter": "2021-09 (Q3)",
      "signal": "OPERATING LEVERAGE",
      "detail": "Rev growth +6.6% vs OpEx growth +4.0% (leverage: 1.7x)",
      "severity": "MEDIUM"
    },
    {
      "quarter": "2021-06 (Q2)",
      "signal": "FCF MARGIN EXPANSION",
      "detail": "FCF margin: -8.2% -> -2.2% (+6.0%)",
      "severity": "MEDIUM"
    },
    {
      "quarter": "2021-06 (Q2)",
      "signal": "GROSS MARGIN INFLECTION",
      "detail": "GM: +16.0% -> +10.1% -> +14.0% (reversal +3.9%)",
      "severity": "MEDIUM"
    },
    {
      "quarter": "2021-06 (Q2)",
      "signal": "OP MARGIN TURNED POSITIVE (QoQ)",
      "detail": "Op margin: -3.6% -> +5.4%",
      "severity": "HIGH"
    }
  ],
  "data_quality": {
    "n_quarters": 20,
    "coverage": {
      "revenue": [
        20,
        20
      ],
      "gross_profit": [
        20,
        20
      ],
      "op_income": [
        20,
        20
      ],
      "fcf": [
        20,
        20
      ]
    },
    "gaps": [],
    "warnings": []
  },
  "market_cap": null,
  "source": "SEC EDGAR",
  "last_updated": "2026-02-02T20:54:57.272665"
}