{
  "ticker": "ROCK",
  "name": "GIBRALTAR INDUSTRIES, INC.",
  "quarters": [
    {
      "date": "2020-12-31T00:00:00",
      "quarter_label": "2020-12 (Q4)",
      "revenue": 265201000,
      "gross_profit": 62426000,
      "operating_income": 22722000,
      "net_income": -8545000,
      "opex": 39704000,
      "cogs": 125405000,
      "rd": null,
      "sga": 28705000,
      "fcf": 27735000,
      "ocf": 32910000,
      "capex": -5175000,
      "gross_margin": 0.23539126926369056,
      "op_margin": 0.08567840996074676,
      "fcf_margin": 0.10458105361593659
    },
    {
      "date": "2021-03-31T00:00:00",
      "quarter_label": "2021-03 (Q1)",
      "revenue": 287592000,
      "gross_profit": 60018000,
      "operating_income": 12815000,
      "net_income": 12762000,
      "opex": 47203000,
      "cogs": 227574000,
      "rd": null,
      "sga": 47203000,
      "fcf": -7614000,
      "ocf": -3225000,
      "capex": -4389000,
      "gross_margin": 0.20869147959609446,
      "op_margin": 0.044559653954212915,
      "fcf_margin": -0.02647500625886673,
      "op_leverage_ratio": 0.44702235400082874,
      "fcf_margin_change": -0.13105605987480332
    },
    {
      "date": "2021-06-30T00:00:00",
      "quarter_label": "2021-06 (Q2)",
      "revenue": 348389000,
      "gross_profit": 80931000,
      "operating_income": 31409000,
      "net_income": 25949000,
      "opex": 49522000,
      "cogs": 267458000,
      "rd": null,
      "sga": 49522000,
      "fcf": 8915000,
      "ocf": 14000000,
      "capex": -5085000,
      "gross_margin": 0.2323006753944585,
      "op_margin": 0.09015497044969847,
      "fcf_margin": 0.02558921205893412,
      "op_leverage_ratio": 4.303028289585801,
      "fcf_margin_change": 0.05206421831780085
    },
    {
      "date": "2021-09-30T00:00:00",
      "quarter_label": "2021-09 (Q3)",
      "revenue": 369353000,
      "gross_profit": 83252000,
      "operating_income": 37978000,
      "net_income": 27556000,
      "opex": 45274000,
      "cogs": 286101000,
      "rd": null,
      "sga": 45274000,
      "fcf": -31077000,
      "ocf": -27300000,
      "capex": -3777000,
      "gross_margin": 0.2253995500239608,
      "op_margin": 0.10282304462127016,
      "fcf_margin": -0.0841390214780982,
      "op_leverage_ratio": Infinity,
      "fcf_margin_change": -0.10972823353703232
    },
    {
      "date": "2021-12-31T00:00:00",
      "quarter_label": "2021-12 (Q4)",
      "revenue": 334449000,
      "gross_profit": 65810000,
      "operating_income": 14786000,
      "net_income": 9362000,
      "opex": 51024000,
      "cogs": 268639000,
      "rd": null,
      "sga": 42724000,
      "fcf": 35141000,
      "ocf": 39595000,
      "capex": -4454000,
      "gross_margin": 0.19677140610377067,
      "op_margin": 0.04421002903282713,
      "fcf_margin": 0.10507132627097106,
      "incr_op_margin_yoy": -0.11460258780036968,
      "rev_growth_yoy": 0.26111515416608533,
      "fcf_margin_change": 0.18921034774906925
    },
    {
      "date": "2022-03-31T00:00:00",
      "quarter_label": "2022-03 (Q1)",
      "revenue": 317865000,
      "gross_profit": 64844000,
      "operating_income": 21195000,
      "net_income": 15456000,
      "opex": 43649000,
      "cogs": 253021000,
      "rd": null,
      "sga": 43649000,
      "fcf": -12156000,
      "ocf": -7754000,
      "capex": -4402000,
      "gross_margin": 0.20399855284476115,
      "op_margin": 0.06667925062526545,
      "fcf_margin": -0.0382426501816809,
      "incr_op_margin_yoy": 0.27681432299408715,
      "rev_growth_yoy": 0.10526370691813403,
      "rev_growth_yoy_accel": -0.1558514472479513,
      "fcf_margin_change": -0.14331397645265195
    },
    {
      "date": "2022-06-30T00:00:00",
      "quarter_label": "2022-06 (Q2)",
      "revenue": 366949000,
      "gross_profit": 90271000,
      "operating_income": 40139000,
      "net_income": 29307000,
      "opex": 50132000,
      "cogs": 276678000,
      "rd": null,
      "sga": 50132000,
      "fcf": 1498000,
      "ocf": 8298000,
      "capex": -6800000,
      "gross_margin": 0.24600421311953433,
      "op_margin": 0.10938577295482478,
      "fcf_margin": 0.004082311165856836,
      "incr_op_margin_yoy": 0.4703663793103448,
      "rev_growth_yoy": 0.05327378304137042,
      "rev_growth_yoy_accel": -0.05198992387676361,
      "op_leverage_ratio": 1.0396700031068529,
      "fcf_margin_change": 0.042324961347537736
    },
    {
      "date": "2022-09-30T00:00:00",
      "quarter_label": "2022-09 (Q3)",
      "revenue": 391291000,
      "gross_profit": 94556000,
      "operating_income": 47396000,
      "net_income": 34295000,
      "opex": 47160000,
      "cogs": 296735000,
      "rd": null,
      "sga": 47160000,
      "fcf": 33515000,
      "ocf": 38017000,
      "capex": -4502000,
      "gross_margin": 0.2416513541073012,
      "op_margin": 0.12112724289595211,
      "fcf_margin": 0.08565236614182284,
      "incr_op_margin_yoy": 0.42930075667791046,
      "rev_growth_yoy": 0.059395754197204303,
      "rev_growth_yoy_accel": 0.006121971155833884,
      "op_leverage_ratio": Infinity,
      "fcf_margin_change": 0.081570054975966
    },
    {
      "date": "2022-12-31T00:00:00",
      "quarter_label": "2022-12 (Q4)",
      "revenue": 313861000,
      "gross_profit": 69023000,
      "operating_income": 21372000,
      "net_income": 3348000,
      "opex": 47651000,
      "cogs": 244838000,
      "rd": null,
      "sga": 47651000,
      "fcf": 59696000,
      "ocf": 64130000,
      "capex": -4434000,
      "gross_margin": 0.21991582260937168,
      "op_margin": 0.06809383771797069,
      "fcf_margin": 0.19019884598596193,
      "incr_op_margin_yoy": -0.3198950845152516,
      "rev_growth_yoy": -0.06155796548950662,
      "rev_growth_yoy_accel": -0.12095371968671093,
      "fcf_margin_change": 0.10454647984413909
    },
    {
      "date": "2023-03-31T00:00:00",
      "quarter_label": "2023-03 (Q1)",
      "revenue": 293267000,
      "gross_profit": 76929000,
      "operating_income": 29370000,
      "net_income": 21099000,
      "opex": 47559000,
      "cogs": 216338000,
      "rd": null,
      "sga": 47559000,
      "fcf": 35855000,
      "ocf": 38045000,
      "capex": -2190000,
      "gross_margin": 0.2623172740199204,
      "op_margin": 0.10014764702472491,
      "fcf_margin": 0.12226060211343247,
      "incr_op_margin_yoy": -0.33234409301569234,
      "rev_growth_yoy": -0.07738505340317431,
      "rev_growth_yoy_accel": -0.015827087913667687,
      "fcf_margin_change": -0.06793824387252946
    },
    {
      "date": "2023-06-30T00:00:00",
      "quarter_label": "2023-06 (Q2)",
      "revenue": 364914000,
      "gross_profit": 96739000,
      "operating_income": 43077000,
      "net_income": 30723000,
      "opex": 53662000,
      "cogs": 268175000,
      "rd": null,
      "sga": 53662000,
      "fcf": 72955000,
      "ocf": 76049000,
      "capex": -3094000,
      "gross_margin": 0.2651008182749908,
      "op_margin": 0.1180469918939805,
      "fcf_margin": 0.1999238176666283,
      "incr_op_margin_yoy": -1.4437346437346437,
      "rev_growth_yoy": -0.005545729788063191,
      "rev_growth_yoy_accel": 0.07183932361511111,
      "op_leverage_ratio": 1.9038124308249667,
      "fcf_margin_change": 0.07766321555319584
    },
    {
      "date": "2023-09-30T00:00:00",
      "quarter_label": "2023-09 (Q3)",
      "revenue": 390744000,
      "gross_profit": 105384000,
      "operating_income": 53190000,
      "net_income": 39277000,
      "opex": 52194000,
      "cogs": 285360000,
      "rd": null,
      "sga": 52194000,
      "fcf": 89870000,
      "ocf": 92562000,
      "capex": -2692000,
      "gross_margin": 0.26970087832442724,
      "op_margin": 0.1361249309010503,
      "fcf_margin": 0.2299971336731978,
      "rev_growth_yoy": -0.001397936574058693,
      "rev_growth_yoy_accel": 0.0041477932140044985,
      "op_leverage_ratio": Infinity,
      "fcf_margin_change": 0.030073316006569484
    },
    {
      "date": "2023-12-31T00:00:00",
      "quarter_label": "2023-12 (Q4)",
      "revenue": 328811000,
      "gross_profit": 82914000,
      "operating_income": 25092000,
      "net_income": 19434000,
      "opex": 57822000,
      "cogs": 245897000,
      "rd": null,
      "sga": 54025000,
      "fcf": 4799000,
      "ocf": 11820000,
      "capex": -7021000,
      "gross_margin": 0.2521630967333818,
      "op_margin": 0.07631131561900302,
      "fcf_margin": 0.014595010507556013,
      "incr_op_margin_yoy": 0.24882943143812708,
      "rev_growth_yoy": 0.04763255071512548,
      "rev_growth_yoy_accel": 0.049030487289184174,
      "fcf_margin_change": -0.21540212316564178
    },
    {
      "date": "2024-03-31T00:00:00",
      "quarter_label": "2024-03 (Q1)",
      "revenue": 292506000,
      "gross_profit": 84388000,
      "operating_income": 31736000,
      "net_income": 24946000,
      "opex": 52652000,
      "cogs": 208118000,
      "rd": null,
      "sga": 52652000,
      "fcf": 48815000,
      "ocf": 53181000,
      "capex": -4366000,
      "gross_margin": 0.2885000649559325,
      "op_margin": 0.10849691972130486,
      "fcf_margin": 0.1668854655972869,
      "rev_growth_yoy": -0.00259490498419529,
      "rev_growth_yoy_accel": -0.05022745569932077,
      "fcf_margin_change": 0.15229045508973088
    },
    {
      "date": "2024-06-30T00:00:00",
      "quarter_label": "2024-06 (Q2)",
      "revenue": 353005000,
      "gross_profit": 95873000,
      "operating_income": 42469000,
      "net_income": 32198000,
      "opex": 53404000,
      "cogs": 257132000,
      "rd": null,
      "sga": 53404000,
      "fcf": 33512000,
      "ocf": 36472000,
      "capex": -2960000,
      "gross_margin": 0.2715910539510772,
      "op_margin": 0.12030707780343054,
      "fcf_margin": 0.09493349952550247,
      "incr_op_margin_yoy": 0.05105382483835755,
      "rev_growth_yoy": -0.03263508662314957,
      "rev_growth_yoy_accel": -0.030040181638954278,
      "op_leverage_ratio": 14.481396653656569,
      "fcf_margin_change": -0.07195196607178443
    },
    {
      "date": "2024-09-30T00:00:00",
      "quarter_label": "2024-09 (Q3)",
      "revenue": 361196000,
      "gross_profit": 93526000,
      "operating_income": 43998000,
      "net_income": 34039000,
      "opex": 49528000,
      "cogs": 267670000,
      "rd": null,
      "sga": 49528000,
      "fcf": 60502000,
      "ocf": 64682000,
      "capex": -4180000,
      "gross_margin": 0.2589342074663064,
      "op_margin": 0.12181198019911627,
      "fcf_margin": 0.16750462352849976,
      "incr_op_margin_yoy": 0.3110870448084473,
      "rev_growth_yoy": -0.07561984317097639,
      "rev_growth_yoy_accel": -0.042984756547826825,
      "op_leverage_ratio": Infinity,
      "fcf_margin_change": 0.0725711240029973
    },
    {
      "date": "2024-12-31T00:00:00",
      "quarter_label": "2024-12 (Q4)",
      "revenue": 302057000,
      "gross_profit": 78041000,
      "operating_income": 24820000,
      "net_income": 46157000,
      "opex": 53221000,
      "cogs": 224016000,
      "rd": null,
      "sga": 41921000,
      "fcf": 10960000,
      "ocf": 19929000,
      "capex": -8969000,
      "gross_margin": 0.2583651430028107,
      "op_margin": 0.08216992157109419,
      "fcf_margin": 0.03628454232148237,
      "incr_op_margin_yoy": 0.010166704044255065,
      "rev_growth_yoy": -0.08136589104379112,
      "rev_growth_yoy_accel": -0.005746047872814727,
      "fcf_margin_change": -0.1312200812070174
    },
    {
      "date": "2025-03-31T00:00:00",
      "quarter_label": "2025-03 (Q1)",
      "revenue": 290015000,
      "gross_profit": 77700000,
      "operating_income": 25510000,
      "net_income": 21119000,
      "opex": 52190000,
      "cogs": 212315000,
      "rd": null,
      "sga": 52190000,
      "fcf": 2253000,
      "ocf": 13684000,
      "capex": -11431000,
      "gross_margin": 0.267917176697757,
      "op_margin": 0.08796096753616192,
      "fcf_margin": 0.007768563694981294,
      "incr_op_margin_yoy": 2.499397832195905,
      "rev_growth_yoy": -0.008516064627734132,
      "rev_growth_yoy_accel": 0.07284982641605699,
      "fcf_margin_change": -0.028515978626501078
    },
    {
      "date": "2025-06-30T00:00:00",
      "quarter_label": "2025-06 (Q2)",
      "revenue": 309517000,
      "gross_profit": 87835000,
      "operating_income": 39506000,
      "net_income": 26004000,
      "opex": 48329000,
      "cogs": 221682000,
      "rd": null,
      "sga": 48329000,
      "fcf": 27345000,
      "ocf": 44874000,
      "capex": -17529000,
      "gross_margin": 0.28378085856350377,
      "op_margin": 0.12763757725746888,
      "fcf_margin": 0.08834732825660627,
      "incr_op_margin_yoy": 0.06813373804267844,
      "rev_growth_yoy": -0.12319372246852027,
      "rev_growth_yoy_accel": -0.11467765784078614,
      "op_leverage_ratio": Infinity,
      "fcf_margin_change": 0.08057876456162497
    },
    {
      "date": "2025-09-30T00:00:00",
      "quarter_label": "2025-09 (Q3)",
      "revenue": 310939000,
      "gross_profit": 82746000,
      "operating_income": 39942000,
      "net_income": -89062000,
      "opex": 42804000,
      "cogs": 228193000,
      "rd": null,
      "sga": 42804000,
      "fcf": 64774000,
      "ocf": 72990000,
      "capex": -8216000,
      "gross_margin": 0.26611650516660823,
      "op_margin": 0.1284560637295418,
      "fcf_margin": 0.20831738701160035,
      "incr_op_margin_yoy": 0.08070517539845196,
      "rev_growth_yoy": -0.1391405220434335,
      "rev_growth_yoy_accel": -0.015946799574913226,
      "fcf_margin_change": 0.11997005875499409
    }
  ],
  "signals": [
    {
      "quarter": "2025-09 (Q3)",
      "signal": "FCF MARGIN EXPANSION",
      "detail": "FCF margin: +8.8% -> +20.8% (+12.0%)",
      "severity": "MEDIUM"
    },
    {
      "quarter": "2025-06 (Q2)",
      "signal": "FCF MARGIN EXPANSION",
      "detail": "FCF margin: +0.8% -> +8.8% (+8.1%)",
      "severity": "MEDIUM"
    },
    {
      "quarter": "2025-06 (Q2)",
      "signal": "YoY REVENUE GROWTH DECELERATION",
      "detail": "YoY growth: -12.3% vs prior quarter YoY: -0.9% (decel: -11.5%)",
      "severity": "WARNING"
    },
    {
      "quarter": "2025-03 (Q1)",
      "signal": "YoY REVENUE GROWTH ACCELERATION",
      "detail": "YoY growth: -0.9% vs prior quarter YoY: -8.1% (accel: +7.3%)",
      "severity": "MEDIUM"
    },
    {
      "quarter": "2025-03 (Q1)",
      "signal": "INCREMENTAL MARGIN (YoY)",
      "detail": "YoY Incr OPM: +249.9% vs year-ago OPM: +10.8%",
      "severity": "HIGH"
    },
    {
      "quarter": "2024-09 (Q3)",
      "signal": "FCF MARGIN EXPANSION",
      "detail": "FCF margin: +9.5% -> +16.8% (+7.3%)",
      "severity": "MEDIUM"
    },
    {
      "quarter": "2024-09 (Q3)",
      "signal": "INCREMENTAL MARGIN (YoY)",
      "detail": "YoY Incr OPM: +31.1% vs year-ago OPM: +13.6%",
      "severity": "MEDIUM"
    },
    {
      "quarter": "2024-06 (Q2)",
      "signal": "OPERATING LEVERAGE",
      "detail": "Rev growth +20.7% vs OpEx growth +1.4% (leverage: 14.5x)",
      "severity": "MEDIUM"
    },
    {
      "quarter": "2024-03 (Q1)",
      "signal": "FCF MARGIN EXPANSION",
      "detail": "FCF margin: +1.5% -> +16.7% (+15.2%)",
      "severity": "MEDIUM"
    },
    {
      "quarter": "2024-03 (Q1)",
      "signal": "GROSS MARGIN INFLECTION",
      "detail": "GM: +27.0% -> +25.2% -> +28.9% (reversal +3.6%)",
      "severity": "MEDIUM"
    },
    {
      "quarter": "2024-03 (Q1)",
      "signal": "YoY REVENUE GROWTH DECELERATION",
      "detail": "YoY growth: -0.3% vs prior quarter YoY: +4.8% (decel: -5.0%)",
      "severity": "WARNING"
    },
    {
      "quarter": "2023-12 (Q4)",
      "signal": "INCREMENTAL MARGIN (YoY)",
      "detail": "YoY Incr OPM: +24.9% vs year-ago OPM: +6.8%",
      "severity": "MEDIUM"
    },
    {
      "quarter": "2023-06 (Q2)",
      "signal": "FCF MARGIN EXPANSION",
      "detail": "FCF margin: +12.2% -> +20.0% (+7.8%)",
      "severity": "MEDIUM"
    },
    {
      "quarter": "2023-06 (Q2)",
      "signal": "OPERATING LEVERAGE",
      "detail": "Rev growth +24.4% vs OpEx growth +12.8% (leverage: 1.9x)",
      "severity": "MEDIUM"
    },
    {
      "quarter": "2023-06 (Q2)",
      "signal": "YoY REVENUE GROWTH ACCELERATION",
      "detail": "YoY growth: -0.6% vs prior quarter YoY: -7.7% (accel: +7.2%)",
      "severity": "MEDIUM"
    },
    {
      "quarter": "2023-03 (Q1)",
      "signal": "GROSS MARGIN INFLECTION",
      "detail": "GM: +24.2% -> +22.0% -> +26.2% (reversal +4.2%)",
      "severity": "MEDIUM"
    },
    {
      "quarter": "2022-12 (Q4)",
      "signal": "FCF MARGIN EXPANSION",
      "detail": "FCF margin: +8.6% -> +19.0% (+10.5%)",
      "severity": "MEDIUM"
    },
    {
      "quarter": "2022-12 (Q4)",
      "signal": "YoY REVENUE GROWTH DECELERATION",
      "detail": "YoY growth: -6.2% vs prior quarter YoY: +5.9% (decel: -12.1%)",
      "severity": "WARNING"
    },
    {
      "quarter": "2022-09 (Q3)",
      "signal": "FCF MARGIN EXPANSION",
      "detail": "FCF margin: +0.4% -> +8.6% (+8.2%)",
      "severity": "MEDIUM"
    },
    {
      "quarter": "2022-09 (Q3)",
      "signal": "INCREMENTAL MARGIN (YoY)",
      "detail": "YoY Incr OPM: +42.9% vs year-ago OPM: +10.3%",
      "severity": "HIGH"
    },
    {
      "quarter": "2022-06 (Q2)",
      "signal": "FCF TURNED POSITIVE",
      "detail": "FCF margin: -3.8% -> +0.4%",
      "severity": "HIGH"
    },
    {
      "quarter": "2022-06 (Q2)",
      "signal": "YoY REVENUE GROWTH DECELERATION",
      "detail": "YoY growth: +5.3% vs prior quarter YoY: +10.5% (decel: -5.2%)",
      "severity": "WARNING"
    },
    {
      "quarter": "2022-06 (Q2)",
      "signal": "INCREMENTAL MARGIN (YoY)",
      "detail": "YoY Incr OPM: +47.0% vs year-ago OPM: +9.0%",
      "severity": "HIGH"
    },
    {
      "quarter": "2022-03 (Q1)",
      "signal": "YoY REVENUE GROWTH DECELERATION",
      "detail": "YoY growth: +10.5% vs prior quarter YoY: +26.1% (decel: -15.6%)",
      "severity": "WARNING"
    },
    {
      "quarter": "2022-03 (Q1)",
      "signal": "INCREMENTAL MARGIN (YoY)",
      "detail": "YoY Incr OPM: +27.7% vs year-ago OPM: +4.5%",
      "severity": "HIGH"
    },
    {
      "quarter": "2021-12 (Q4)",
      "signal": "FCF TURNED POSITIVE",
      "detail": "FCF margin: -8.4% -> +10.5%",
      "severity": "HIGH"
    },
    {
      "quarter": "2021-06 (Q2)",
      "signal": "FCF TURNED POSITIVE",
      "detail": "FCF margin: -2.6% -> +2.6%",
      "severity": "HIGH"
    },
    {
      "quarter": "2021-06 (Q2)",
      "signal": "OPERATING LEVERAGE",
      "detail": "Rev growth +21.1% vs OpEx growth +4.9% (leverage: 4.3x)",
      "severity": "MEDIUM"
    },
    {
      "quarter": "2021-06 (Q2)",
      "signal": "GROSS MARGIN INFLECTION",
      "detail": "GM: +23.5% -> +20.9% -> +23.2% (reversal +2.4%)",
      "severity": "MEDIUM"
    }
  ],
  "data_quality": {
    "n_quarters": 20,
    "coverage": {
      "revenue": [
        20,
        20
      ],
      "gross_profit": [
        20,
        20
      ],
      "op_income": [
        20,
        20
      ],
      "fcf": [
        20,
        20
      ]
    },
    "gaps": [],
    "warnings": []
  },
  "market_cap": null,
  "source": "SEC EDGAR",
  "last_updated": "2026-02-02T21:48:35.837498"
}