{
  "ticker": "ROG",
  "name": "ROGERS CORP",
  "quarters": [
    {
      "date": "2020-12-31T00:00:00",
      "quarter_label": "2020-12 (Q4)",
      "revenue": 210672000,
      "gross_profit": 80703000,
      "operating_income": 19973000,
      "net_income": 15205000,
      "opex": 60730000,
      "cogs": 129969000,
      "rd": 7135000,
      "sga": 50029000,
      "fcf": 39942000,
      "ocf": 51383000,
      "capex": -11441000,
      "gross_margin": 0.38307416267942584,
      "op_margin": 0.09480614414824941,
      "fcf_margin": 0.1895933014354067
    },
    {
      "date": "2021-03-31T00:00:00",
      "quarter_label": "2021-03 (Q1)",
      "revenue": 229265000,
      "gross_profit": 89499000,
      "operating_income": 37193000,
      "net_income": 31218000,
      "opex": 52306000,
      "cogs": 139766000,
      "rd": 7172000,
      "sga": 42413000,
      "fcf": 32919000,
      "ocf": 36521000,
      "capex": -3602000,
      "gross_margin": 0.3903735851525527,
      "op_margin": 0.16222711709157525,
      "fcf_margin": 0.14358493446448434,
      "op_leverage_ratio": Infinity,
      "fcf_margin_change": -0.046008366970922365
    },
    {
      "date": "2021-06-30T00:00:00",
      "quarter_label": "2021-06 (Q2)",
      "revenue": 234906000,
      "gross_profit": 89833000,
      "operating_income": 35745000,
      "net_income": 28655000,
      "opex": 54088000,
      "cogs": 145073000,
      "rd": 7492000,
      "sga": 44959000,
      "fcf": 11872000,
      "ocf": 29685000,
      "capex": -17813000,
      "gross_margin": 0.3824210535277941,
      "op_margin": 0.1521672498786749,
      "fcf_margin": 0.05053936468204303,
      "op_leverage_ratio": 0.7222077588843849,
      "fcf_margin_change": -0.0930455697824413
    },
    {
      "date": "2021-09-30T00:00:00",
      "quarter_label": "2021-09 (Q3)",
      "revenue": 238263000,
      "gross_profit": 91654000,
      "operating_income": 33799000,
      "net_income": 25129000,
      "opex": 57855000,
      "cogs": 146609000,
      "rd": 7531000,
      "sga": 47886000,
      "fcf": 17913000,
      "ocf": 39909000,
      "capex": -21996000,
      "gross_margin": 0.3846757574612928,
      "op_margin": 0.14185584836923903,
      "fcf_margin": 0.07518162702559776,
      "op_leverage_ratio": 0.20519299677464647,
      "fcf_margin_change": 0.02464226234355473
    },
    {
      "date": "2021-12-31T00:00:00",
      "quarter_label": "2021-12 (Q4)",
      "revenue": 230452000,
      "gross_profit": 78153000,
      "operating_income": 10445000,
      "net_income": 23131000,
      "opex": 67708000,
      "cogs": 152299000,
      "rd": 7709000,
      "sga": 57895000,
      "fcf": -9404000,
      "ocf": 18285000,
      "capex": -27689000,
      "gross_margin": 0.33912918959262667,
      "op_margin": 0.04532397202020377,
      "fcf_margin": -0.0408067623626612,
      "incr_op_margin_yoy": -0.48169868554095047,
      "rev_growth_yoy": 0.09389002810055441,
      "fcf_margin_change": -0.11598838938825896
    },
    {
      "date": "2022-03-31T00:00:00",
      "quarter_label": "2022-03 (Q1)",
      "revenue": 248266000,
      "gross_profit": 85394000,
      "operating_income": 19891000,
      "net_income": 16600000,
      "opex": 65503000,
      "cogs": 162872000,
      "rd": 8260000,
      "sga": 57705000,
      "fcf": -41972000,
      "ocf": -13723000,
      "capex": -28249000,
      "gross_margin": 0.34396171847937296,
      "op_margin": 0.08011971031071512,
      "fcf_margin": -0.16906060435178397,
      "incr_op_margin_yoy": -0.9105836534919215,
      "rev_growth_yoy": 0.08287789239526312,
      "rev_growth_yoy_accel": -0.01101213570529129,
      "op_leverage_ratio": Infinity,
      "fcf_margin_change": -0.12825384198912276
    },
    {
      "date": "2022-06-30T00:00:00",
      "quarter_label": "2022-06 (Q2)",
      "revenue": 251970000,
      "gross_profit": 86518000,
      "operating_income": 23396000,
      "net_income": 17883000,
      "opex": 63122000,
      "cogs": 165452000,
      "rd": 8050000,
      "sga": 56138000,
      "fcf": -22909000,
      "ocf": 2047000,
      "capex": -24956000,
      "gross_margin": 0.34336627376274953,
      "op_margin": 0.0928523236893281,
      "fcf_margin": -0.09091955391514862,
      "incr_op_margin_yoy": -0.7236872948898265,
      "rev_growth_yoy": 0.07264182268652142,
      "rev_growth_yoy_accel": -0.010236069708741705,
      "op_leverage_ratio": Infinity,
      "fcf_margin_change": 0.07814105043663534
    },
    {
      "date": "2022-09-30T00:00:00",
      "quarter_label": "2022-09 (Q3)",
      "revenue": 247231000,
      "gross_profit": 78064000,
      "operating_income": 18476000,
      "net_income": 14838000,
      "opex": 59588000,
      "cogs": 169167000,
      "rd": 9140000,
      "sga": 50653000,
      "fcf": -20285000,
      "ocf": 13510000,
      "capex": -33795000,
      "gross_margin": 0.3157532833665681,
      "op_margin": 0.07473172862626451,
      "fcf_margin": -0.08204877220089714,
      "incr_op_margin_yoy": -1.7086306868867083,
      "rev_growth_yoy": 0.03763907950458107,
      "rev_growth_yoy_accel": -0.03500274318194035,
      "fcf_margin_change": 0.008870781714251486
    },
    {
      "date": "2022-12-31T00:00:00",
      "quarter_label": "2022-12 (Q4)",
      "revenue": 223704000,
      "gross_profit": 71039000,
      "operating_income": 82669000,
      "net_income": 67308000,
      "opex": -11630000,
      "cogs": 152665000,
      "rd": 9757000,
      "sga": 54332000,
      "fcf": 97866000,
      "ocf": 127666000,
      "capex": -29800000,
      "gross_margin": 0.31755802310195613,
      "op_margin": 0.36954636483925185,
      "fcf_margin": 0.4374798841326038,
      "incr_op_margin_yoy": -10.703023117960877,
      "rev_growth_yoy": -0.02928158575321542,
      "rev_growth_yoy_accel": -0.0669206652577965,
      "fcf_margin_change": 0.519528656333501
    },
    {
      "date": "2023-03-31T00:00:00",
      "quarter_label": "2023-03 (Q1)",
      "revenue": 243847000,
      "gross_profit": 79701000,
      "operating_income": -252000,
      "net_income": -3505000,
      "opex": 79953000,
      "cogs": 164146000,
      "rd": 9586000,
      "sga": 60085000,
      "fcf": -14600000,
      "ocf": 1800000,
      "capex": -16400000,
      "gross_margin": 0.326848392639647,
      "op_margin": -0.0010334348997527137,
      "fcf_margin": -0.059873609271387386,
      "incr_op_margin_yoy": 4.558271102059289,
      "rev_growth_yoy": -0.017799457033987737,
      "rev_growth_yoy_accel": 0.011482128719227682,
      "op_leverage_ratio": Infinity,
      "fcf_margin_change": -0.4973534934039912
    },
    {
      "date": "2023-06-30T00:00:00",
      "quarter_label": "2023-06 (Q2)",
      "revenue": 230821000,
      "gross_profit": 79617000,
      "operating_income": 27894000,
      "net_income": 17864000,
      "opex": 51723000,
      "cogs": 151204000,
      "rd": 8098000,
      "sga": 46128000,
      "fcf": 4100000,
      "ocf": 15700000,
      "capex": -11600000,
      "gross_margin": 0.3449296207884031,
      "op_margin": 0.12084689001434011,
      "fcf_margin": 0.017762681905025973,
      "incr_op_margin_yoy": -0.21268145065960564,
      "rev_growth_yoy": -0.08393459538833987,
      "rev_growth_yoy_accel": -0.06613513835435214,
      "fcf_margin_change": 0.07763629117641335
    },
    {
      "date": "2023-09-30T00:00:00",
      "quarter_label": "2023-09 (Q3)",
      "revenue": 229148000,
      "gross_profit": 80360000,
      "operating_income": 27122000,
      "net_income": 19035000,
      "opex": 53238000,
      "cogs": 148788000,
      "rd": 7827000,
      "sga": 44336000,
      "fcf": 35500000,
      "ocf": 42000000,
      "capex": -6500000,
      "gross_margin": 0.35069038350760207,
      "op_margin": 0.118360186429731,
      "fcf_margin": 0.1549217099865589,
      "incr_op_margin_yoy": -0.4781286290991539,
      "rev_growth_yoy": -0.07314212214487666,
      "rev_growth_yoy_accel": 0.010792473243463219,
      "fcf_margin_change": 0.13715902808153294
    },
    {
      "date": "2023-12-31T00:00:00",
      "quarter_label": "2023-12 (Q4)",
      "revenue": 204584000,
      "gross_profit": 67422000,
      "operating_income": 30536000,
      "net_income": 23206000,
      "opex": 36886000,
      "cogs": 137162000,
      "rd": 10189000,
      "sga": 51751000,
      "fcf": 49400000,
      "ocf": 71900000,
      "capex": -22500000,
      "gross_margin": 0.329556563563133,
      "op_margin": 0.14925898408477692,
      "fcf_margin": 0.24146560825871036,
      "incr_op_margin_yoy": 2.726621338912134,
      "rev_growth_yoy": -0.08547008547008547,
      "rev_growth_yoy_accel": -0.012327963325208816,
      "fcf_margin_change": 0.08654389827215145
    },
    {
      "date": "2024-03-31T00:00:00",
      "quarter_label": "2024-03 (Q1)",
      "revenue": 213400000,
      "gross_profit": 68200000,
      "operating_income": 11700000,
      "net_income": 7800000,
      "opex": 56500000,
      "cogs": 145200000,
      "rd": 8900000,
      "sga": 47500000,
      "fcf": 18700000,
      "ocf": 28100000,
      "capex": -9400000,
      "gross_margin": 0.31958762886597936,
      "op_margin": 0.054826616682286784,
      "fcf_margin": 0.08762886597938144,
      "incr_op_margin_yoy": -0.39255099024534434,
      "rev_growth_yoy": -0.12486108092369395,
      "rev_growth_yoy_accel": -0.03939099545360848,
      "op_leverage_ratio": 0.08103923017646514,
      "fcf_margin_change": -0.15383674227932892
    },
    {
      "date": "2024-06-30T00:00:00",
      "quarter_label": "2024-06 (Q2)",
      "revenue": 214200000,
      "gross_profit": 73100000,
      "operating_income": 11300000,
      "net_income": 8100000,
      "opex": 61800000,
      "cogs": 141100000,
      "rd": 9500000,
      "sga": 50900000,
      "fcf": 8800000,
      "ocf": 22900000,
      "capex": -14100000,
      "gross_margin": 0.3412698412698413,
      "op_margin": 0.052754435107376284,
      "fcf_margin": 0.04108309990662932,
      "incr_op_margin_yoy": 0.9983755490042717,
      "rev_growth_yoy": -0.07200817949839919,
      "rev_growth_yoy_accel": 0.052852901425294765,
      "fcf_margin_change": -0.04654576607275212
    },
    {
      "date": "2024-09-30T00:00:00",
      "quarter_label": "2024-09 (Q3)",
      "revenue": 210300000,
      "gross_profit": 74100000,
      "operating_income": 14600000,
      "net_income": 10700000,
      "opex": 59500000,
      "cogs": 136200000,
      "rd": 8100000,
      "sga": 45100000,
      "fcf": 25200000,
      "ocf": 42400000,
      "capex": -17200000,
      "gross_margin": 0.35235378031383735,
      "op_margin": 0.06942463147883975,
      "fcf_margin": 0.11982881597717546,
      "incr_op_margin_yoy": 0.6643675721561969,
      "rev_growth_yoy": -0.08225251802328626,
      "rev_growth_yoy_accel": -0.01024433852488707,
      "fcf_margin_change": 0.07874571607054615
    },
    {
      "date": "2024-12-31T00:00:00",
      "quarter_label": "2024-12 (Q4)",
      "revenue": 192200000,
      "gross_profit": 61700000,
      "operating_income": -12700000,
      "net_income": -500000,
      "opex": 74400000,
      "cogs": 130500000,
      "rd": 8100000,
      "sga": 49900000,
      "fcf": 18300000,
      "ocf": 33700000,
      "capex": -15400000,
      "gross_margin": 0.3210197710718002,
      "op_margin": -0.06607700312174818,
      "fcf_margin": 0.09521331945889698,
      "incr_op_margin_yoy": 3.491279069767442,
      "rev_growth_yoy": -0.06053259296914715,
      "rev_growth_yoy_accel": 0.02171992505413911,
      "fcf_margin_change": -0.024615496518278476
    },
    {
      "date": "2025-03-31T00:00:00",
      "quarter_label": "2025-03 (Q1)",
      "revenue": 190500000,
      "gross_profit": 57000000,
      "operating_income": -300000,
      "net_income": -1400000,
      "opex": 57300000,
      "cogs": 133500000,
      "rd": 7100000,
      "sga": 44500000,
      "fcf": 2100000,
      "ocf": 11700000,
      "capex": -9600000,
      "gross_margin": 0.2992125984251969,
      "op_margin": -0.0015748031496062992,
      "fcf_margin": 0.011023622047244094,
      "incr_op_margin_yoy": 0.5240174672489083,
      "rev_growth_yoy": -0.10731021555763824,
      "rev_growth_yoy_accel": -0.046777622588491094,
      "fcf_margin_change": -0.08418969741165289
    },
    {
      "date": "2025-06-30T00:00:00",
      "quarter_label": "2025-06 (Q2)",
      "revenue": 202800000,
      "gross_profit": 64000000,
      "operating_income": -67500000,
      "net_income": -73600000,
      "opex": 131500000,
      "cogs": 138800000,
      "rd": 7000000,
      "sga": 48500000,
      "fcf": 5600000,
      "ocf": 13700000,
      "capex": -8100000,
      "gross_margin": 0.3155818540433925,
      "op_margin": -0.3328402366863905,
      "fcf_margin": 0.027613412228796843,
      "incr_op_margin_yoy": 6.912280701754386,
      "rev_growth_yoy": -0.05322128851540616,
      "rev_growth_yoy_accel": 0.05408892704223208,
      "op_leverage_ratio": 0.049860984358087314,
      "fcf_margin_change": 0.01658979018155275
    },
    {
      "date": "2025-09-30T00:00:00",
      "quarter_label": "2025-09 (Q3)",
      "revenue": 216000000,
      "gross_profit": 72300000,
      "operating_income": 15700000,
      "net_income": 8600000,
      "opex": 56600000,
      "cogs": 143700000,
      "rd": 7400000,
      "sga": 41600000,
      "fcf": 21200000,
      "ocf": 28900000,
      "capex": -7700000,
      "gross_margin": 0.3347222222222222,
      "op_margin": 0.07268518518518519,
      "fcf_margin": 0.09814814814814815,
      "incr_op_margin_yoy": 0.19298245614035087,
      "rev_growth_yoy": 0.02710413694721826,
      "rev_growth_yoy_accel": 0.08032542546262442,
      "op_leverage_ratio": Infinity,
      "fcf_margin_change": 0.0705347359193513
    }
  ],
  "signals": [
    {
      "quarter": "2025-09 (Q3)",
      "signal": "FCF MARGIN EXPANSION",
      "detail": "FCF margin: +2.8% -> +9.8% (+7.1%)",
      "severity": "MEDIUM"
    },
    {
      "quarter": "2025-09 (Q3)",
      "signal": "YoY REVENUE GROWTH ACCELERATION",
      "detail": "YoY growth: +2.7% vs prior quarter YoY: -5.3% (accel: +8.0%)",
      "severity": "MEDIUM"
    },
    {
      "quarter": "2025-09 (Q3)",
      "signal": "INCREMENTAL MARGIN (YoY)",
      "detail": "YoY Incr OPM: +19.3% vs year-ago OPM: +6.9%",
      "severity": "MEDIUM"
    },
    {
      "quarter": "2025-09 (Q3)",
      "signal": "OP MARGIN TURNED POSITIVE (QoQ)",
      "detail": "Op margin: -33.3% -> +7.3%",
      "severity": "HIGH"
    },
    {
      "quarter": "2025-06 (Q2)",
      "signal": "YoY REVENUE GROWTH ACCELERATION",
      "detail": "YoY growth: -5.3% vs prior quarter YoY: -10.7% (accel: +5.4%)",
      "severity": "MEDIUM"
    },
    {
      "quarter": "2024-09 (Q3)",
      "signal": "FCF MARGIN EXPANSION",
      "detail": "FCF margin: +4.1% -> +12.0% (+7.9%)",
      "severity": "MEDIUM"
    },
    {
      "quarter": "2024-09 (Q3)",
      "signal": "INCREMENTAL MARGIN (YoY)",
      "detail": "YoY Incr OPM: +66.4% vs year-ago OPM: +11.8%",
      "severity": "HIGH"
    },
    {
      "quarter": "2024-06 (Q2)",
      "signal": "GROSS MARGIN INFLECTION",
      "detail": "GM: +33.0% -> +32.0% -> +34.1% (reversal +2.2%)",
      "severity": "MEDIUM"
    },
    {
      "quarter": "2024-06 (Q2)",
      "signal": "YoY REVENUE GROWTH ACCELERATION",
      "detail": "YoY growth: -7.2% vs prior quarter YoY: -12.5% (accel: +5.3%)",
      "severity": "MEDIUM"
    },
    {
      "quarter": "2024-06 (Q2)",
      "signal": "INCREMENTAL MARGIN (YoY)",
      "detail": "YoY Incr OPM: +99.8% vs year-ago OPM: +12.1%",
      "severity": "HIGH"
    },
    {
      "quarter": "2024-03 (Q1)",
      "signal": "OP MARGIN TURNED POSITIVE (YoY)",
      "detail": "Op margin: -0.1% (year-ago) -> +5.5%",
      "severity": "HIGH"
    },
    {
      "quarter": "2023-12 (Q4)",
      "signal": "FCF MARGIN EXPANSION",
      "detail": "FCF margin: +15.5% -> +24.1% (+8.7%)",
      "severity": "MEDIUM"
    },
    {
      "quarter": "2023-12 (Q4)",
      "signal": "INCREMENTAL MARGIN (YoY)",
      "detail": "YoY Incr OPM: +272.7% vs year-ago OPM: +37.0%",
      "severity": "HIGH"
    },
    {
      "quarter": "2023-09 (Q3)",
      "signal": "FCF MARGIN EXPANSION",
      "detail": "FCF margin: +1.8% -> +15.5% (+13.7%)",
      "severity": "MEDIUM"
    },
    {
      "quarter": "2023-06 (Q2)",
      "signal": "FCF TURNED POSITIVE",
      "detail": "FCF margin: -6.0% -> +1.8%",
      "severity": "HIGH"
    },
    {
      "quarter": "2023-06 (Q2)",
      "signal": "YoY REVENUE GROWTH DECELERATION",
      "detail": "YoY growth: -8.4% vs prior quarter YoY: -1.8% (decel: -6.6%)",
      "severity": "WARNING"
    },
    {
      "quarter": "2023-06 (Q2)",
      "signal": "OP MARGIN TURNED POSITIVE (QoQ)",
      "detail": "Op margin: -0.1% -> +12.1%",
      "severity": "HIGH"
    },
    {
      "quarter": "2022-12 (Q4)",
      "signal": "FCF TURNED POSITIVE",
      "detail": "FCF margin: -8.2% -> +43.7%",
      "severity": "HIGH"
    },
    {
      "quarter": "2022-12 (Q4)",
      "signal": "YoY REVENUE GROWTH DECELERATION",
      "detail": "YoY growth: -2.9% vs prior quarter YoY: +3.8% (decel: -6.7%)",
      "severity": "WARNING"
    },
    {
      "quarter": "2022-06 (Q2)",
      "signal": "FCF MARGIN EXPANSION",
      "detail": "FCF margin: -16.9% -> -9.1% (+7.8%)",
      "severity": "MEDIUM"
    }
  ],
  "data_quality": {
    "n_quarters": 20,
    "coverage": {
      "revenue": [
        20,
        20
      ],
      "gross_profit": [
        20,
        20
      ],
      "op_income": [
        20,
        20
      ],
      "fcf": [
        20,
        20
      ]
    },
    "gaps": [],
    "warnings": []
  },
  "market_cap": null,
  "source": "SEC EDGAR",
  "last_updated": "2026-02-02T21:41:40.167023"
}