{
  "ticker": "ROKU",
  "name": "Roku, Inc.",
  "sector": "Communication Services",
  "industry": "Entertainment",
  "quarters": [
    {
      "date": "2021-03-31T00:00:00",
      "quarter_label": "2021-03 (Q1)",
      "revenue": 574183000,
      "gross_profit": 326771000,
      "operating_income": 75806000,
      "net_income": 76296000,
      "opex": 250965000,
      "cogs": 247412000,
      "rd": 101581000,
      "sga": null,
      "fcf": 92082000,
      "ocf": 95799000,
      "capex": -3717000,
      "gross_margin": 0.5691060167228915,
      "op_margin": 0.13202411078001264,
      "fcf_margin": 0.16037047422163317
    },
    {
      "date": "2021-06-30T00:00:00",
      "quarter_label": "2021-06 (Q2)",
      "revenue": 645119000,
      "gross_profit": 338266000,
      "operating_income": 69084000,
      "net_income": 73467000,
      "opex": 269182000,
      "cogs": 306853000,
      "rd": 113276000,
      "sga": null,
      "fcf": 38780000,
      "ocf": 48961000,
      "capex": -10181000,
      "gross_margin": 0.5243466709242791,
      "op_margin": 0.10708721956724264,
      "fcf_margin": 0.060112940403243435,
      "op_leverage_ratio": 1.701972996649506,
      "fcf_margin_change": -0.10025753381838973
    },
    {
      "date": "2021-09-30T00:00:00",
      "quarter_label": "2021-09 (Q3)",
      "revenue": 679953000,
      "gross_profit": 363919000,
      "operating_income": 68846000,
      "net_income": 68935000,
      "opex": 295073000,
      "cogs": 316034000,
      "rd": 120307000,
      "sga": null,
      "fcf": 94626000,
      "ocf": 108748000,
      "capex": -14122000,
      "gross_margin": 0.5352119925936057,
      "op_margin": 0.10125111588595094,
      "fcf_margin": 0.13916550114493206,
      "op_leverage_ratio": 0.5613848722942725,
      "fcf_margin_change": 0.07905256074168862
    },
    {
      "date": "2021-12-31T00:00:00",
      "quarter_label": "2021-12 (Q4)",
      "revenue": 865329000,
      "gross_profit": 379644000,
      "operating_income": 21364000,
      "net_income": 23687000,
      "opex": 358280000,
      "cogs": 485685000,
      "rd": 126438000,
      "sga": null,
      "fcf": -37448000,
      "ocf": -25427000,
      "capex": -12021000,
      "gross_margin": 0.43872792891489826,
      "op_margin": 0.024688875560624917,
      "fcf_margin": -0.043276025650359574,
      "op_leverage_ratio": 1.2727376948843991,
      "fcf_margin_change": -0.18244152679529163
    },
    {
      "date": "2022-03-31T00:00:00",
      "quarter_label": "2022-03 (Q1)",
      "revenue": 733699000,
      "gross_profit": 364807000,
      "operating_income": -23490000,
      "net_income": -26306000,
      "opex": 388297000,
      "cogs": 368892000,
      "rd": 163998000,
      "sga": null,
      "fcf": 87034000,
      "ocf": 101798000,
      "capex": -14764000,
      "gross_margin": 0.4972161608507031,
      "op_margin": -0.032015853912844366,
      "fcf_margin": 0.11862357724352902,
      "incr_op_margin_yoy": -0.6224830111086035,
      "rev_growth_yoy": 0.27781386770419886,
      "fcf_margin_change": 0.1618996028938886
    },
    {
      "date": "2022-06-30T00:00:00",
      "quarter_label": "2022-06 (Q2)",
      "revenue": 764406000,
      "gross_profit": 355149000,
      "operating_income": -110513000,
      "net_income": -112321000,
      "opex": 465662000,
      "cogs": 409257000,
      "rd": 196637000,
      "sga": null,
      "fcf": -149190000,
      "ocf": -111745000,
      "capex": -37445000,
      "gross_margin": 0.46460781312548566,
      "op_margin": -0.14457369513059815,
      "fcf_margin": -0.1951711525027276,
      "incr_op_margin_yoy": -1.5055873649266056,
      "rev_growth_yoy": 0.18490697065192624,
      "rev_growth_yoy_accel": -0.09290689705227262,
      "op_leverage_ratio": 0.21005787471523624,
      "fcf_margin_change": -0.3137947297462566
    },
    {
      "date": "2022-09-30T00:00:00",
      "quarter_label": "2022-09 (Q3)",
      "revenue": 761373000,
      "gross_profit": 356787000,
      "operating_income": -146989000,
      "net_income": -122183000,
      "opex": 503776000,
      "cogs": 404586000,
      "rd": 207608000,
      "sga": null,
      "fcf": -29720000,
      "ocf": 14389000,
      "capex": -44109000,
      "gross_margin": 0.4686099979904725,
      "op_margin": -0.19305780478162476,
      "fcf_margin": -0.03903474381150895,
      "incr_op_margin_yoy": -2.650884303610906,
      "rev_growth_yoy": 0.11974357051149123,
      "rev_growth_yoy_accel": -0.06516340014043501,
      "fcf_margin_change": 0.15613640869121864
    },
    {
      "date": "2022-12-31T00:00:00",
      "quarter_label": "2022-12 (Q4)",
      "revenue": 867056000,
      "gross_profit": 364379000,
      "operating_income": -249896000,
      "net_income": -237195000,
      "opex": 614275000,
      "cogs": 502677000,
      "rd": 220670000,
      "sga": null,
      "fcf": -58025000,
      "ocf": 7353000,
      "capex": -65378000,
      "gross_margin": 0.4202485191267923,
      "op_margin": -0.2882120647339964,
      "fcf_margin": -0.06692185971840342,
      "incr_op_margin_yoy": -157.0700636942675,
      "rev_growth_yoy": 0.00199577270610369,
      "rev_growth_yoy_accel": -0.11774779780538754,
      "op_leverage_ratio": 0.6328296038911081,
      "fcf_margin_change": -0.027887115906894473
    },
    {
      "date": "2023-03-31T00:00:00",
      "quarter_label": "2023-03 (Q1)",
      "revenue": 740990000,
      "gross_profit": 337597000,
      "operating_income": -212460000,
      "net_income": -193604000,
      "opex": 550057000,
      "cogs": 403393000,
      "rd": 220085000,
      "sga": null,
      "fcf": -207655000,
      "ocf": -153412000,
      "capex": -54243000,
      "gross_margin": 0.455602639711737,
      "op_margin": -0.2867245171999622,
      "fcf_margin": -0.280239949257075,
      "incr_op_margin_yoy": -25.918255383349337,
      "rev_growth_yoy": 0.009937317619350714,
      "rev_growth_yoy_accel": 0.007941544913247025,
      "fcf_margin_change": -0.2133180895386716
    },
    {
      "date": "2023-06-30T00:00:00",
      "quarter_label": "2023-06 (Q2)",
      "revenue": 847186000,
      "gross_profit": 378271000,
      "operating_income": -125960000,
      "net_income": -107595000,
      "opex": 504231000,
      "cogs": 468915000,
      "rd": 192387000,
      "sga": null,
      "fcf": 128980000,
      "ocf": 147053000,
      "capex": -18073000,
      "gross_margin": 0.44650289310729874,
      "op_margin": -0.14868045505945565,
      "fcf_margin": 0.1522451976307446,
      "incr_op_margin_yoy": -0.18660304421357815,
      "rev_growth_yoy": 0.10829323684010853,
      "rev_growth_yoy_accel": 0.09835591922075781,
      "op_leverage_ratio": null,
      "fcf_margin_change": 0.4324851468878196
    },
    {
      "date": "2023-09-30T00:00:00",
      "quarter_label": "2023-09 (Q3)",
      "revenue": 912018000,
      "gross_profit": 368823000,
      "operating_income": -349789000,
      "net_income": -330071000,
      "opex": 718612000,
      "cogs": 543195000,
      "rd": 282201000,
      "sga": null,
      "fcf": 239105000,
      "ocf": 245888000,
      "capex": -6783000,
      "gross_margin": 0.40440320256837037,
      "op_margin": -0.38353300044516664,
      "fcf_margin": 0.2621713606529696,
      "incr_op_margin_yoy": -1.3462112914467788,
      "rev_growth_yoy": 0.1978596561737808,
      "rev_growth_yoy_accel": 0.08956641933367226,
      "op_leverage_ratio": 0.17999228862794286,
      "fcf_margin_change": 0.10992616302222499
    },
    {
      "date": "2023-12-31T00:00:00",
      "quarter_label": "2023-12 (Q4)",
      "revenue": 984425000,
      "gross_profit": 437924000,
      "operating_income": -104168000,
      "net_income": -78291000,
      "opex": 542092000,
      "cogs": 546501000,
      "rd": 183801000,
      "sga": null,
      "fcf": 12807000,
      "ocf": 16327000,
      "capex": -3520000,
      "gross_margin": 0.44485257891662644,
      "op_margin": -0.10581608553216344,
      "fcf_margin": 0.013009624907941183,
      "incr_op_margin_yoy": 1.2416225749559082,
      "rev_growth_yoy": 0.13536495912605415,
      "rev_growth_yoy_accel": -0.062494697047726644,
      "op_leverage_ratio": null,
      "fcf_margin_change": -0.2491617357450284
    },
    {
      "date": "2024-03-31T00:00:00",
      "quarter_label": "2024-03 (Q1)",
      "revenue": 881469000,
      "gross_profit": 388291000,
      "operating_income": -72036000,
      "net_income": -50855000,
      "opex": 460327000,
      "cogs": 493178000,
      "rd": 180459000,
      "sga": null,
      "fcf": 46011000,
      "ocf": 46683000,
      "capex": -672000,
      "gross_margin": 0.44050443067198053,
      "op_margin": -0.08172266977057617,
      "fcf_margin": 0.0521980920486143,
      "incr_op_margin_yoy": 0.999608482406623,
      "rev_growth_yoy": 0.18958285536916827,
      "rev_growth_yoy_accel": 0.05421789624311413,
      "fcf_margin_change": 0.03918846714067312
    },
    {
      "date": "2024-06-30T00:00:00",
      "quarter_label": "2024-06 (Q2)",
      "revenue": 968179000,
      "gross_profit": 424700000,
      "operating_income": -71243000,
      "net_income": -33953000,
      "opex": 495943000,
      "cogs": 543479000,
      "rd": 175481000,
      "sga": null,
      "fcf": 22531000,
      "ocf": 23406000,
      "capex": -875000,
      "gross_margin": 0.4386585538417999,
      "op_margin": -0.07358453343854804,
      "fcf_margin": 0.02327152313776688,
      "incr_op_margin_yoy": 0.45223277379683124,
      "rev_growth_yoy": 0.1428175158701867,
      "rev_growth_yoy_accel": -0.04676533949898157,
      "op_leverage_ratio": 1.27140363542717,
      "fcf_margin_change": -0.02892656891084742
    },
    {
      "date": "2024-09-30T00:00:00",
      "quarter_label": "2024-09 (Q3)",
      "revenue": 1062203000,
      "gross_profit": 480075000,
      "operating_income": -35763000,
      "net_income": -9030000,
      "opex": 515838000,
      "cogs": 582128000,
      "rd": 178798000,
      "sga": null,
      "fcf": 67608000,
      "ocf": 68664000,
      "capex": -1056000,
      "gross_margin": 0.45196163068641304,
      "op_margin": -0.03366870551109345,
      "fcf_margin": 0.06364885054928296,
      "incr_op_margin_yoy": 2.090927855644705,
      "rev_growth_yoy": 0.16467328495709516,
      "rev_growth_yoy_accel": 0.02185576908690845,
      "op_leverage_ratio": 2.420866752372327,
      "fcf_margin_change": 0.040377327411516076
    },
    {
      "date": "2024-12-31T00:00:00",
      "quarter_label": "2024-12 (Q4)",
      "revenue": 1201047000,
      "gross_profit": 512579000,
      "operating_income": -39125000,
      "net_income": -35548000,
      "opex": 551704000,
      "cogs": 688468000,
      "rd": 185407000,
      "sga": null,
      "fcf": 76834000,
      "ocf": 79292000,
      "capex": -2458000,
      "gross_margin": 0.42677680390525935,
      "op_margin": -0.03257574432973897,
      "fcf_margin": 0.06397251731197863,
      "incr_op_margin_yoy": 0.30026036136680484,
      "rev_growth_yoy": 0.22004926733880184,
      "rev_growth_yoy_accel": 0.055375982381706684,
      "op_leverage_ratio": 1.879965939859661,
      "fcf_margin_change": 0.00032366676269567074
    },
    {
      "date": "2025-03-31T00:00:00",
      "quarter_label": "2025-03 (Q1)",
      "revenue": 1020672000,
      "gross_profit": 445045000,
      "operating_income": -57730000,
      "net_income": -27431000,
      "opex": 502775000,
      "cogs": 575627000,
      "rd": 184579000,
      "sga": null,
      "fcf": 136801000,
      "ocf": 138732000,
      "capex": -1931000,
      "gross_margin": 0.43603135973162777,
      "op_margin": -0.05656077564584901,
      "fcf_margin": 0.1340303251191372,
      "incr_op_margin_yoy": 0.10277077361838466,
      "rev_growth_yoy": 0.15792160586475532,
      "rev_growth_yoy_accel": -0.062127661474046525,
      "fcf_margin_change": 0.07005780780715858
    },
    {
      "date": "2025-06-30T00:00:00",
      "quarter_label": "2025-06 (Q2)",
      "revenue": 1111038000,
      "gross_profit": 497658000,
      "operating_income": -23333000,
      "net_income": 10503000,
      "opex": 520991000,
      "cogs": 613380000,
      "rd": 178017000,
      "sga": null,
      "fcf": 108611000,
      "ocf": 109733000,
      "capex": -1122000,
      "gross_margin": 0.4479216732460996,
      "op_margin": -0.021001081871187124,
      "fcf_margin": 0.09775633236666972,
      "incr_op_margin_yoy": 0.3353656402466768,
      "rev_growth_yoy": 0.14755432621447068,
      "rev_growth_yoy_accel": -0.010367279650284639,
      "op_leverage_ratio": 2.443652882384775,
      "fcf_margin_change": -0.03627399275246748
    },
    {
      "date": "2025-09-30T00:00:00",
      "quarter_label": "2025-09 (Q3)",
      "revenue": 1210638000,
      "gross_profit": 524899000,
      "operating_income": 9466000,
      "net_income": 24812000,
      "opex": 515433000,
      "cogs": 685739000,
      "rd": 182235000,
      "sga": null,
      "fcf": 126467000,
      "ocf": 127603000,
      "capex": -1136000,
      "gross_margin": 0.4335722156416699,
      "op_margin": 0.007819017741058847,
      "fcf_margin": 0.10446310127387377,
      "incr_op_margin_yoy": 0.30470576346548994,
      "rev_growth_yoy": 0.13974259157618646,
      "rev_growth_yoy_accel": -0.007811734638284218,
      "op_leverage_ratio": null,
      "fcf_margin_change": 0.00670676890720405
    },
    {
      "date": "2025-12-31T00:00:00",
      "quarter_label": "2025-12 (Q4)",
      "revenue": 1394903000,
      "gross_profit": 606822000,
      "operating_income": 65973000,
      "net_income": 80477000,
      "opex": 540849000,
      "cogs": 788081000,
      "rd": 184646000,
      "sga": null,
      "fcf": 106559000,
      "ocf": 107650000,
      "capex": -1091000,
      "gross_margin": 0.4350280987280119,
      "op_margin": 0.047295761784152734,
      "fcf_margin": 0.07639169175204297,
      "incr_op_margin_yoy": 0.5421446847144272,
      "rev_growth_yoy": 0.16140584007120454,
      "rev_growth_yoy_accel": 0.021663248495018078,
      "op_leverage_ratio": 3.0866939333945584,
      "fcf_margin_change": -0.028071409521830806
    }
  ],
  "signals": [
    {
      "quarter": "2025-12 (Q4)",
      "signal": "OPERATING LEVERAGE",
      "detail": "Rev growth +15.2% vs OpEx growth +4.9% (leverage: 3.1x)",
      "severity": "MEDIUM"
    },
    {
      "quarter": "2025-12 (Q4)",
      "signal": "OP MARGIN TURNED POSITIVE (YoY)",
      "detail": "Op margin: -3.3% (year-ago) -> +4.7%",
      "severity": "HIGH"
    },
    {
      "quarter": "2025-09 (Q3)",
      "signal": "OP MARGIN TURNED POSITIVE (YoY)",
      "detail": "Op margin: -3.4% (year-ago) -> +0.8%",
      "severity": "HIGH"
    },
    {
      "quarter": "2025-09 (Q3)",
      "signal": "OP MARGIN TURNED POSITIVE (QoQ)",
      "detail": "Op margin: -2.1% -> +0.8%",
      "severity": "HIGH"
    },
    {
      "quarter": "2025-06 (Q2)",
      "signal": "OPERATING LEVERAGE",
      "detail": "Rev growth +8.9% vs OpEx growth +3.6% (leverage: 2.4x)",
      "severity": "MEDIUM"
    },
    {
      "quarter": "2025-03 (Q1)",
      "signal": "FCF MARGIN EXPANSION",
      "detail": "FCF margin: +6.4% -> +13.4% (+7.0%)",
      "severity": "MEDIUM"
    },
    {
      "quarter": "2025-03 (Q1)",
      "signal": "YoY REVENUE GROWTH DECELERATION",
      "detail": "YoY growth: +15.8% vs prior quarter YoY: +22.0% (decel: -6.2%)",
      "severity": "WARNING"
    },
    {
      "quarter": "2024-12 (Q4)",
      "signal": "OPERATING LEVERAGE",
      "detail": "Rev growth +13.1% vs OpEx growth +7.0% (leverage: 1.9x)",
      "severity": "MEDIUM"
    },
    {
      "quarter": "2024-12 (Q4)",
      "signal": "YoY REVENUE GROWTH ACCELERATION",
      "detail": "YoY growth: +22.0% vs prior quarter YoY: +16.5% (accel: +5.5%)",
      "severity": "MEDIUM"
    },
    {
      "quarter": "2024-09 (Q3)",
      "signal": "OPERATING LEVERAGE",
      "detail": "Rev growth +9.7% vs OpEx growth +4.0% (leverage: 2.4x)",
      "severity": "MEDIUM"
    },
    {
      "quarter": "2024-03 (Q1)",
      "signal": "YoY REVENUE GROWTH ACCELERATION",
      "detail": "YoY growth: +19.0% vs prior quarter YoY: +13.5% (accel: +5.4%)",
      "severity": "MEDIUM"
    },
    {
      "quarter": "2023-12 (Q4)",
      "signal": "GROSS MARGIN INFLECTION",
      "detail": "GM: +44.7% -> +40.4% -> +44.5% (reversal +4.0%)",
      "severity": "MEDIUM"
    },
    {
      "quarter": "2023-12 (Q4)",
      "signal": "YoY REVENUE GROWTH DECELERATION",
      "detail": "YoY growth: +13.5% vs prior quarter YoY: +19.8% (decel: -6.2%)",
      "severity": "WARNING"
    },
    {
      "quarter": "2023-09 (Q3)",
      "signal": "FCF MARGIN EXPANSION",
      "detail": "FCF margin: +15.2% -> +26.2% (+11.0%)",
      "severity": "MEDIUM"
    },
    {
      "quarter": "2023-09 (Q3)",
      "signal": "YoY REVENUE GROWTH ACCELERATION",
      "detail": "YoY growth: +19.8% vs prior quarter YoY: +10.8% (accel: +9.0%)",
      "severity": "MEDIUM"
    },
    {
      "quarter": "2023-06 (Q2)",
      "signal": "FCF TURNED POSITIVE",
      "detail": "FCF margin: -28.0% -> +15.2%",
      "severity": "HIGH"
    },
    {
      "quarter": "2023-06 (Q2)",
      "signal": "YoY REVENUE GROWTH ACCELERATION",
      "detail": "YoY growth: +10.8% vs prior quarter YoY: +1.0% (accel: +9.8%)",
      "severity": "MEDIUM"
    },
    {
      "quarter": "2023-03 (Q1)",
      "signal": "GROSS MARGIN INFLECTION",
      "detail": "GM: +46.9% -> +42.0% -> +45.6% (reversal +3.5%)",
      "severity": "MEDIUM"
    },
    {
      "quarter": "2022-12 (Q4)",
      "signal": "YoY REVENUE GROWTH DECELERATION",
      "detail": "YoY growth: +0.2% vs prior quarter YoY: +12.0% (decel: -11.8%)",
      "severity": "WARNING"
    },
    {
      "quarter": "2022-09 (Q3)",
      "signal": "FCF MARGIN EXPANSION",
      "detail": "FCF margin: -19.5% -> -3.9% (+15.6%)",
      "severity": "MEDIUM"
    },
    {
      "quarter": "2022-09 (Q3)",
      "signal": "YoY REVENUE GROWTH DECELERATION",
      "detail": "YoY growth: +12.0% vs prior quarter YoY: +18.5% (decel: -6.5%)",
      "severity": "WARNING"
    },
    {
      "quarter": "2022-06 (Q2)",
      "signal": "YoY REVENUE GROWTH DECELERATION",
      "detail": "YoY growth: +18.5% vs prior quarter YoY: +27.8% (decel: -9.3%)",
      "severity": "WARNING"
    },
    {
      "quarter": "2022-03 (Q1)",
      "signal": "FCF TURNED POSITIVE",
      "detail": "FCF margin: -4.3% -> +11.9%",
      "severity": "HIGH"
    },
    {
      "quarter": "2022-03 (Q1)",
      "signal": "GROSS MARGIN INFLECTION",
      "detail": "GM: +53.5% -> +43.9% -> +49.7% (reversal +5.8%)",
      "severity": "HIGH"
    },
    {
      "quarter": "2021-09 (Q3)",
      "signal": "FCF MARGIN EXPANSION",
      "detail": "FCF margin: +6.0% -> +13.9% (+7.9%)",
      "severity": "MEDIUM"
    },
    {
      "quarter": "2021-06 (Q2)",
      "signal": "OPERATING LEVERAGE",
      "detail": "Rev growth +12.4% vs OpEx growth +7.3% (leverage: 1.7x)",
      "severity": "MEDIUM"
    }
  ],
  "data_quality": {
    "n_quarters": 20,
    "coverage": {
      "revenue": [
        20,
        20
      ],
      "gross_profit": [
        20,
        20
      ],
      "op_income": [
        20,
        20
      ],
      "fcf": [
        20,
        20
      ]
    },
    "gaps": [],
    "warnings": []
  },
  "market_cap": null,
  "source": "SEC EDGAR",
  "last_updated": "2026-02-24T10:48:33.548094"
}