{
  "ticker": "RPAY",
  "name": "Repay Holdings Corporation",
  "quarters": [
    {
      "date": "2020-12-31T00:00:00",
      "quarter_label": "2020-12 (Q4)",
      "revenue": 41437000,
      "gross_profit": 29979879,
      "operating_income": -8832000,
      "net_income": -9208000,
      "opex": 50269316,
      "cogs": 11457121,
      "rd": null,
      "sga": 21536647,
      "fcf": 21593598,
      "ocf": 21775972,
      "capex": -182374,
      "gross_margin": 0.7235050558679441,
      "op_margin": -0.2131428433525593,
      "fcf_margin": 0.5211187585973888
    },
    {
      "date": "2021-03-31T00:00:00",
      "quarter_label": "2021-03 (Q1)",
      "revenue": 47520496,
      "gross_profit": 35045688,
      "operating_income": -8789459,
      "net_income": -15793901,
      "opex": 56309955,
      "cogs": 12474808,
      "rd": null,
      "sga": 23393367,
      "fcf": 4128949,
      "ocf": 4769416,
      "capex": -640467,
      "gross_margin": 0.7374857366808629,
      "op_margin": -0.18496143222074113,
      "fcf_margin": 0.08688775049822713,
      "op_leverage_ratio": 1.2217575041176165,
      "fcf_margin_change": -0.43423100809916165
    },
    {
      "date": "2021-06-30T00:00:00",
      "quarter_label": "2021-06 (Q2)",
      "revenue": 48411871,
      "gross_profit": 35691073,
      "operating_income": -12329954,
      "net_income": -12269097,
      "opex": 60741825,
      "cogs": 12720798,
      "rd": null,
      "sga": 29542047,
      "fcf": 11753068,
      "ocf": 12097875,
      "capex": -344807,
      "gross_margin": 0.7372380422975183,
      "op_margin": -0.25468864857547024,
      "fcf_margin": 0.24277243901604217,
      "op_leverage_ratio": 0.23832941775046718,
      "fcf_margin_change": 0.15588468851781506
    },
    {
      "date": "2021-09-30T00:00:00",
      "quarter_label": "2021-09 (Q3)",
      "revenue": 61125384,
      "gross_profit": 45837664,
      "operating_income": -12215930,
      "net_income": -6266036,
      "opex": 73341314,
      "cogs": 15287720,
      "rd": null,
      "sga": 33696220,
      "fcf": 13671953,
      "ocf": 14615129,
      "capex": -943176,
      "gross_margin": 0.7498957225364834,
      "op_margin": -0.19985036004027393,
      "fcf_margin": 0.22367062757429876,
      "op_leverage_ratio": 1.2660434438743247,
      "fcf_margin_change": -0.019101811441743416
    },
    {
      "date": "2021-12-31T00:00:00",
      "quarter_label": "2021-12 (Q4)",
      "revenue": 62200287,
      "gross_profit": 47199809,
      "operating_income": -20660651,
      "net_income": -15755139,
      "opex": 82860938,
      "cogs": 15000478,
      "rd": null,
      "sga": 33421261,
      "fcf": 20913030,
      "ocf": 21847580,
      "capex": -934550,
      "gross_margin": 0.7588358716094027,
      "op_margin": -0.33216327442347654,
      "fcf_margin": 0.33622079589439835,
      "incr_op_margin_yoy": -0.5696906756622879,
      "rev_growth_yoy": 0.5010808456210633,
      "op_leverage_ratio": 0.13548042985294068,
      "fcf_margin_change": 0.11255016832009959
    },
    {
      "date": "2022-03-31T00:00:00",
      "quarter_label": "2022-03 (Q1)",
      "revenue": 67564055,
      "gross_profit": 50999000,
      "operating_income": -6907939,
      "net_income": 13653544,
      "opex": 74471994,
      "cogs": 16564956,
      "rd": null,
      "sga": 32217893,
      "fcf": 13201000,
      "ocf": 13754000,
      "capex": -553000,
      "gross_margin": 0.7548244403033536,
      "op_margin": -0.10224281239484516,
      "fcf_margin": 0.19538495728238928,
      "incr_op_margin_yoy": 0.09387155245233643,
      "rev_growth_yoy": 0.42178766400081347,
      "rev_growth_yoy_accel": -0.07929318162024979,
      "op_leverage_ratio": Infinity,
      "fcf_margin_change": -0.14083583861200907
    },
    {
      "date": "2022-06-30T00:00:00",
      "quarter_label": "2022-06 (Q2)",
      "revenue": 67434781,
      "gross_profit": 50704000,
      "operating_income": -16567332,
      "net_income": 9412,
      "opex": 84002113,
      "cogs": 16731428,
      "rd": null,
      "sga": 39129912,
      "fcf": 12035000,
      "ocf": 13306000,
      "capex": -1271000,
      "gross_margin": 0.751896858684838,
      "op_margin": -0.24567933274670234,
      "fcf_margin": 0.1784687341091832,
      "incr_op_margin_yoy": -0.2227513035597603,
      "rev_growth_yoy": 0.39293895499308423,
      "rev_growth_yoy_accel": -0.028848709007729234,
      "fcf_margin_change": -0.01691622317320607
    },
    {
      "date": "2022-09-30T00:00:00",
      "quarter_label": "2022-09 (Q3)",
      "revenue": 71555099,
      "gross_profit": 54921000,
      "operating_income": -5432239,
      "net_income": 5845203,
      "opex": 76987338,
      "cogs": 16633889,
      "rd": null,
      "sga": 36031642,
      "fcf": 24533000,
      "ocf": 25332000,
      "capex": -799000,
      "gross_margin": 0.7675344003087746,
      "op_margin": -0.07591686792299736,
      "fcf_margin": 0.3428546720339245,
      "incr_op_margin_yoy": 0.6504195943992717,
      "rev_growth_yoy": 0.1706282123315577,
      "rev_growth_yoy_accel": -0.22231074266152653,
      "op_leverage_ratio": Infinity,
      "fcf_margin_change": 0.1643859379247413
    },
    {
      "date": "2022-12-31T00:00:00",
      "quarter_label": "2022-12 (Q4)",
      "revenue": 72673065,
      "gross_profit": 57777000,
      "operating_income": -18293490,
      "net_income": -6672159,
      "opex": 90966555,
      "cogs": 14895727,
      "rd": null,
      "sga": 41681553,
      "fcf": 21278000,
      "ocf": 21831000,
      "capex": -553000,
      "gross_margin": 0.7950263278423718,
      "op_margin": -0.25172311089397426,
      "fcf_margin": 0.2927907334030841,
      "incr_op_margin_yoy": 0.22602990343154414,
      "rev_growth_yoy": 0.16837185976328373,
      "rev_growth_yoy_accel": -0.0022563525682739727,
      "op_leverage_ratio": 0.08604476754058556,
      "fcf_margin_change": -0.05006393863084041
    },
    {
      "date": "2023-03-31T00:00:00",
      "quarter_label": "2023-03 (Q1)",
      "revenue": 74537000,
      "gross_profit": 56572000,
      "operating_income": -17964000,
      "net_income": -26392000,
      "opex": 92501000,
      "cogs": 17965000,
      "rd": null,
      "sga": 38518000,
      "fcf": 20303000,
      "ocf": 20831000,
      "capex": -528000,
      "gross_margin": 0.7589787622254719,
      "op_margin": -0.24100782161879336,
      "fcf_margin": 0.2723882098823403,
      "incr_op_margin_yoy": -1.5855654963577082,
      "rev_growth_yoy": 0.10320495121259374,
      "rev_growth_yoy_accel": -0.06516690855068999,
      "op_leverage_ratio": 1.5205044929627065,
      "fcf_margin_change": -0.020402523520743787
    },
    {
      "date": "2023-06-30T00:00:00",
      "quarter_label": "2023-06 (Q2)",
      "revenue": 71783000,
      "gross_profit": 54943000,
      "operating_income": -9866000,
      "net_income": -4643000,
      "opex": 81649000,
      "cogs": 16840000,
      "rd": null,
      "sga": 38177000,
      "fcf": 20367000,
      "ocf": 19953000,
      "capex": 414000,
      "gross_margin": 0.7654040650293245,
      "op_margin": -0.13744201273281975,
      "fcf_margin": 0.2837301310895337,
      "incr_op_margin_yoy": 1.541167084730553,
      "rev_growth_yoy": 0.06448036066136256,
      "rev_growth_yoy_accel": -0.038724590551231175,
      "fcf_margin_change": 0.011341921207193406
    },
    {
      "date": "2023-09-30T00:00:00",
      "quarter_label": "2023-09 (Q3)",
      "revenue": 74320000,
      "gross_profit": 56683000,
      "operating_income": -5119000,
      "net_income": -6168000,
      "opex": 79439000,
      "cogs": 17637000,
      "rd": null,
      "sga": 35279000,
      "fcf": 27019000,
      "ocf": 27967000,
      "capex": -948000,
      "gross_margin": 0.7626883745963402,
      "op_margin": -0.06887782561894511,
      "fcf_margin": 0.36354951560818083,
      "incr_op_margin_yoy": 0.11329121729855789,
      "rev_growth_yoy": 0.03864016734852117,
      "rev_growth_yoy_accel": -0.02584019331284139,
      "op_leverage_ratio": Infinity,
      "fcf_margin_change": 0.07981938451864712
    },
    {
      "date": "2023-12-31T00:00:00",
      "quarter_label": "2023-12 (Q4)",
      "revenue": 75987000,
      "gross_profit": 58726000,
      "operating_income": -78464000,
      "net_income": -73287000,
      "opex": 154451000,
      "cogs": 17261000,
      "rd": null,
      "sga": 36679000,
      "fcf": 35192000,
      "ocf": 34863000,
      "capex": 329000,
      "gross_margin": 0.7728427230973719,
      "op_margin": -1.0325976811823074,
      "fcf_margin": 0.4631318515009146,
      "incr_op_margin_yoy": -18.156816594169772,
      "rev_growth_yoy": 0.04560059493844108,
      "rev_growth_yoy_accel": 0.00696042758991991,
      "op_leverage_ratio": 0.023753790530938804,
      "fcf_margin_change": 0.0995823358927338
    },
    {
      "date": "2024-03-31T00:00:00",
      "quarter_label": "2024-03 (Q1)",
      "revenue": 80720000,
      "gross_profit": 61545000,
      "operating_income": -2504000,
      "net_income": -5212000,
      "opex": 83224000,
      "cogs": 19175000,
      "rd": null,
      "sga": 37021000,
      "fcf": 24714000,
      "ocf": 24801000,
      "capex": -87000,
      "gross_margin": 0.7624504459861249,
      "op_margin": -0.031020812685827553,
      "fcf_margin": 0.30616947472745293,
      "incr_op_margin_yoy": 2.50040433446547,
      "rev_growth_yoy": 0.08295209090787126,
      "rev_growth_yoy_accel": 0.037351495969430173,
      "op_leverage_ratio": Infinity,
      "fcf_margin_change": -0.1569623767734617
    },
    {
      "date": "2024-06-30T00:00:00",
      "quarter_label": "2024-06 (Q2)",
      "revenue": 74906000,
      "gross_profit": 58585000,
      "operating_income": -3421000,
      "net_income": -4071000,
      "opex": 78327000,
      "cogs": 16321000,
      "rd": null,
      "sga": 35235000,
      "fcf": 30495000,
      "ocf": 30979000,
      "capex": -484000,
      "gross_margin": 0.7821135823565536,
      "op_margin": -0.045670573785811554,
      "fcf_margin": 0.4071102448401997,
      "incr_op_margin_yoy": 2.0637207813000322,
      "rev_growth_yoy": 0.043506122619561736,
      "rev_growth_yoy_accel": -0.03944596828830952,
      "fcf_margin_change": 0.10094077011274677
    },
    {
      "date": "2024-09-30T00:00:00",
      "quarter_label": "2024-09 (Q3)",
      "revenue": 79145000,
      "gross_profit": 61561000,
      "operating_income": -675000,
      "net_income": 3243000,
      "opex": 79820000,
      "cogs": 17584000,
      "rd": null,
      "sga": 36707000,
      "fcf": 59847000,
      "ocf": 60058000,
      "capex": -211000,
      "gross_margin": 0.7778255101396172,
      "op_margin": -0.008528649946301092,
      "fcf_margin": 0.7561690567944911,
      "incr_op_margin_yoy": 0.9210362694300518,
      "rev_growth_yoy": 0.06492195909580194,
      "rev_growth_yoy_accel": 0.0214158364762402,
      "op_leverage_ratio": 2.968920001525824,
      "fcf_margin_change": 0.3490588119542914
    },
    {
      "date": "2024-12-31T00:00:00",
      "quarter_label": "2024-12 (Q4)",
      "revenue": 78271000,
      "gross_profit": 59715000,
      "operating_income": -1170000,
      "net_income": -4116000,
      "opex": 79441000,
      "cogs": 18556000,
      "rd": null,
      "sga": 36503000,
      "fcf": 34045000,
      "ocf": 34252000,
      "capex": -207000,
      "gross_margin": 0.7629262434362664,
      "op_margin": -0.014948065056023304,
      "fcf_margin": 0.43496314088231913,
      "incr_op_margin_yoy": 33.8415061295972,
      "rev_growth_yoy": 0.030057773040125284,
      "rev_growth_yoy_accel": -0.03486418605567665,
      "fcf_margin_change": -0.32120591591217196
    },
    {
      "date": "2025-03-31T00:00:00",
      "quarter_label": "2025-03 (Q1)",
      "revenue": 77325000,
      "gross_profit": 58661000,
      "operating_income": -3620000,
      "net_income": -7947000,
      "opex": 80945000,
      "cogs": 18664000,
      "rd": null,
      "sga": 36987000,
      "fcf": 2357000,
      "ocf": 2503000,
      "capex": -146000,
      "gross_margin": 0.7586291626252829,
      "op_margin": -0.046815389589395406,
      "fcf_margin": 0.030481732945360492,
      "incr_op_margin_yoy": 0.32871870397643593,
      "rev_growth_yoy": -0.0420589692765114,
      "rev_growth_yoy_accel": -0.07211674231663669,
      "fcf_margin_change": -0.40448140793695864
    },
    {
      "date": "2025-06-30T00:00:00",
      "quarter_label": "2025-06 (Q2)",
      "revenue": 75626000,
      "gross_profit": 57222000,
      "operating_income": -104904000,
      "net_income": -102251000,
      "opex": 180530000,
      "cogs": 18404000,
      "rd": null,
      "sga": 32864000,
      "fcf": 33134000,
      "ocf": 33065000,
      "capex": 69000,
      "gross_margin": 0.7566445402374845,
      "op_margin": -1.3871419882051146,
      "fcf_margin": 0.43812974373892577,
      "rev_growth_yoy": 0.009612047099030786,
      "rev_growth_yoy_accel": 0.05167101637554218,
      "fcf_margin_change": 0.4076480107935653
    },
    {
      "date": "2025-09-30T00:00:00",
      "quarter_label": "2025-09 (Q3)",
      "revenue": 77725000,
      "gross_profit": 57790000,
      "operating_income": -3009000,
      "net_income": -6414000,
      "opex": 80734000,
      "cogs": 19935000,
      "rd": null,
      "sga": 35159000,
      "fcf": 32105000,
      "ocf": 32227000,
      "capex": -122000,
      "gross_margin": 0.7435188163396591,
      "op_margin": -0.038713412672885174,
      "fcf_margin": 0.4130588613702155,
      "incr_op_margin_yoy": 1.643661971830986,
      "rev_growth_yoy": -0.017941752479626004,
      "rev_growth_yoy_accel": -0.02755379957865679,
      "op_leverage_ratio": Infinity,
      "fcf_margin_change": -0.025070882368710246
    }
  ],
  "signals": [
    {
      "quarter": "2025-06 (Q2)",
      "signal": "FCF MARGIN EXPANSION",
      "detail": "FCF margin: +3.0% -> +43.8% (+40.8%)",
      "severity": "MEDIUM"
    },
    {
      "quarter": "2025-06 (Q2)",
      "signal": "YoY REVENUE GROWTH ACCELERATION",
      "detail": "YoY growth: +1.0% vs prior quarter YoY: -4.2% (accel: +5.2%)",
      "severity": "MEDIUM"
    },
    {
      "quarter": "2025-03 (Q1)",
      "signal": "YoY REVENUE GROWTH DECELERATION",
      "detail": "YoY growth: -4.2% vs prior quarter YoY: +3.0% (decel: -7.2%)",
      "severity": "WARNING"
    },
    {
      "quarter": "2024-09 (Q3)",
      "signal": "FCF MARGIN EXPANSION",
      "detail": "FCF margin: +40.7% -> +75.6% (+34.9%)",
      "severity": "MEDIUM"
    },
    {
      "quarter": "2024-09 (Q3)",
      "signal": "OPERATING LEVERAGE",
      "detail": "Rev growth +5.7% vs OpEx growth +1.9% (leverage: 3.0x)",
      "severity": "MEDIUM"
    },
    {
      "quarter": "2024-06 (Q2)",
      "signal": "FCF MARGIN EXPANSION",
      "detail": "FCF margin: +30.6% -> +40.7% (+10.1%)",
      "severity": "MEDIUM"
    },
    {
      "quarter": "2023-12 (Q4)",
      "signal": "FCF MARGIN EXPANSION",
      "detail": "FCF margin: +36.4% -> +46.3% (+10.0%)",
      "severity": "MEDIUM"
    },
    {
      "quarter": "2023-09 (Q3)",
      "signal": "FCF MARGIN EXPANSION",
      "detail": "FCF margin: +28.4% -> +36.4% (+8.0%)",
      "severity": "MEDIUM"
    },
    {
      "quarter": "2023-03 (Q1)",
      "signal": "OPERATING LEVERAGE",
      "detail": "Rev growth +2.6% vs OpEx growth +1.7% (leverage: 1.5x)",
      "severity": "MEDIUM"
    },
    {
      "quarter": "2023-03 (Q1)",
      "signal": "YoY REVENUE GROWTH DECELERATION",
      "detail": "YoY growth: +10.3% vs prior quarter YoY: +16.8% (decel: -6.5%)",
      "severity": "WARNING"
    },
    {
      "quarter": "2022-09 (Q3)",
      "signal": "FCF MARGIN EXPANSION",
      "detail": "FCF margin: +17.8% -> +34.3% (+16.4%)",
      "severity": "MEDIUM"
    },
    {
      "quarter": "2022-09 (Q3)",
      "signal": "YoY REVENUE GROWTH DECELERATION",
      "detail": "YoY growth: +17.1% vs prior quarter YoY: +39.3% (decel: -22.2%)",
      "severity": "WARNING"
    },
    {
      "quarter": "2022-03 (Q1)",
      "signal": "YoY REVENUE GROWTH DECELERATION",
      "detail": "YoY growth: +42.2% vs prior quarter YoY: +50.1% (decel: -7.9%)",
      "severity": "WARNING"
    },
    {
      "quarter": "2021-12 (Q4)",
      "signal": "FCF MARGIN EXPANSION",
      "detail": "FCF margin: +22.4% -> +33.6% (+11.3%)",
      "severity": "MEDIUM"
    },
    {
      "quarter": "2021-06 (Q2)",
      "signal": "FCF MARGIN EXPANSION",
      "detail": "FCF margin: +8.7% -> +24.3% (+15.6%)",
      "severity": "MEDIUM"
    }
  ],
  "data_quality": {
    "n_quarters": 20,
    "coverage": {
      "revenue": [
        20,
        20
      ],
      "gross_profit": [
        20,
        20
      ],
      "op_income": [
        20,
        20
      ],
      "fcf": [
        20,
        20
      ]
    },
    "gaps": [],
    "warnings": []
  },
  "market_cap": null,
  "source": "SEC EDGAR",
  "last_updated": "2026-02-02T22:43:52.966221"
}