{
  "ticker": "RPD",
  "name": "RAPID7, INC.",
  "quarters": [
    {
      "date": "2020-12-31T00:00:00",
      "quarter_label": "2020-12 (Q4)",
      "revenue": 113159000,
      "gross_profit": 79465000,
      "operating_income": -20631000,
      "net_income": -28918000,
      "opex": 100096000,
      "cogs": 33694000,
      "rd": 29737000,
      "sga": null,
      "fcf": -6095000,
      "ocf": 582000,
      "capex": -6677000,
      "gross_margin": 0.7022419781016093,
      "op_margin": -0.18231868432912982,
      "fcf_margin": -0.05386226460113645
    },
    {
      "date": "2021-03-31T00:00:00",
      "quarter_label": "2021-03 (Q1)",
      "revenue": 117451000,
      "gross_profit": 81162000,
      "operating_income": -23116000,
      "net_income": -29845000,
      "opex": 104278000,
      "cogs": 36289000,
      "rd": 33080000,
      "sga": null,
      "fcf": 19623000,
      "ocf": 20595000,
      "capex": -972000,
      "gross_margin": 0.691028599160501,
      "op_margin": -0.19681399051519358,
      "fcf_margin": 0.16707392870218218,
      "op_leverage_ratio": 0.9078274421694721,
      "fcf_margin_change": 0.22093619330331865
    },
    {
      "date": "2021-06-30T00:00:00",
      "quarter_label": "2021-06 (Q2)",
      "revenue": 126421000,
      "gross_profit": 87113000,
      "operating_income": -21926000,
      "net_income": -34164000,
      "opex": 109039000,
      "cogs": 39308000,
      "rd": 35305000,
      "sga": null,
      "fcf": 7487000,
      "ocf": 9186000,
      "capex": -1699000,
      "gross_margin": 0.6890706449086782,
      "op_margin": -0.17343637528575157,
      "fcf_margin": 0.059222755713054,
      "op_leverage_ratio": 1.672746908084642,
      "fcf_margin_change": -0.10785117298912819
    },
    {
      "date": "2021-09-30T00:00:00",
      "quarter_label": "2021-09 (Q3)",
      "revenue": 139894000,
      "gross_profit": 96424000,
      "operating_income": -34315000,
      "net_income": -37700000,
      "opex": 130739000,
      "cogs": 43470000,
      "rd": 43880000,
      "sga": null,
      "fcf": 17284000,
      "ocf": 19448000,
      "capex": -2164000,
      "gross_margin": 0.6892647290091068,
      "op_margin": -0.24529286459748095,
      "fcf_margin": 0.1235506883783436,
      "op_leverage_ratio": 0.5355095429990577,
      "fcf_margin_change": 0.0643279326652896
    },
    {
      "date": "2021-12-31T00:00:00",
      "quarter_label": "2021-12 (Q4)",
      "revenue": 151638000,
      "gross_profit": 101758000,
      "operating_income": -40707000,
      "net_income": -44625000,
      "opex": 142465000,
      "cogs": 49880000,
      "rd": 48514000,
      "sga": null,
      "fcf": 513000,
      "ocf": 4688000,
      "capex": -4175000,
      "gross_margin": 0.6710587056014983,
      "op_margin": -0.26844854192220946,
      "fcf_margin": 0.003383057017370316,
      "incr_op_margin_yoy": -0.5217391304347826,
      "rev_growth_yoy": 0.34004365538755205,
      "op_leverage_ratio": 0.9359921865355421,
      "fcf_margin_change": -0.12016763136097328
    },
    {
      "date": "2022-03-31T00:00:00",
      "quarter_label": "2022-03 (Q1)",
      "revenue": 157384000,
      "gross_profit": 106095000,
      "operating_income": -40379000,
      "net_income": -44999000,
      "opex": 146474000,
      "cogs": 51289000,
      "rd": 49812000,
      "sga": null,
      "fcf": 7350000,
      "ocf": 10403000,
      "capex": -3053000,
      "gross_margin": 0.6741155390636914,
      "op_margin": -0.25656356427591115,
      "fcf_margin": 0.04670106236974533,
      "incr_op_margin_yoy": -0.43229910099416524,
      "rev_growth_yoy": 0.3399971051757754,
      "rev_growth_yoy_accel": -4.6550211776630324e-05,
      "op_leverage_ratio": 1.3465723732280432,
      "fcf_margin_change": 0.04331800535237502
    },
    {
      "date": "2022-06-30T00:00:00",
      "quarter_label": "2022-06 (Q2)",
      "revenue": 167455000,
      "gross_profit": 113180000,
      "operating_income": -34651000,
      "net_income": -39606000,
      "opex": 147831000,
      "cogs": 54275000,
      "rd": 48907000,
      "sga": null,
      "fcf": 3278000,
      "ocf": 7449000,
      "capex": -4171000,
      "gross_margin": 0.6758830730644053,
      "op_margin": -0.20692723418231765,
      "fcf_margin": 0.019575408318652773,
      "incr_op_margin_yoy": -0.3101086903543403,
      "rev_growth_yoy": 0.32458215011746466,
      "rev_growth_yoy_accel": -0.015414955058310753,
      "op_leverage_ratio": 6.907051768410565,
      "fcf_margin_change": -0.02712565405109256
    },
    {
      "date": "2022-09-30T00:00:00",
      "quarter_label": "2022-09 (Q3)",
      "revenue": 175765000,
      "gross_profit": 121915000,
      "operating_income": -23236000,
      "net_income": -28727000,
      "opex": 145151000,
      "cogs": 53850000,
      "rd": 48622000,
      "sga": null,
      "fcf": 14247000,
      "ocf": 20110000,
      "capex": -5863000,
      "gross_margin": 0.6936250106676528,
      "op_margin": -0.1321992433078258,
      "fcf_margin": 0.08105709327795636,
      "incr_op_margin_yoy": 0.3088567366396253,
      "rev_growth_yoy": 0.25641557179006963,
      "rev_growth_yoy_accel": -0.06816657832739503,
      "op_leverage_ratio": Infinity,
      "fcf_margin_change": 0.06148168495930359
    },
    {
      "date": "2022-12-31T00:00:00",
      "quarter_label": "2022-12 (Q4)",
      "revenue": 184479000,
      "gross_profit": 129544000,
      "operating_income": -13348000,
      "net_income": -11385000,
      "opex": 142892000,
      "cogs": 54935000,
      "rd": 42629000,
      "sga": null,
      "fcf": 32947000,
      "ocf": 40242000,
      "capex": -7295000,
      "gross_margin": 0.7022154283143339,
      "op_margin": -0.07235511901083592,
      "fcf_margin": 0.1785948536147746,
      "incr_op_margin_yoy": 0.8330745105203861,
      "rev_growth_yoy": 0.21657500098919796,
      "rev_growth_yoy_accel": -0.039840570800871666,
      "op_leverage_ratio": Infinity,
      "fcf_margin_change": 0.09753776033681823
    },
    {
      "date": "2023-03-31T00:00:00",
      "quarter_label": "2023-03 (Q1)",
      "revenue": 183174000,
      "gross_profit": 127175000,
      "operating_income": -23965000,
      "net_income": -25915000,
      "opex": 151140000,
      "cogs": 55999000,
      "rd": 46346000,
      "sga": null,
      "fcf": 3557000,
      "ocf": 5842000,
      "capex": -2285000,
      "gross_margin": 0.6942852151506218,
      "op_margin": -0.13083188662146375,
      "fcf_margin": 0.01941869479292913,
      "incr_op_margin_yoy": 0.6364482357502909,
      "rev_growth_yoy": 0.16386672088649418,
      "rev_growth_yoy_accel": -0.052708280102703786,
      "fcf_margin_change": -0.15917615882184546
    },
    {
      "date": "2023-06-30T00:00:00",
      "quarter_label": "2023-06 (Q2)",
      "revenue": 190422000,
      "gross_profit": 132258000,
      "operating_income": -51659000,
      "net_income": -66782000,
      "opex": 183917000,
      "cogs": 58164000,
      "rd": 50762000,
      "sga": null,
      "fcf": 29886000,
      "ocf": 31305000,
      "capex": -1419000,
      "gross_margin": 0.6945521000724706,
      "op_margin": -0.27128693113190705,
      "fcf_margin": 0.1569461511800107,
      "incr_op_margin_yoy": -0.7405407758958505,
      "rev_growth_yoy": 0.13715326505628378,
      "rev_growth_yoy_accel": -0.026713455830210397,
      "op_leverage_ratio": 0.18245869828367683,
      "fcf_margin_change": 0.13752745638708158
    },
    {
      "date": "2023-09-30T00:00:00",
      "quarter_label": "2023-09 (Q3)",
      "revenue": 198843000,
      "gross_profit": 141013000,
      "operating_income": -16041000,
      "net_income": -76611000,
      "opex": 157054000,
      "cogs": 57830000,
      "rd": 39940000,
      "sga": null,
      "fcf": 3370000,
      "ocf": 3665000,
      "capex": -295000,
      "gross_margin": 0.7091675341852618,
      "op_margin": -0.08067168570178483,
      "fcf_margin": 0.01694804443706844,
      "incr_op_margin_yoy": 0.3117687841234076,
      "rev_growth_yoy": 0.13130031576252382,
      "rev_growth_yoy_accel": -0.005852949293759957,
      "op_leverage_ratio": Infinity,
      "fcf_margin_change": -0.13999810674294227
    },
    {
      "date": "2023-12-31T00:00:00",
      "quarter_label": "2023-12 (Q4)",
      "revenue": 205268000,
      "gross_profit": 145520000,
      "operating_income": 10932000,
      "net_income": 19116000,
      "opex": 134588000,
      "cogs": 59748000,
      "rd": 40031000,
      "sga": null,
      "fcf": 63099000,
      "ocf": 63466000,
      "capex": -367000,
      "gross_margin": 0.7089268663405889,
      "op_margin": 0.05325720521464622,
      "fcf_margin": 0.3073981331722431,
      "incr_op_margin_yoy": 1.167925345134446,
      "rev_growth_yoy": 0.11269033331707132,
      "rev_growth_yoy_accel": -0.018609982445452505,
      "op_leverage_ratio": Infinity,
      "fcf_margin_change": 0.2904500887351747
    },
    {
      "date": "2024-03-31T00:00:00",
      "quarter_label": "2024-03 (Q1)",
      "revenue": 205101000,
      "gross_profit": 144198000,
      "operating_income": 10568000,
      "net_income": 2258000,
      "opex": 133630000,
      "cogs": 60903000,
      "rd": 40990000,
      "sga": null,
      "fcf": 30450000,
      "ocf": 31070000,
      "capex": -620000,
      "gross_margin": 0.7030584931326517,
      "op_margin": 0.051525833613683014,
      "fcf_margin": 0.14846343996372519,
      "incr_op_margin_yoy": 1.5749076481050759,
      "rev_growth_yoy": 0.11970585345081726,
      "rev_growth_yoy_accel": 0.007015520133745942,
      "fcf_margin_change": -0.15893469320851794
    },
    {
      "date": "2024-06-30T00:00:00",
      "quarter_label": "2024-06 (Q2)",
      "revenue": 207991000,
      "gross_profit": 147143000,
      "operating_income": 6880000,
      "net_income": 8195000,
      "opex": 140263000,
      "cogs": 60848000,
      "rd": 40056000,
      "sga": null,
      "fcf": 32578000,
      "ocf": 32858000,
      "capex": -280000,
      "gross_margin": 0.7074488799996154,
      "op_margin": 0.033078354351870995,
      "fcf_margin": 0.15663177733651937,
      "incr_op_margin_yoy": 3.3319483180602196,
      "rev_growth_yoy": 0.09226349896545567,
      "rev_growth_yoy_accel": -0.027442354485361586,
      "op_leverage_ratio": 0.2838729663817005,
      "fcf_margin_change": 0.008168337372794182
    },
    {
      "date": "2024-09-30T00:00:00",
      "quarter_label": "2024-09 (Q3)",
      "revenue": 214654000,
      "gross_profit": 151637000,
      "operating_income": 13961000,
      "net_income": 16554000,
      "opex": 137676000,
      "cogs": 63017000,
      "rd": 44565000,
      "sga": null,
      "fcf": 42627000,
      "ocf": 43969000,
      "capex": -1342000,
      "gross_margin": 0.7064252238486122,
      "op_margin": 0.06503955202325604,
      "fcf_margin": 0.1985846990971517,
      "incr_op_margin_yoy": 1.8975396875592943,
      "rev_growth_yoy": 0.07951499424168816,
      "rev_growth_yoy_accel": -0.012748504723767512,
      "op_leverage_ratio": Infinity,
      "fcf_margin_change": 0.04195292176063234
    },
    {
      "date": "2024-12-31T00:00:00",
      "quarter_label": "2024-12 (Q4)",
      "revenue": 216261000,
      "gross_profit": 149994000,
      "operating_income": 3626000,
      "net_income": -1481000,
      "opex": 146368000,
      "cogs": 66267000,
      "rd": 47515000,
      "sga": null,
      "fcf": 62590000,
      "ocf": 63773000,
      "capex": -1183000,
      "gross_margin": 0.6935785925340214,
      "op_margin": 0.016766777181276327,
      "fcf_margin": 0.28941880413019455,
      "incr_op_margin_yoy": -0.6646047484763031,
      "rev_growth_yoy": 0.05355437769160317,
      "rev_growth_yoy_accel": -0.02596061655008499,
      "fcf_margin_change": 0.09083410503304284
    },
    {
      "date": "2025-03-31T00:00:00",
      "quarter_label": "2025-03 (Q1)",
      "revenue": 210253000,
      "gross_profit": 150773000,
      "operating_income": -101000,
      "net_income": 2105000,
      "opex": 150874000,
      "cogs": 59480000,
      "rd": 47888000,
      "sga": null,
      "fcf": 28396000,
      "ocf": 29757000,
      "capex": -1361000,
      "gross_margin": 0.7171027286174275,
      "op_margin": -0.00048037364508473127,
      "fcf_margin": 0.1350563368893666,
      "incr_op_margin_yoy": -2.0708462732919255,
      "rev_growth_yoy": 0.025119331451333732,
      "rev_growth_yoy_accel": -0.02843504624026944,
      "fcf_margin_change": -0.15436246724082794
    },
    {
      "date": "2025-06-30T00:00:00",
      "quarter_label": "2025-06 (Q2)",
      "revenue": 214193000,
      "gross_profit": 151134000,
      "operating_income": 3494000,
      "net_income": 8338000,
      "opex": 147640000,
      "cogs": 63059000,
      "rd": 47227000,
      "sga": null,
      "fcf": 46594000,
      "ocf": 47542000,
      "capex": -948000,
      "gross_margin": 0.7055972884267927,
      "op_margin": 0.01631239116124243,
      "fcf_margin": 0.21753278585201197,
      "incr_op_margin_yoy": -0.545952918413415,
      "rev_growth_yoy": 0.029818597920102313,
      "rev_growth_yoy_accel": 0.00469926646876858,
      "op_leverage_ratio": Infinity,
      "fcf_margin_change": 0.08247644896264536
    },
    {
      "date": "2025-09-30T00:00:00",
      "quarter_label": "2025-09 (Q3)",
      "revenue": 217960000,
      "gross_profit": 152976000,
      "operating_income": 5903000,
      "net_income": 9809000,
      "opex": 147073000,
      "cogs": 64984000,
      "rd": 46914000,
      "sga": null,
      "fcf": 34814000,
      "ocf": 38951000,
      "capex": -4137000,
      "gross_margin": 0.7018535511102955,
      "op_margin": 0.02708295100018352,
      "fcf_margin": 0.15972655533125343,
      "incr_op_margin_yoy": -2.437386569872958,
      "rev_growth_yoy": 0.015401529903938432,
      "rev_growth_yoy_accel": -0.014417068016163881,
      "op_leverage_ratio": Infinity,
      "fcf_margin_change": -0.057806230520758534
    }
  ],
  "signals": [
    {
      "quarter": "2025-06 (Q2)",
      "signal": "FCF MARGIN EXPANSION",
      "detail": "FCF margin: +13.5% -> +21.8% (+8.2%)",
      "severity": "MEDIUM"
    },
    {
      "quarter": "2025-06 (Q2)",
      "signal": "OP MARGIN TURNED POSITIVE (QoQ)",
      "detail": "Op margin: -0.0% -> +1.6%",
      "severity": "HIGH"
    },
    {
      "quarter": "2025-03 (Q1)",
      "signal": "GROSS MARGIN INFLECTION",
      "detail": "GM: +70.6% -> +69.4% -> +71.7% (reversal +2.4%)",
      "severity": "MEDIUM"
    },
    {
      "quarter": "2024-12 (Q4)",
      "signal": "FCF MARGIN EXPANSION",
      "detail": "FCF margin: +19.9% -> +28.9% (+9.1%)",
      "severity": "MEDIUM"
    },
    {
      "quarter": "2024-09 (Q3)",
      "signal": "OP MARGIN TURNED POSITIVE (YoY)",
      "detail": "Op margin: -8.1% (year-ago) -> +6.5%",
      "severity": "HIGH"
    },
    {
      "quarter": "2024-06 (Q2)",
      "signal": "OP MARGIN TURNED POSITIVE (YoY)",
      "detail": "Op margin: -27.1% (year-ago) -> +3.3%",
      "severity": "HIGH"
    },
    {
      "quarter": "2024-03 (Q1)",
      "signal": "OP MARGIN TURNED POSITIVE (YoY)",
      "detail": "Op margin: -13.1% (year-ago) -> +5.2%",
      "severity": "HIGH"
    },
    {
      "quarter": "2023-12 (Q4)",
      "signal": "FCF MARGIN EXPANSION",
      "detail": "FCF margin: +1.7% -> +30.7% (+29.0%)",
      "severity": "MEDIUM"
    },
    {
      "quarter": "2023-12 (Q4)",
      "signal": "OP MARGIN TURNED POSITIVE (YoY)",
      "detail": "Op margin: -7.2% (year-ago) -> +5.3%",
      "severity": "HIGH"
    },
    {
      "quarter": "2023-12 (Q4)",
      "signal": "OP MARGIN TURNED POSITIVE (QoQ)",
      "detail": "Op margin: -8.1% -> +5.3%",
      "severity": "HIGH"
    },
    {
      "quarter": "2023-06 (Q2)",
      "signal": "FCF MARGIN EXPANSION",
      "detail": "FCF margin: +1.9% -> +15.7% (+13.8%)",
      "severity": "MEDIUM"
    },
    {
      "quarter": "2023-03 (Q1)",
      "signal": "YoY REVENUE GROWTH DECELERATION",
      "detail": "YoY growth: +16.4% vs prior quarter YoY: +21.7% (decel: -5.3%)",
      "severity": "WARNING"
    },
    {
      "quarter": "2022-12 (Q4)",
      "signal": "FCF MARGIN EXPANSION",
      "detail": "FCF margin: +8.1% -> +17.9% (+9.8%)",
      "severity": "MEDIUM"
    },
    {
      "quarter": "2022-09 (Q3)",
      "signal": "FCF MARGIN EXPANSION",
      "detail": "FCF margin: +2.0% -> +8.1% (+6.1%)",
      "severity": "MEDIUM"
    },
    {
      "quarter": "2022-09 (Q3)",
      "signal": "YoY REVENUE GROWTH DECELERATION",
      "detail": "YoY growth: +25.6% vs prior quarter YoY: +32.5% (decel: -6.8%)",
      "severity": "WARNING"
    },
    {
      "quarter": "2022-06 (Q2)",
      "signal": "OPERATING LEVERAGE",
      "detail": "Rev growth +6.4% vs OpEx growth +0.9% (leverage: 6.9x)",
      "severity": "MEDIUM"
    },
    {
      "quarter": "2021-09 (Q3)",
      "signal": "FCF MARGIN EXPANSION",
      "detail": "FCF margin: +5.9% -> +12.4% (+6.4%)",
      "severity": "MEDIUM"
    },
    {
      "quarter": "2021-06 (Q2)",
      "signal": "OPERATING LEVERAGE",
      "detail": "Rev growth +7.6% vs OpEx growth +4.6% (leverage: 1.7x)",
      "severity": "MEDIUM"
    },
    {
      "quarter": "2021-03 (Q1)",
      "signal": "FCF TURNED POSITIVE",
      "detail": "FCF margin: -5.4% -> +16.7%",
      "severity": "HIGH"
    }
  ],
  "data_quality": {
    "n_quarters": 20,
    "coverage": {
      "revenue": [
        20,
        20
      ],
      "gross_profit": [
        20,
        20
      ],
      "op_income": [
        20,
        20
      ],
      "fcf": [
        20,
        20
      ]
    },
    "gaps": [],
    "warnings": []
  },
  "market_cap": null,
  "source": "SEC EDGAR",
  "last_updated": "2026-02-02T22:07:47.309390"
}