{
  "ticker": "RS",
  "name": "RELIANCE, INC.",
  "quarters": [
    {
      "date": "2020-12-31T00:00:00",
      "quarter_label": "2020-12 (Q4)",
      "revenue": 2134100000,
      "gross_profit": 703600000,
      "operating_income": 183400000,
      "net_income": null,
      "opex": 1950700000,
      "cogs": 1430500000,
      "rd": null,
      "sga": 463600000,
      "fcf": 192900000,
      "ocf": 230200000,
      "capex": -37300000,
      "gross_margin": 0.3296940162129235,
      "op_margin": 0.08593786607937773,
      "fcf_margin": 0.09038939131249707
    },
    {
      "date": "2021-03-31T00:00:00",
      "quarter_label": "2021-03 (Q1)",
      "revenue": 2838400000,
      "gross_profit": 953700000,
      "operating_income": 378300000,
      "net_income": null,
      "opex": 2460100000,
      "cogs": 1884700000,
      "rd": null,
      "sga": 518500000,
      "fcf": 118100000,
      "ocf": 161800000,
      "capex": -43700000,
      "gross_margin": 0.3359991544532131,
      "op_margin": 0.1332793122886133,
      "fcf_margin": 0.04160794813979707,
      "op_leverage_ratio": 1.2637886943861294,
      "fcf_margin_change": -0.0487814431727
    },
    {
      "date": "2021-06-30T00:00:00",
      "quarter_label": "2021-06 (Q2)",
      "revenue": 3418800000,
      "gross_profit": 1082200000,
      "operating_income": 460400000,
      "net_income": null,
      "opex": 2958400000,
      "cogs": 2336600000,
      "rd": null,
      "sga": 563300000,
      "fcf": 21500000,
      "ocf": 101600000,
      "capex": -80100000,
      "gross_margin": 0.3165438165438165,
      "op_margin": 0.13466713466713467,
      "fcf_margin": 0.006288756288756288,
      "op_leverage_ratio": 1.0095217482393917,
      "fcf_margin_change": -0.03531919185104078
    },
    {
      "date": "2021-09-30T00:00:00",
      "quarter_label": "2021-09 (Q3)",
      "revenue": 3847400000,
      "gross_profit": 1211100000,
      "operating_income": 547600000,
      "net_income": null,
      "opex": 3299800000,
      "cogs": 2636300000,
      "rd": null,
      "sga": 606800000,
      "fcf": 87100000,
      "ocf": 142200000,
      "capex": -55100000,
      "gross_margin": 0.3147840099807662,
      "op_margin": 0.14232988511722203,
      "fcf_margin": 0.022638665072516505,
      "op_leverage_ratio": 1.0863552023481724,
      "fcf_margin_change": 0.016349908783760216
    },
    {
      "date": "2021-12-31T00:00:00",
      "quarter_label": "2021-12 (Q4)",
      "revenue": 3988700000,
      "gross_profit": 1243300000,
      "operating_income": 562600000,
      "net_income": null,
      "opex": 3426100000,
      "cogs": 2745400000,
      "rd": null,
      "sga": 617900000,
      "fcf": 336100000,
      "ocf": 393800000,
      "capex": -57700000,
      "gross_margin": 0.3117055682302505,
      "op_margin": 0.1410484619048813,
      "fcf_margin": 0.08426304309674831,
      "incr_op_margin_yoy": 0.20446457457133613,
      "rev_growth_yoy": 0.8690314418255939,
      "op_leverage_ratio": 0.9595311736574547,
      "fcf_margin_change": 0.061624378024231805
    },
    {
      "date": "2022-03-31T00:00:00",
      "quarter_label": "2022-03 (Q1)",
      "revenue": 4485800000,
      "gross_profit": 1387100000,
      "operating_income": 716100000,
      "net_income": null,
      "opex": 3769700000,
      "cogs": 3098700000,
      "rd": null,
      "sga": 611900000,
      "fcf": 337300000,
      "ocf": 404000000,
      "capex": -66700000,
      "gross_margin": 0.30922020598332517,
      "op_margin": 0.1596370769985287,
      "fcf_margin": 0.0751928307102412,
      "incr_op_margin_yoy": 0.20505038242078427,
      "rev_growth_yoy": 0.5803974069898534,
      "rev_growth_yoy_accel": -0.28863403483574046,
      "op_leverage_ratio": 1.2426798882045502,
      "fcf_margin_change": -0.009070212386507112
    },
    {
      "date": "2022-06-30T00:00:00",
      "quarter_label": "2022-06 (Q2)",
      "revenue": 4681200000,
      "gross_profit": 1495400000,
      "operating_income": 787500000,
      "net_income": null,
      "opex": 3893700000,
      "cogs": 3185800000,
      "rd": null,
      "sga": 648600000,
      "fcf": 182700000,
      "ocf": 270200000,
      "capex": -87500000,
      "gross_margin": 0.3194480047850978,
      "op_margin": 0.16822609587285312,
      "fcf_margin": 0.039028454242501925,
      "incr_op_margin_yoy": 0.25910963244613433,
      "rev_growth_yoy": 0.36925236925236926,
      "rev_growth_yoy_accel": -0.21114503773748416,
      "op_leverage_ratio": 1.3242493157619961,
      "fcf_margin_change": -0.036164376467739276
    },
    {
      "date": "2022-09-30T00:00:00",
      "quarter_label": "2022-09 (Q3)",
      "revenue": 4247200000,
      "gross_profit": 1239000000,
      "operating_income": 548500000,
      "net_income": null,
      "opex": 3698700000,
      "cogs": 3008200000,
      "rd": null,
      "sga": 630100000,
      "fcf": 540200000,
      "ocf": 635700000,
      "capex": -95500000,
      "gross_margin": 0.2917216048220004,
      "op_margin": 0.1291439065737427,
      "fcf_margin": 0.12718967790544358,
      "incr_op_margin_yoy": 0.0022511255627813906,
      "rev_growth_yoy": 0.1039143317565109,
      "rev_growth_yoy_accel": -0.2653380374958584,
      "fcf_margin_change": 0.08816122366294166
    },
    {
      "date": "2022-12-31T00:00:00",
      "quarter_label": "2022-12 (Q4)",
      "revenue": 3610800000,
      "gross_profit": 1129800000,
      "operating_income": 454800000,
      "net_income": null,
      "opex": 3156000000,
      "cogs": 2481000000,
      "rd": null,
      "sga": 613600000,
      "fcf": 716600000,
      "ocf": 808700000,
      "capex": -92100000,
      "gross_margin": 0.3128946493851778,
      "op_margin": 0.12595546693253573,
      "fcf_margin": 0.19846017503046418,
      "incr_op_margin_yoy": 0.285260650965864,
      "rev_growth_yoy": -0.09474264798054503,
      "rev_growth_yoy_accel": -0.19865697973705593,
      "fcf_margin_change": 0.0712704971250206
    },
    {
      "date": "2023-03-31T00:00:00",
      "quarter_label": "2023-03 (Q1)",
      "revenue": 3965300000,
      "gross_profit": 1226000000,
      "operating_income": 513600000,
      "net_income": null,
      "opex": 3451700000,
      "cogs": 2739300000,
      "rd": null,
      "sga": 651300000,
      "fcf": 281700000,
      "ocf": 384600000,
      "capex": -102900000,
      "gross_margin": 0.30918215519632813,
      "op_margin": 0.12952361738077825,
      "fcf_margin": 0.07104128313116284,
      "incr_op_margin_yoy": 0.38904899135446686,
      "rev_growth_yoy": -0.11603281465959249,
      "rev_growth_yoy_accel": -0.021290166679047456,
      "op_leverage_ratio": 1.0478484510396215,
      "fcf_margin_change": -0.12741889189930133
    },
    {
      "date": "2023-06-30T00:00:00",
      "quarter_label": "2023-06 (Q2)",
      "revenue": 3880300000,
      "gross_profit": 1222700000,
      "operating_income": 511300000,
      "net_income": null,
      "opex": 3369000000,
      "cogs": 2657600000,
      "rd": null,
      "sga": 650600000,
      "fcf": 164900000,
      "ocf": 295100000,
      "capex": -130200000,
      "gross_margin": 0.3151045022292091,
      "op_margin": 0.1317681622554957,
      "fcf_margin": 0.04249671417158467,
      "incr_op_margin_yoy": 0.344862030216007,
      "rev_growth_yoy": -0.17108860975818166,
      "rev_growth_yoy_accel": -0.05505579509858917,
      "fcf_margin_change": -0.028544568959578173
    },
    {
      "date": "2023-09-30T00:00:00",
      "quarter_label": "2023-09 (Q3)",
      "revenue": 3623000000,
      "gross_profit": 1077000000,
      "operating_income": 389500000,
      "net_income": null,
      "opex": 3233500000,
      "cogs": 2546000000,
      "rd": null,
      "sga": 626900000,
      "fcf": 340500000,
      "ocf": 466000000,
      "capex": -125500000,
      "gross_margin": 0.29726745790781123,
      "op_margin": 0.10750759039470052,
      "fcf_margin": 0.09398288711012973,
      "incr_op_margin_yoy": 0.25472604934315923,
      "rev_growth_yoy": -0.1469674138255792,
      "rev_growth_yoy_accel": 0.02412119593260245,
      "fcf_margin_change": 0.05148617293854506
    },
    {
      "date": "2023-12-31T00:00:00",
      "quarter_label": "2023-12 (Q4)",
      "revenue": 3337300000,
      "gross_profit": 1021600000,
      "operating_income": 325100000,
      "net_income": null,
      "opex": 3012200000,
      "cogs": 2315700000,
      "rd": null,
      "sga": 633600000,
      "fcf": 415400000,
      "ocf": 525600000,
      "capex": -110200000,
      "gross_margin": 0.30611572229047435,
      "op_margin": 0.09741407724807478,
      "fcf_margin": 0.1244718784646271,
      "incr_op_margin_yoy": 0.4742230347349177,
      "rev_growth_yoy": -0.0757449872604409,
      "rev_growth_yoy_accel": 0.0712224265651383,
      "fcf_margin_change": 0.03048899135449737
    },
    {
      "date": "2024-03-31T00:00:00",
      "quarter_label": "2024-03 (Q1)",
      "revenue": 3644800000,
      "gross_profit": 1128200000,
      "operating_income": 393100000,
      "net_income": null,
      "opex": 3251700000,
      "cogs": 2516600000,
      "rd": null,
      "sga": 671500000,
      "fcf": 17600000,
      "ocf": 126300000,
      "capex": -108700000,
      "gross_margin": 0.30953687445127304,
      "op_margin": 0.10785228270412643,
      "fcf_margin": 0.004828797190517998,
      "incr_op_margin_yoy": 0.37597503900156004,
      "rev_growth_yoy": -0.08082616699871384,
      "rev_growth_yoy_accel": -0.005081179738272934,
      "op_leverage_ratio": 1.1588524895457912,
      "fcf_margin_change": -0.1196430812741091
    },
    {
      "date": "2024-06-30T00:00:00",
      "quarter_label": "2024-06 (Q2)",
      "revenue": 3643300000,
      "gross_profit": 1086000000,
      "operating_income": 351700000,
      "net_income": null,
      "opex": 3291600000,
      "cogs": 2557300000,
      "rd": null,
      "sga": 667700000,
      "fcf": 268100000,
      "ocf": 366300000,
      "capex": -98200000,
      "gross_margin": 0.2980814097109763,
      "op_margin": 0.09653336261081986,
      "fcf_margin": 0.07358713254467104,
      "incr_op_margin_yoy": 0.6734177215189874,
      "rev_growth_yoy": -0.061077751720227814,
      "rev_growth_yoy_accel": 0.019748415278486024,
      "fcf_margin_change": 0.06875833535415304
    },
    {
      "date": "2024-09-30T00:00:00",
      "quarter_label": "2024-09 (Q3)",
      "revenue": 3420300000,
      "gross_profit": 1006300000,
      "operating_income": 273400000,
      "net_income": 199200000,
      "opex": 3146900000,
      "cogs": 2414000000,
      "rd": null,
      "sga": 665000000,
      "fcf": 351100000,
      "ocf": 463900000,
      "capex": -112800000,
      "gross_margin": 0.2942139578399556,
      "op_margin": 0.07993450866883021,
      "fcf_margin": 0.1026518141683478,
      "incr_op_margin_yoy": 0.5727676369018253,
      "rev_growth_yoy": -0.05594810930168369,
      "rev_growth_yoy_accel": 0.005129642418544127,
      "fcf_margin_change": 0.029064681623676758
    },
    {
      "date": "2024-12-31T00:00:00",
      "quarter_label": "2024-12 (Q4)",
      "revenue": 3126600000,
      "gross_profit": 886100000,
      "operating_income": 141800000,
      "net_income": null,
      "opex": 2984800000,
      "cogs": 2240500000,
      "rd": null,
      "sga": 662000000,
      "fcf": 362400000,
      "ocf": 473300000,
      "capex": -110900000,
      "gross_margin": 0.28340689566941724,
      "op_margin": 0.045352779376958995,
      "fcf_margin": 0.11590865476875839,
      "incr_op_margin_yoy": 0.8699572852396773,
      "rev_growth_yoy": -0.06313486950528871,
      "rev_growth_yoy_accel": -0.007186760203605022,
      "fcf_margin_change": 0.013256840600410588
    },
    {
      "date": "2025-03-31T00:00:00",
      "quarter_label": "2025-03 (Q1)",
      "revenue": 3484700000,
      "gross_profit": 1033300000,
      "operating_income": 274400000,
      "net_income": null,
      "opex": 3210300000,
      "cogs": 2451400000,
      "rd": null,
      "sga": 690200000,
      "fcf": -22400000,
      "ocf": 64500000,
      "capex": -86900000,
      "gross_margin": 0.29652480844836,
      "op_margin": 0.0787442247539243,
      "fcf_margin": -0.0064280999799121875,
      "incr_op_margin_yoy": 0.7414116177389132,
      "rev_growth_yoy": -0.04392559262510975,
      "rev_growth_yoy_accel": 0.019209276880178962,
      "op_leverage_ratio": 1.5160051871623548,
      "fcf_margin_change": -0.12233675474867058
    },
    {
      "date": "2025-06-30T00:00:00",
      "quarter_label": "2025-06 (Q2)",
      "revenue": 3659800000,
      "gross_profit": 1087900000,
      "operating_income": 312200000,
      "net_income": null,
      "opex": 3347600000,
      "cogs": 2571900000,
      "rd": null,
      "sga": 706000000,
      "fcf": 141400000,
      "ocf": 229000000,
      "capex": -87600000,
      "gross_margin": 0.29725668069293404,
      "op_margin": 0.08530520793485982,
      "fcf_margin": 0.03863599103776163,
      "incr_op_margin_yoy": -2.393939393939394,
      "rev_growth_yoy": 0.004528861197266215,
      "rev_growth_yoy_accel": 0.04845445382237596,
      "op_leverage_ratio": 1.174886280011565,
      "fcf_margin_change": 0.045064091017673814
    },
    {
      "date": "2025-09-30T00:00:00",
      "quarter_label": "2025-09 (Q3)",
      "revenue": 3651200000,
      "gross_profit": 1031600000,
      "operating_income": 259800000,
      "net_income": 189500000,
      "opex": 3391400000,
      "cogs": 2619600000,
      "rd": null,
      "sga": 701300000,
      "fcf": 180600000,
      "ocf": 261800000,
      "capex": -81200000,
      "gross_margin": 0.2825372480280456,
      "op_margin": 0.0711546888694128,
      "fcf_margin": 0.04946319018404908,
      "incr_op_margin_yoy": -0.058899956691208316,
      "rev_growth_yoy": 0.06750869806742099,
      "rev_growth_yoy_accel": 0.06297983687015478,
      "fcf_margin_change": 0.01082719914628745
    }
  ],
  "signals": [
    {
      "quarter": "2025-09 (Q3)",
      "signal": "YoY REVENUE GROWTH ACCELERATION",
      "detail": "YoY growth: +6.8% vs prior quarter YoY: +0.5% (accel: +6.3%)",
      "severity": "MEDIUM"
    },
    {
      "quarter": "2025-06 (Q2)",
      "signal": "FCF TURNED POSITIVE",
      "detail": "FCF margin: -0.6% -> +3.9%",
      "severity": "HIGH"
    },
    {
      "quarter": "2025-03 (Q1)",
      "signal": "OPERATING LEVERAGE",
      "detail": "Rev growth +11.5% vs OpEx growth +7.6% (leverage: 1.5x)",
      "severity": "MEDIUM"
    },
    {
      "quarter": "2025-03 (Q1)",
      "signal": "INCREMENTAL MARGIN (YoY)",
      "detail": "YoY Incr OPM: +74.1% vs year-ago OPM: +10.8%",
      "severity": "HIGH"
    },
    {
      "quarter": "2024-12 (Q4)",
      "signal": "INCREMENTAL MARGIN (YoY)",
      "detail": "YoY Incr OPM: +87.0% vs year-ago OPM: +9.7%",
      "severity": "HIGH"
    },
    {
      "quarter": "2024-09 (Q3)",
      "signal": "INCREMENTAL MARGIN (YoY)",
      "detail": "YoY Incr OPM: +57.3% vs year-ago OPM: +10.8%",
      "severity": "HIGH"
    },
    {
      "quarter": "2024-06 (Q2)",
      "signal": "FCF MARGIN EXPANSION",
      "detail": "FCF margin: +0.5% -> +7.4% (+6.9%)",
      "severity": "MEDIUM"
    },
    {
      "quarter": "2024-06 (Q2)",
      "signal": "INCREMENTAL MARGIN (YoY)",
      "detail": "YoY Incr OPM: +67.3% vs year-ago OPM: +13.2%",
      "severity": "HIGH"
    },
    {
      "quarter": "2024-03 (Q1)",
      "signal": "INCREMENTAL MARGIN (YoY)",
      "detail": "YoY Incr OPM: +37.6% vs year-ago OPM: +13.0%",
      "severity": "HIGH"
    },
    {
      "quarter": "2023-12 (Q4)",
      "signal": "YoY REVENUE GROWTH ACCELERATION",
      "detail": "YoY growth: -7.6% vs prior quarter YoY: -14.7% (accel: +7.1%)",
      "severity": "MEDIUM"
    },
    {
      "quarter": "2023-12 (Q4)",
      "signal": "INCREMENTAL MARGIN (YoY)",
      "detail": "YoY Incr OPM: +47.4% vs year-ago OPM: +12.6%",
      "severity": "HIGH"
    },
    {
      "quarter": "2023-09 (Q3)",
      "signal": "FCF MARGIN EXPANSION",
      "detail": "FCF margin: +4.2% -> +9.4% (+5.1%)",
      "severity": "MEDIUM"
    },
    {
      "quarter": "2023-09 (Q3)",
      "signal": "INCREMENTAL MARGIN (YoY)",
      "detail": "YoY Incr OPM: +25.5% vs year-ago OPM: +12.9%",
      "severity": "MEDIUM"
    },
    {
      "quarter": "2023-06 (Q2)",
      "signal": "YoY REVENUE GROWTH DECELERATION",
      "detail": "YoY growth: -17.1% vs prior quarter YoY: -11.6% (decel: -5.5%)",
      "severity": "WARNING"
    },
    {
      "quarter": "2023-06 (Q2)",
      "signal": "INCREMENTAL MARGIN (YoY)",
      "detail": "YoY Incr OPM: +34.5% vs year-ago OPM: +16.8%",
      "severity": "MEDIUM"
    },
    {
      "quarter": "2023-03 (Q1)",
      "signal": "INCREMENTAL MARGIN (YoY)",
      "detail": "YoY Incr OPM: +38.9% vs year-ago OPM: +16.0%",
      "severity": "HIGH"
    },
    {
      "quarter": "2022-12 (Q4)",
      "signal": "FCF MARGIN EXPANSION",
      "detail": "FCF margin: +12.7% -> +19.8% (+7.1%)",
      "severity": "MEDIUM"
    },
    {
      "quarter": "2022-12 (Q4)",
      "signal": "GROSS MARGIN INFLECTION",
      "detail": "GM: +31.9% -> +29.2% -> +31.3% (reversal +2.1%)",
      "severity": "MEDIUM"
    },
    {
      "quarter": "2022-12 (Q4)",
      "signal": "YoY REVENUE GROWTH DECELERATION",
      "detail": "YoY growth: -9.5% vs prior quarter YoY: +10.4% (decel: -19.9%)",
      "severity": "WARNING"
    },
    {
      "quarter": "2022-12 (Q4)",
      "signal": "INCREMENTAL MARGIN (YoY)",
      "detail": "YoY Incr OPM: +28.5% vs year-ago OPM: +14.1%",
      "severity": "MEDIUM"
    },
    {
      "quarter": "2022-09 (Q3)",
      "signal": "FCF MARGIN EXPANSION",
      "detail": "FCF margin: +3.9% -> +12.7% (+8.8%)",
      "severity": "MEDIUM"
    },
    {
      "quarter": "2022-09 (Q3)",
      "signal": "YoY REVENUE GROWTH DECELERATION",
      "detail": "YoY growth: +10.4% vs prior quarter YoY: +36.9% (decel: -26.5%)",
      "severity": "WARNING"
    },
    {
      "quarter": "2022-06 (Q2)",
      "signal": "YoY REVENUE GROWTH DECELERATION",
      "detail": "YoY growth: +36.9% vs prior quarter YoY: +58.0% (decel: -21.1%)",
      "severity": "WARNING"
    },
    {
      "quarter": "2022-06 (Q2)",
      "signal": "INCREMENTAL MARGIN (YoY)",
      "detail": "YoY Incr OPM: +25.9% vs year-ago OPM: +13.5%",
      "severity": "MEDIUM"
    },
    {
      "quarter": "2022-03 (Q1)",
      "signal": "YoY REVENUE GROWTH DECELERATION",
      "detail": "YoY growth: +58.0% vs prior quarter YoY: +86.9% (decel: -28.9%)",
      "severity": "WARNING"
    },
    {
      "quarter": "2021-12 (Q4)",
      "signal": "FCF MARGIN EXPANSION",
      "detail": "FCF margin: +2.3% -> +8.4% (+6.2%)",
      "severity": "MEDIUM"
    },
    {
      "quarter": "2021-12 (Q4)",
      "signal": "INCREMENTAL MARGIN (YoY)",
      "detail": "YoY Incr OPM: +20.4% vs year-ago OPM: +8.6%",
      "severity": "MEDIUM"
    }
  ],
  "data_quality": {
    "n_quarters": 20,
    "coverage": {
      "revenue": [
        20,
        20
      ],
      "gross_profit": [
        20,
        20
      ],
      "op_income": [
        20,
        20
      ],
      "fcf": [
        20,
        20
      ]
    },
    "gaps": [],
    "warnings": []
  },
  "market_cap": null,
  "source": "SEC EDGAR",
  "last_updated": "2026-02-02T20:22:13.952315"
}