{
  "ticker": "RSI",
  "name": "RUSH STREET INTERACTIVE, INC.",
  "sector": "Consumer Cyclical",
  "industry": "Gambling",
  "quarters": [
    {
      "date": "2021-03-31T00:00:00",
      "quarter_label": "2021-03 (Q1)",
      "revenue": 111820000,
      "gross_profit": 32133000,
      "operating_income": -27321000,
      "net_income": -17000,
      "opex": 139141000,
      "cogs": 79687000,
      "rd": null,
      "sga": null,
      "fcf": -11679000,
      "ocf": -11232000,
      "capex": -447000,
      "gross_margin": 0.28736362010373817,
      "op_margin": -0.24433017349311392,
      "fcf_margin": -0.10444464317653371
    },
    {
      "date": "2021-06-30T00:00:00",
      "quarter_label": "2021-06 (Q2)",
      "revenue": 122800000,
      "gross_profit": 38040000,
      "operating_income": -12185000,
      "net_income": -3767000,
      "opex": 134985000,
      "cogs": 84760000,
      "rd": null,
      "sga": null,
      "fcf": 412000,
      "ocf": 809000,
      "capex": -397000,
      "gross_margin": 0.30977198697068403,
      "op_margin": -0.09922638436482084,
      "fcf_margin": 0.0033550488599348536,
      "op_leverage_ratio": null,
      "fcf_margin_change": 0.10779969203646857
    },
    {
      "date": "2021-09-30T00:00:00",
      "quarter_label": "2021-09 (Q3)",
      "revenue": 122920000,
      "gross_profit": 41699000,
      "operating_income": -17703000,
      "net_income": -5300000,
      "opex": 140623000,
      "cogs": 81221000,
      "rd": null,
      "sga": null,
      "fcf": -7397000,
      "ocf": -6254000,
      "capex": -1143000,
      "gross_margin": 0.3392369020501139,
      "op_margin": -0.14402050113895215,
      "fcf_margin": -0.06017735112268142,
      "fcf_margin_change": -0.06353239998261627
    },
    {
      "date": "2021-12-31T00:00:00",
      "quarter_label": "2021-12 (Q4)",
      "revenue": 130565000,
      "gross_profit": 44088000,
      "operating_income": -37070000,
      "net_income": -10405000,
      "opex": 167635000,
      "cogs": 86477000,
      "rd": null,
      "sga": null,
      "fcf": -33369000,
      "ocf": -31509000,
      "capex": -1860000,
      "gross_margin": 0.33767089189292687,
      "op_margin": -0.2839198866464979,
      "fcf_margin": -0.2555738521043159,
      "op_leverage_ratio": 0.32378338261540385,
      "fcf_margin_change": -0.19539650098163447
    },
    {
      "date": "2022-03-31T00:00:00",
      "quarter_label": "2022-03 (Q1)",
      "revenue": 134938000,
      "gross_profit": 35080000,
      "operating_income": -50046000,
      "net_income": -14697000,
      "opex": 184984000,
      "cogs": 99858000,
      "rd": null,
      "sga": null,
      "fcf": -38052000,
      "ocf": -37007000,
      "capex": -1045000,
      "gross_margin": 0.2599712460537432,
      "op_margin": -0.37088144184736693,
      "fcf_margin": -0.2819961760215803,
      "incr_op_margin_yoy": -0.9830002595380223,
      "rev_growth_yoy": 0.2067429797889465,
      "op_leverage_ratio": 0.3236256651279691,
      "fcf_margin_change": -0.0264223239172644
    },
    {
      "date": "2022-06-30T00:00:00",
      "quarter_label": "2022-06 (Q2)",
      "revenue": 143736000,
      "gross_profit": 38854000,
      "operating_income": -25788000,
      "net_income": -8332000,
      "opex": 169524000,
      "cogs": 104882000,
      "rd": null,
      "sga": null,
      "fcf": -24981000,
      "ocf": -24257000,
      "capex": -724000,
      "gross_margin": 0.2703150219847498,
      "op_margin": -0.17941225580230422,
      "fcf_margin": -0.17379779595925865,
      "incr_op_margin_yoy": -0.6497420710737486,
      "rev_growth_yoy": 0.1704885993485342,
      "rev_growth_yoy_accel": -0.03625438044041232,
      "op_leverage_ratio": null,
      "fcf_margin_change": 0.10819838006232163
    },
    {
      "date": "2022-09-30T00:00:00",
      "quarter_label": "2022-09 (Q3)",
      "revenue": 148004000,
      "gross_profit": 44683000,
      "operating_income": -20599000,
      "net_income": -6613000,
      "opex": 168603000,
      "cogs": 103321000,
      "rd": null,
      "sga": null,
      "fcf": 7639000,
      "ocf": 8641000,
      "capex": -1002000,
      "gross_margin": 0.3019040025945245,
      "op_margin": -0.13917867084673388,
      "fcf_margin": 0.05161346990621875,
      "incr_op_margin_yoy": -0.11545208100781375,
      "rev_growth_yoy": 0.20406768630003255,
      "rev_growth_yoy_accel": 0.03357908695149836,
      "op_leverage_ratio": null,
      "fcf_margin_change": 0.22541126586547738
    },
    {
      "date": "2022-12-31T00:00:00",
      "quarter_label": "2022-12 (Q4)",
      "revenue": 165534000,
      "gross_profit": 58931000,
      "operating_income": -28365000,
      "net_income": -8989000,
      "opex": 193899000,
      "cogs": 106603000,
      "rd": null,
      "sga": null,
      "fcf": -9084000,
      "ocf": -7698000,
      "capex": -1386000,
      "gross_margin": 0.3560054127852888,
      "op_margin": -0.17135452535430787,
      "fcf_margin": -0.05487694370944942,
      "incr_op_margin_yoy": 0.2489347707969916,
      "rev_growth_yoy": 0.2678282847623789,
      "rev_growth_yoy_accel": 0.06376059846234636,
      "op_leverage_ratio": 0.789445054551836,
      "fcf_margin_change": -0.10649041361566816
    },
    {
      "date": "2023-03-31T00:00:00",
      "quarter_label": "2023-03 (Q1)",
      "revenue": 162361000,
      "gross_profit": 55207000,
      "operating_income": -22080000,
      "net_income": -7260000,
      "opex": 184441000,
      "cogs": 107154000,
      "rd": null,
      "sga": null,
      "fcf": -24705000,
      "ocf": -24276000,
      "capex": -429000,
      "gross_margin": 0.34002623782804986,
      "op_margin": -0.135993249610436,
      "fcf_margin": -0.15216092534537234,
      "incr_op_margin_yoy": 1.0198008970572148,
      "rev_growth_yoy": 0.20322666706190992,
      "rev_growth_yoy_accel": -0.06460161770046899,
      "fcf_margin_change": -0.09728398163592292
    },
    {
      "date": "2023-06-30T00:00:00",
      "quarter_label": "2023-06 (Q2)",
      "revenue": 165062000,
      "gross_profit": 55209000,
      "operating_income": -14302000,
      "net_income": -5139000,
      "opex": 179364000,
      "cogs": 109853000,
      "rd": null,
      "sga": null,
      "fcf": -13202000,
      "ocf": -12879000,
      "capex": -323000,
      "gross_margin": 0.3344743187408368,
      "op_margin": -0.08664622990149157,
      "fcf_margin": -0.07998206734439181,
      "incr_op_margin_yoy": 0.5385913907905843,
      "rev_growth_yoy": 0.14836923248177214,
      "rev_growth_yoy_accel": -0.05485743458013778,
      "op_leverage_ratio": null,
      "fcf_margin_change": 0.07217885800098053
    },
    {
      "date": "2023-09-30T00:00:00",
      "quarter_label": "2023-09 (Q3)",
      "revenue": 169887000,
      "gross_profit": 53728000,
      "operating_income": -11702000,
      "net_income": -4179000,
      "opex": 181589000,
      "cogs": 116159000,
      "rd": null,
      "sga": null,
      "fcf": 30138000,
      "ocf": 30396000,
      "capex": -258000,
      "gross_margin": 0.316257276895819,
      "op_margin": -0.06888107977655736,
      "fcf_margin": 0.17740027194546965,
      "incr_op_margin_yoy": 0.4065713110633825,
      "rev_growth_yoy": 0.14785411205102564,
      "rev_growth_yoy_accel": -0.0005151204307465018,
      "op_leverage_ratio": 2.3564350828200884,
      "fcf_margin_change": 0.25738233928986143
    },
    {
      "date": "2023-12-31T00:00:00",
      "quarter_label": "2023-12 (Q4)",
      "revenue": 193851000,
      "gross_profit": 62003000,
      "operating_income": -3527000,
      "net_income": -1727000,
      "opex": 197378000,
      "cogs": 131848000,
      "rd": null,
      "sga": null,
      "fcf": 546000,
      "ocf": 827000,
      "capex": -281000,
      "gross_margin": 0.3198487498130007,
      "op_margin": -0.018194386410181014,
      "fcf_margin": 0.0028165962517603727,
      "incr_op_margin_yoy": 0.8771409400713353,
      "rev_growth_yoy": 0.17106455471383522,
      "rev_growth_yoy_accel": 0.023210442662809583,
      "op_leverage_ratio": 1.6223108617243285,
      "fcf_margin_change": -0.17458367569370928
    },
    {
      "date": "2024-03-31T00:00:00",
      "quarter_label": "2024-03 (Q1)",
      "revenue": 217428000,
      "gross_profit": 72905000,
      "operating_income": 1532000,
      "net_income": -727000,
      "opex": 215896000,
      "cogs": 144523000,
      "rd": null,
      "sga": null,
      "fcf": 30630000,
      "ocf": 30908000,
      "capex": -278000,
      "gross_margin": 0.3353064002796328,
      "op_margin": 0.007046010633405081,
      "fcf_margin": 0.14087422043159115,
      "incr_op_margin_yoy": 0.4287867506855285,
      "rev_growth_yoy": 0.3391639617888532,
      "rev_growth_yoy_accel": 0.168099407075018,
      "op_leverage_ratio": 1.2963586266547598,
      "fcf_margin_change": 0.13805762417983078
    },
    {
      "date": "2024-06-30T00:00:00",
      "quarter_label": "2024-06 (Q2)",
      "revenue": 220379000,
      "gross_profit": 75902000,
      "operating_income": 4197000,
      "net_income": -100000,
      "opex": 216182000,
      "cogs": 144477000,
      "rd": null,
      "sga": null,
      "fcf": 19858000,
      "ocf": 20210000,
      "capex": -352000,
      "gross_margin": 0.3444157564922248,
      "op_margin": 0.019044464309212764,
      "fcf_margin": 0.09010840415829094,
      "incr_op_margin_yoy": 0.3344179908527216,
      "rev_growth_yoy": 0.335128618337352,
      "rev_growth_yoy_accel": -0.004035343451501194,
      "op_leverage_ratio": 10.245479799373502,
      "fcf_margin_change": -0.05076581627330021
    },
    {
      "date": "2024-09-30T00:00:00",
      "quarter_label": "2024-09 (Q3)",
      "revenue": 232109000,
      "gross_profit": 80695000,
      "operating_income": 6464000,
      "net_income": 1190000,
      "opex": 225645000,
      "cogs": 151414000,
      "rd": null,
      "sga": null,
      "fcf": 29311000,
      "ocf": 29435000,
      "capex": -124000,
      "gross_margin": 0.34765993563368935,
      "op_margin": 0.027848984744236544,
      "fcf_margin": 0.12628118685617534,
      "incr_op_margin_yoy": 0.2919546141236219,
      "rev_growth_yoy": 0.3662552167028672,
      "rev_growth_yoy_accel": 0.03112659836551518,
      "op_leverage_ratio": 1.2159577759328897,
      "fcf_margin_change": 0.036172782697884404
    },
    {
      "date": "2024-12-31T00:00:00",
      "quarter_label": "2024-12 (Q4)",
      "revenue": 254167000,
      "gross_profit": 92545000,
      "operating_income": 12116000,
      "net_income": 2025000,
      "opex": 242051000,
      "cogs": 161622000,
      "rd": null,
      "sga": null,
      "fcf": 25725000,
      "ocf": 25896000,
      "capex": -171000,
      "gross_margin": 0.3641109978872159,
      "op_margin": 0.0476694456794155,
      "fcf_margin": 0.10121298201576129,
      "incr_op_margin_yoy": 0.25935075270243385,
      "rev_growth_yoy": 0.3111461895992283,
      "rev_growth_yoy_accel": -0.05510902710363891,
      "op_leverage_ratio": 1.3070649210356962,
      "fcf_margin_change": -0.025068204840414055
    },
    {
      "date": "2025-03-31T00:00:00",
      "quarter_label": "2025-03 (Q1)",
      "revenue": 262407000,
      "gross_profit": 91524000,
      "operating_income": 14577000,
      "net_income": 5319000,
      "opex": 247830000,
      "cogs": 170883000,
      "rd": null,
      "sga": null,
      "fcf": 28551000,
      "ocf": 28712000,
      "capex": -161000,
      "gross_margin": 0.3487864271913478,
      "op_margin": 0.055551109535949876,
      "fcf_margin": 0.10880426208142313,
      "incr_op_margin_yoy": 0.29002423353120343,
      "rev_growth_yoy": 0.20686848060047464,
      "rev_growth_yoy_accel": -0.10427770899875366,
      "op_leverage_ratio": 1.3578826384498384,
      "fcf_margin_change": 0.007591280065661843
    },
    {
      "date": "2025-06-30T00:00:00",
      "quarter_label": "2025-06 (Q2)",
      "revenue": 269217000,
      "gross_profit": 95070000,
      "operating_income": 24324000,
      "net_income": 16688000,
      "opex": 244893000,
      "cogs": 174147000,
      "rd": null,
      "sga": null,
      "fcf": 25585000,
      "ocf": 25787000,
      "capex": -202000,
      "gross_margin": 0.35313520320039227,
      "op_margin": 0.09035090651779049,
      "fcf_margin": 0.0950348603542867,
      "incr_op_margin_yoy": 0.41211761333387936,
      "rev_growth_yoy": 0.22160913698673648,
      "rev_growth_yoy_accel": 0.014740656386261847,
      "op_leverage_ratio": null,
      "fcf_margin_change": -0.013769401727136435
    },
    {
      "date": "2025-09-30T00:00:00",
      "quarter_label": "2025-09 (Q3)",
      "revenue": 277911000,
      "gross_profit": 94445000,
      "operating_income": 19468000,
      "net_income": 6055000,
      "opex": 258443000,
      "cogs": 183466000,
      "rd": null,
      "sga": null,
      "fcf": 41189000,
      "ocf": 41416000,
      "capex": -227000,
      "gross_margin": 0.33983901320926485,
      "op_margin": 0.07005120344282882,
      "fcf_margin": 0.14820931881069838,
      "incr_op_margin_yoy": 0.28391773285009386,
      "rev_growth_yoy": 0.1973297028551241,
      "rev_growth_yoy_accel": -0.024279434131612376,
      "op_leverage_ratio": 0.5836523408660022,
      "fcf_margin_change": 0.05317445845641168
    },
    {
      "date": "2025-12-31T00:00:00",
      "quarter_label": "2025-12 (Q4)",
      "revenue": 324893000,
      "gross_profit": 111725000,
      "operating_income": 28710000,
      "net_income": 5246000,
      "opex": 296183000,
      "cogs": 213168000,
      "rd": null,
      "sga": null,
      "fcf": 68912000,
      "ocf": 69089000,
      "capex": -177000,
      "gross_margin": 0.3438824474519303,
      "op_margin": 0.088367554856522,
      "fcf_margin": 0.2121067551470792,
      "incr_op_margin_yoy": 0.23462375929643978,
      "rev_growth_yoy": 0.2782658645693579,
      "rev_growth_yoy_accel": 0.08093616171423382,
      "op_leverage_ratio": 1.1576802957034715,
      "fcf_margin_change": 0.06389743633638081
    }
  ],
  "signals": [
    {
      "quarter": "2025-12 (Q4)",
      "signal": "FCF MARGIN EXPANSION",
      "detail": "FCF margin: +14.8% -> +21.2% (+6.4%)",
      "severity": "MEDIUM"
    },
    {
      "quarter": "2025-12 (Q4)",
      "signal": "YoY REVENUE GROWTH ACCELERATION",
      "detail": "YoY growth: +27.8% vs prior quarter YoY: +19.7% (accel: +8.1%)",
      "severity": "MEDIUM"
    },
    {
      "quarter": "2025-12 (Q4)",
      "signal": "INCREMENTAL MARGIN (YoY)",
      "detail": "YoY Incr OPM: +23.5% vs year-ago OPM: +4.8%",
      "severity": "MEDIUM"
    },
    {
      "quarter": "2025-09 (Q3)",
      "signal": "FCF MARGIN EXPANSION",
      "detail": "FCF margin: +9.5% -> +14.8% (+5.3%)",
      "severity": "MEDIUM"
    },
    {
      "quarter": "2025-09 (Q3)",
      "signal": "INCREMENTAL MARGIN (YoY)",
      "detail": "YoY Incr OPM: +28.4% vs year-ago OPM: +2.8%",
      "severity": "HIGH"
    },
    {
      "quarter": "2025-06 (Q2)",
      "signal": "INCREMENTAL MARGIN (YoY)",
      "detail": "YoY Incr OPM: +41.2% vs year-ago OPM: +1.9%",
      "severity": "HIGH"
    },
    {
      "quarter": "2025-03 (Q1)",
      "signal": "YoY REVENUE GROWTH DECELERATION",
      "detail": "YoY growth: +20.7% vs prior quarter YoY: +31.1% (decel: -10.4%)",
      "severity": "WARNING"
    },
    {
      "quarter": "2025-03 (Q1)",
      "signal": "INCREMENTAL MARGIN (YoY)",
      "detail": "YoY Incr OPM: +29.0% vs year-ago OPM: +0.7%",
      "severity": "HIGH"
    },
    {
      "quarter": "2024-12 (Q4)",
      "signal": "YoY REVENUE GROWTH DECELERATION",
      "detail": "YoY growth: +31.1% vs prior quarter YoY: +36.6% (decel: -5.5%)",
      "severity": "WARNING"
    },
    {
      "quarter": "2024-12 (Q4)",
      "signal": "OP MARGIN TURNED POSITIVE (YoY)",
      "detail": "Op margin: -1.8% (year-ago) -> +4.8%",
      "severity": "HIGH"
    },
    {
      "quarter": "2024-09 (Q3)",
      "signal": "OP MARGIN TURNED POSITIVE (YoY)",
      "detail": "Op margin: -6.9% (year-ago) -> +2.8%",
      "severity": "HIGH"
    },
    {
      "quarter": "2024-06 (Q2)",
      "signal": "OPERATING LEVERAGE",
      "detail": "Rev growth +1.4% vs OpEx growth +0.1% (leverage: 10.2x)",
      "severity": "MEDIUM"
    },
    {
      "quarter": "2024-06 (Q2)",
      "signal": "OP MARGIN TURNED POSITIVE (YoY)",
      "detail": "Op margin: -8.7% (year-ago) -> +1.9%",
      "severity": "HIGH"
    },
    {
      "quarter": "2024-03 (Q1)",
      "signal": "FCF MARGIN EXPANSION",
      "detail": "FCF margin: +0.3% -> +14.1% (+13.8%)",
      "severity": "MEDIUM"
    },
    {
      "quarter": "2024-03 (Q1)",
      "signal": "YoY REVENUE GROWTH ACCELERATION",
      "detail": "YoY growth: +33.9% vs prior quarter YoY: +17.1% (accel: +16.8%)",
      "severity": "HIGH"
    },
    {
      "quarter": "2024-03 (Q1)",
      "signal": "OP MARGIN TURNED POSITIVE (YoY)",
      "detail": "Op margin: -13.6% (year-ago) -> +0.7%",
      "severity": "HIGH"
    },
    {
      "quarter": "2024-03 (Q1)",
      "signal": "OP MARGIN TURNED POSITIVE (QoQ)",
      "detail": "Op margin: -1.8% -> +0.7%",
      "severity": "HIGH"
    },
    {
      "quarter": "2023-12 (Q4)",
      "signal": "OPERATING LEVERAGE",
      "detail": "Rev growth +14.1% vs OpEx growth +8.7% (leverage: 1.6x)",
      "severity": "MEDIUM"
    },
    {
      "quarter": "2023-09 (Q3)",
      "signal": "FCF TURNED POSITIVE",
      "detail": "FCF margin: -8.0% -> +17.7%",
      "severity": "HIGH"
    },
    {
      "quarter": "2023-09 (Q3)",
      "signal": "OPERATING LEVERAGE",
      "detail": "Rev growth +2.9% vs OpEx growth +1.2% (leverage: 2.4x)",
      "severity": "MEDIUM"
    },
    {
      "quarter": "2023-06 (Q2)",
      "signal": "FCF MARGIN EXPANSION",
      "detail": "FCF margin: -15.2% -> -8.0% (+7.2%)",
      "severity": "MEDIUM"
    },
    {
      "quarter": "2023-06 (Q2)",
      "signal": "YoY REVENUE GROWTH DECELERATION",
      "detail": "YoY growth: +14.8% vs prior quarter YoY: +20.3% (decel: -5.5%)",
      "severity": "WARNING"
    },
    {
      "quarter": "2023-03 (Q1)",
      "signal": "YoY REVENUE GROWTH DECELERATION",
      "detail": "YoY growth: +20.3% vs prior quarter YoY: +26.8% (decel: -6.5%)",
      "severity": "WARNING"
    },
    {
      "quarter": "2022-12 (Q4)",
      "signal": "YoY REVENUE GROWTH ACCELERATION",
      "detail": "YoY growth: +26.8% vs prior quarter YoY: +20.4% (accel: +6.4%)",
      "severity": "MEDIUM"
    },
    {
      "quarter": "2022-09 (Q3)",
      "signal": "FCF TURNED POSITIVE",
      "detail": "FCF margin: -17.4% -> +5.2%",
      "severity": "HIGH"
    },
    {
      "quarter": "2022-06 (Q2)",
      "signal": "FCF MARGIN EXPANSION",
      "detail": "FCF margin: -28.2% -> -17.4% (+10.8%)",
      "severity": "MEDIUM"
    },
    {
      "quarter": "2021-06 (Q2)",
      "signal": "FCF TURNED POSITIVE",
      "detail": "FCF margin: -10.4% -> +0.3%",
      "severity": "HIGH"
    }
  ],
  "data_quality": {
    "n_quarters": 20,
    "coverage": {
      "revenue": [
        20,
        20
      ],
      "gross_profit": [
        20,
        20
      ],
      "op_income": [
        20,
        20
      ],
      "fcf": [
        20,
        20
      ]
    },
    "gaps": [],
    "warnings": []
  },
  "market_cap": null,
  "source": "SEC EDGAR",
  "last_updated": "2026-02-24T10:26:44.135644"
}