{
  "ticker": "RSSS",
  "name": "RESEARCH SOLUTIONS,\u00a0INC.",
  "quarters": [
    {
      "date": "2020-12-31T00:00:00",
      "quarter_label": "2020-12 (Q4)",
      "revenue": 7449735,
      "gross_profit": 2391582,
      "operating_income": -261005,
      "net_income": -260606,
      "opex": 2652587,
      "cogs": 5058153,
      "rd": null,
      "sga": 2649548,
      "fcf": -40825,
      "ocf": -38995,
      "capex": -1830,
      "gross_margin": 0.3210291372780374,
      "op_margin": -0.03503547441620407,
      "fcf_margin": -0.00548006070014571
    },
    {
      "date": "2021-03-31T00:00:00",
      "quarter_label": "2021-03 (Q1)",
      "revenue": 8340532,
      "gross_profit": 2702640,
      "operating_income": 50070,
      "net_income": 49748,
      "opex": 2652570,
      "cogs": 5637892,
      "rd": null,
      "sga": 2650504,
      "fcf": 1329859,
      "ocf": 1335578,
      "capex": -5719,
      "gross_margin": 0.32403688397814434,
      "op_margin": 0.00600321418345976,
      "fcf_margin": 0.1594453447334055,
      "op_leverage_ratio": Infinity,
      "fcf_margin_change": 0.1649254054335512
    },
    {
      "date": "2021-06-30T00:00:00",
      "quarter_label": "2021-06 (Q2)",
      "revenue": 8217653,
      "gross_profit": 2742216,
      "operating_income": -89012,
      "net_income": -88876,
      "opex": 2831228,
      "cogs": 5475437,
      "rd": null,
      "sga": 2828534,
      "fcf": -359651,
      "ocf": -351650,
      "capex": -8001,
      "gross_margin": 0.3336981982568502,
      "op_margin": -0.010831803192468702,
      "fcf_margin": -0.04376565912432662,
      "fcf_margin_change": -0.2032110038577321
    },
    {
      "date": "2021-09-30T00:00:00",
      "quarter_label": "2021-09 (Q3)",
      "revenue": 7742504,
      "gross_profit": 2660375,
      "operating_income": -366508,
      "net_income": -372002,
      "opex": 3026883,
      "cogs": 5082129,
      "rd": null,
      "sga": 3023987,
      "fcf": -75890,
      "ocf": -72247,
      "capex": -3643,
      "gross_margin": 0.3436065386598444,
      "op_margin": -0.04733714054264615,
      "fcf_margin": -0.009801738558998484,
      "fcf_margin_change": 0.03396392056532813
    },
    {
      "date": "2021-12-31T00:00:00",
      "quarter_label": "2021-12 (Q4)",
      "revenue": 7872287,
      "gross_profit": 2837660,
      "operating_income": -481849,
      "net_income": -481585,
      "opex": 3319509,
      "cogs": 5034627,
      "rd": null,
      "sga": 3315249,
      "fcf": -268000,
      "ocf": -244652,
      "capex": -23348,
      "gross_margin": 0.36046195978373247,
      "op_margin": -0.06120826133498436,
      "fcf_margin": -0.03404347427882139,
      "rev_growth_yoy": 0.056720406833263196,
      "op_leverage_ratio": 0.17338802265669093,
      "fcf_margin_change": -0.024241735719822903
    },
    {
      "date": "2022-03-31T00:00:00",
      "quarter_label": "2022-03 (Q1)",
      "revenue": 8757352,
      "gross_profit": 3238497,
      "operating_income": -339945,
      "net_income": -340530,
      "opex": 3578442,
      "cogs": 5518855,
      "rd": null,
      "sga": 3573454,
      "fcf": -93072,
      "ocf": -85812,
      "capex": -7260,
      "gross_margin": 0.36980322362284856,
      "op_margin": -0.03881824094772027,
      "fcf_margin": -0.01062787015983827,
      "rev_growth_yoy": 0.049975229397836975,
      "rev_growth_yoy_accel": -0.006745177435426221,
      "op_leverage_ratio": 1.441320937286623,
      "fcf_margin_change": 0.023415604118983115
    },
    {
      "date": "2022-06-30T00:00:00",
      "quarter_label": "2022-06 (Q2)",
      "revenue": 8562009,
      "gross_profit": 3283142,
      "operating_income": -443614,
      "net_income": -438267,
      "opex": 3726756,
      "cogs": 5278867,
      "rd": null,
      "sga": 3721249,
      "fcf": -24526,
      "ocf": -14489,
      "capex": -10037,
      "gross_margin": 0.3834546307998508,
      "op_margin": -0.051811905360062104,
      "fcf_margin": -0.0028645146250138257,
      "rev_growth_yoy": 0.0419044221020284,
      "rev_growth_yoy_accel": -0.008070807295808571,
      "fcf_margin_change": 0.007763355534824445
    },
    {
      "date": "2022-09-30T00:00:00",
      "quarter_label": "2022-09 (Q3)",
      "revenue": 8684643,
      "gross_profit": 3349248,
      "operating_income": 179629,
      "net_income": 214565,
      "opex": 3169619,
      "cogs": 5335395,
      "rd": null,
      "sga": 3163807,
      "fcf": 105198,
      "ocf": 108879,
      "capex": -3681,
      "gross_margin": 0.3856517763597191,
      "op_margin": 0.02068352147578202,
      "fcf_margin": 0.01211310585823735,
      "rev_growth_yoy": 0.12168401850357455,
      "rev_growth_yoy_accel": 0.07977959640154614,
      "op_leverage_ratio": Infinity,
      "fcf_margin_change": 0.014977620483251176
    },
    {
      "date": "2022-12-31T00:00:00",
      "quarter_label": "2022-12 (Q4)",
      "revenue": 8716666,
      "gross_profit": 3403827,
      "operating_income": -329443,
      "net_income": -255530,
      "opex": 3733270,
      "cogs": 5312839,
      "rd": null,
      "sga": 3726928,
      "fcf": 899511,
      "ocf": 914706,
      "capex": -15195,
      "gross_margin": 0.39049643521961264,
      "op_margin": -0.037794610921193954,
      "fcf_margin": 0.10319438647758214,
      "rev_growth_yoy": 0.1072596819704363,
      "rev_growth_yoy_accel": -0.014424336533138252,
      "fcf_margin_change": 0.09108128061934478
    },
    {
      "date": "2023-03-31T00:00:00",
      "quarter_label": "2023-03 (Q1)",
      "revenue": 10342426,
      "gross_profit": 4027273,
      "operating_income": 133139,
      "net_income": 236842,
      "opex": 3894134,
      "cogs": 6315153,
      "rd": null,
      "sga": 3875802,
      "fcf": 837671,
      "ocf": 848771,
      "capex": -11100,
      "gross_margin": 0.38939345565537525,
      "op_margin": 0.012873091864519988,
      "fcf_margin": 0.0809936662829398,
      "incr_op_margin_yoy": 0.29846177528620116,
      "rev_growth_yoy": 0.18099923355827197,
      "rev_growth_yoy_accel": 0.07373955158783567,
      "op_leverage_ratio": 4.328491465920764,
      "fcf_margin_change": -0.022200720194642337
    },
    {
      "date": "2023-06-30T00:00:00",
      "quarter_label": "2023-06 (Q2)",
      "revenue": 9959717,
      "gross_profit": 3920543,
      "operating_income": 255283,
      "net_income": 375746,
      "opex": 3665260,
      "cogs": 6039174,
      "rd": null,
      "sga": 3643097,
      "fcf": 1494258,
      "ocf": 1511491,
      "capex": -17233,
      "gross_margin": 0.3936400000120485,
      "op_margin": 0.0256315515792266,
      "fcf_margin": 0.15003016651979167,
      "incr_op_margin_yoy": 0.5000307646518443,
      "rev_growth_yoy": 0.16324533179070472,
      "rev_growth_yoy_accel": -0.01775390176756725,
      "fcf_margin_change": 0.06903650023685187
    },
    {
      "date": "2023-09-30T00:00:00",
      "quarter_label": "2023-09 (Q3)",
      "revenue": 10060971,
      "gross_profit": 4031565,
      "operating_income": -1098952,
      "net_income": -988043,
      "opex": 5130517,
      "cogs": 6029406,
      "rd": null,
      "sga": 5070897,
      "fcf": -789396,
      "ocf": -755571,
      "capex": -33825,
      "gross_margin": 0.4007133108722806,
      "op_margin": -0.10922921853169043,
      "fcf_margin": -0.07846121413131993,
      "incr_op_margin_yoy": -0.9289798652646752,
      "rev_growth_yoy": 0.15847836232301085,
      "rev_growth_yoy_accel": -0.004766969467693866,
      "op_leverage_ratio": 0.02543057459382003,
      "fcf_margin_change": -0.2284913806511116
    },
    {
      "date": "2023-12-31T00:00:00",
      "quarter_label": "2023-12 (Q4)",
      "revenue": 10313742,
      "gross_profit": 4483802,
      "operating_income": -419997,
      "net_income": -53628,
      "opex": 4903799,
      "cogs": 5829940,
      "rd": null,
      "sga": 4748050,
      "fcf": 306745,
      "ocf": 328683,
      "capex": -21938,
      "gross_margin": 0.4347405626396317,
      "op_margin": -0.040722077399260134,
      "fcf_margin": 0.029741387752379302,
      "incr_op_margin_yoy": -0.0566998690106169,
      "rev_growth_yoy": 0.18322097003602064,
      "rev_growth_yoy_accel": 0.02474260771300979,
      "op_leverage_ratio": Infinity,
      "fcf_margin_change": 0.10820260188369923
    },
    {
      "date": "2024-03-31T00:00:00",
      "quarter_label": "2024-03 (Q1)",
      "revenue": 12115672,
      "gross_profit": 5481932,
      "operating_income": 87663,
      "net_income": 76301,
      "opex": 5394269,
      "cogs": 6633740,
      "rd": null,
      "sga": 5084371,
      "fcf": 2014681,
      "ocf": 2016679,
      "capex": -1998,
      "gross_margin": 0.4524661941987205,
      "op_margin": 0.007235504559714063,
      "fcf_margin": 0.16628718572110568,
      "incr_op_margin_yoy": -0.025645623901026704,
      "rev_growth_yoy": 0.17145358352092632,
      "rev_growth_yoy_accel": -0.011767386515094319,
      "op_leverage_ratio": 1.7467946968525707,
      "fcf_margin_change": 0.13654579796872637
    },
    {
      "date": "2024-06-30T00:00:00",
      "quarter_label": "2024-06 (Q2)",
      "revenue": 12133514,
      "gross_profit": 5642866,
      "operating_income": 661743,
      "net_income": -2821227,
      "opex": 4981123,
      "cogs": 6490648,
      "rd": null,
      "sga": 4670119,
      "fcf": 1947414,
      "ocf": 1961163,
      "capex": -13749,
      "gross_margin": 0.4650644487656255,
      "op_margin": 0.05453844615830171,
      "fcf_margin": 0.16049876400192062,
      "incr_op_margin_yoy": 0.18698158107679788,
      "rev_growth_yoy": 0.21825891237672718,
      "rev_growth_yoy_accel": 0.046805328855800854,
      "fcf_margin_change": -0.005788421719185061
    },
    {
      "date": "2024-09-30T00:00:00",
      "quarter_label": "2024-09 (Q3)",
      "revenue": 12044482,
      "gross_profit": 5765876,
      "operating_income": 646691,
      "net_income": 669004,
      "opex": 5119185,
      "cogs": 6278606,
      "rd": null,
      "sga": 4807090,
      "fcf": 843119,
      "ocf": 843119,
      "capex": null,
      "gross_margin": 0.4787151493937224,
      "op_margin": 0.05369188977990087,
      "fcf_margin": 0.07000043671450545,
      "incr_op_margin_yoy": 0.8800772972774036,
      "rev_growth_yoy": 0.19714906245132802,
      "rev_growth_yoy_accel": -0.02110984992539916,
      "fcf_margin_change": -0.09049832728741516
    },
    {
      "date": "2024-12-31T00:00:00",
      "quarter_label": "2024-12 (Q4)",
      "revenue": 11914219,
      "gross_profit": 5821093,
      "operating_income": 92847,
      "net_income": -1980234,
      "opex": 5728246,
      "cogs": 6093126,
      "rd": null,
      "sga": 5422013,
      "fcf": 1028374,
      "ocf": 1028374,
      "capex": null,
      "gross_margin": 0.48858368307649874,
      "op_margin": 0.007792957305888032,
      "fcf_margin": 0.08631484783014312,
      "incr_op_margin_yoy": 0.32043197121858047,
      "rev_growth_yoy": 0.1551790804928027,
      "rev_growth_yoy_accel": -0.041969981958525304,
      "fcf_margin_change": 0.016314411115637667
    },
    {
      "date": "2025-03-31T00:00:00",
      "quarter_label": "2025-03 (Q1)",
      "revenue": 12661363,
      "gross_profit": 6267080,
      "operating_income": 556922,
      "net_income": 216470,
      "opex": 5710158,
      "cogs": 6394283,
      "rd": null,
      "sga": 5398145,
      "fcf": 2886591,
      "ocf": 2892758,
      "capex": -6167,
      "gross_margin": 0.4949767256495213,
      "op_margin": 0.043985943693423846,
      "fcf_margin": 0.22798422255171105,
      "rev_growth_yoy": 0.0450400935251466,
      "rev_growth_yoy_accel": -0.11013898696765612,
      "op_leverage_ratio": Infinity,
      "fcf_margin_change": 0.14166937472156793
    },
    {
      "date": "2025-06-30T00:00:00",
      "quarter_label": "2025-06 (Q2)",
      "revenue": 12437917,
      "gross_profit": 6341902,
      "operating_income": 1204751,
      "net_income": 2360313,
      "opex": 5137151,
      "cogs": 6096015,
      "rd": null,
      "sga": 4822130,
      "fcf": 2251225,
      "ocf": 2258915,
      "capex": -7690,
      "gross_margin": 0.5098845731162219,
      "op_margin": 0.09686115448430795,
      "fcf_margin": 0.18099694667523508,
      "rev_growth_yoy": 0.025087785780772167,
      "rev_growth_yoy_accel": -0.019952307744374436,
      "fcf_margin_change": -0.04698727587647597
    },
    {
      "date": "2025-09-30T00:00:00",
      "quarter_label": "2025-09 (Q3)",
      "revenue": 12312185,
      "gross_profit": 6225298,
      "operating_income": 961671,
      "net_income": 749387,
      "opex": 5263627,
      "cogs": 6086887,
      "rd": null,
      "sga": 4947561,
      "fcf": 1089580,
      "ocf": 1107119,
      "capex": -17539,
      "gross_margin": 0.5056208950726455,
      "op_margin": 0.07810725716028472,
      "fcf_margin": 0.08849607116852126,
      "rev_growth_yoy": 0.022226194534559478,
      "rev_growth_yoy_accel": -0.0028615912462126893,
      "fcf_margin_change": -0.09250087550671382
    }
  ],
  "signals": [
    {
      "quarter": "2025-03 (Q1)",
      "signal": "FCF MARGIN EXPANSION",
      "detail": "FCF margin: +8.6% -> +22.8% (+14.2%)",
      "severity": "MEDIUM"
    },
    {
      "quarter": "2025-03 (Q1)",
      "signal": "YoY REVENUE GROWTH DECELERATION",
      "detail": "YoY growth: +4.5% vs prior quarter YoY: +15.5% (decel: -11.0%)",
      "severity": "WARNING"
    },
    {
      "quarter": "2024-12 (Q4)",
      "signal": "OP MARGIN TURNED POSITIVE (YoY)",
      "detail": "Op margin: -4.1% (year-ago) -> +0.8%",
      "severity": "HIGH"
    },
    {
      "quarter": "2024-09 (Q3)",
      "signal": "OP MARGIN TURNED POSITIVE (YoY)",
      "detail": "Op margin: -10.9% (year-ago) -> +5.4%",
      "severity": "HIGH"
    },
    {
      "quarter": "2024-06 (Q2)",
      "signal": "INCREMENTAL MARGIN (YoY)",
      "detail": "YoY Incr OPM: +18.7% vs year-ago OPM: +2.6%",
      "severity": "MEDIUM"
    },
    {
      "quarter": "2024-03 (Q1)",
      "signal": "FCF MARGIN EXPANSION",
      "detail": "FCF margin: +3.0% -> +16.6% (+13.7%)",
      "severity": "MEDIUM"
    },
    {
      "quarter": "2024-03 (Q1)",
      "signal": "OPERATING LEVERAGE",
      "detail": "Rev growth +17.5% vs OpEx growth +10.0% (leverage: 1.7x)",
      "severity": "MEDIUM"
    },
    {
      "quarter": "2024-03 (Q1)",
      "signal": "OP MARGIN TURNED POSITIVE (QoQ)",
      "detail": "Op margin: -4.1% -> +0.7%",
      "severity": "HIGH"
    },
    {
      "quarter": "2023-12 (Q4)",
      "signal": "FCF TURNED POSITIVE",
      "detail": "FCF margin: -7.8% -> +3.0%",
      "severity": "HIGH"
    },
    {
      "quarter": "2023-06 (Q2)",
      "signal": "FCF MARGIN EXPANSION",
      "detail": "FCF margin: +8.1% -> +15.0% (+6.9%)",
      "severity": "MEDIUM"
    },
    {
      "quarter": "2023-06 (Q2)",
      "signal": "OP MARGIN TURNED POSITIVE (YoY)",
      "detail": "Op margin: -5.2% (year-ago) -> +2.6%",
      "severity": "HIGH"
    },
    {
      "quarter": "2023-03 (Q1)",
      "signal": "OPERATING LEVERAGE",
      "detail": "Rev growth +18.7% vs OpEx growth +4.3% (leverage: 4.3x)",
      "severity": "MEDIUM"
    },
    {
      "quarter": "2023-03 (Q1)",
      "signal": "YoY REVENUE GROWTH ACCELERATION",
      "detail": "YoY growth: +18.1% vs prior quarter YoY: +10.7% (accel: +7.4%)",
      "severity": "MEDIUM"
    },
    {
      "quarter": "2023-03 (Q1)",
      "signal": "OP MARGIN TURNED POSITIVE (YoY)",
      "detail": "Op margin: -3.9% (year-ago) -> +1.3%",
      "severity": "HIGH"
    },
    {
      "quarter": "2023-03 (Q1)",
      "signal": "OP MARGIN TURNED POSITIVE (QoQ)",
      "detail": "Op margin: -3.8% -> +1.3%",
      "severity": "HIGH"
    },
    {
      "quarter": "2022-12 (Q4)",
      "signal": "FCF MARGIN EXPANSION",
      "detail": "FCF margin: +1.2% -> +10.3% (+9.1%)",
      "severity": "MEDIUM"
    },
    {
      "quarter": "2022-09 (Q3)",
      "signal": "FCF TURNED POSITIVE",
      "detail": "FCF margin: -0.3% -> +1.2%",
      "severity": "HIGH"
    },
    {
      "quarter": "2022-09 (Q3)",
      "signal": "YoY REVENUE GROWTH ACCELERATION",
      "detail": "YoY growth: +12.2% vs prior quarter YoY: +4.2% (accel: +8.0%)",
      "severity": "MEDIUM"
    },
    {
      "quarter": "2022-09 (Q3)",
      "signal": "OP MARGIN TURNED POSITIVE (YoY)",
      "detail": "Op margin: -4.7% (year-ago) -> +2.1%",
      "severity": "HIGH"
    },
    {
      "quarter": "2022-09 (Q3)",
      "signal": "OP MARGIN TURNED POSITIVE (QoQ)",
      "detail": "Op margin: -5.2% -> +2.1%",
      "severity": "HIGH"
    },
    {
      "quarter": "2021-03 (Q1)",
      "signal": "FCF TURNED POSITIVE",
      "detail": "FCF margin: -0.5% -> +15.9%",
      "severity": "HIGH"
    },
    {
      "quarter": "2021-03 (Q1)",
      "signal": "OP MARGIN TURNED POSITIVE (QoQ)",
      "detail": "Op margin: -3.5% -> +0.6%",
      "severity": "HIGH"
    }
  ],
  "data_quality": {
    "n_quarters": 20,
    "coverage": {
      "revenue": [
        20,
        20
      ],
      "gross_profit": [
        20,
        20
      ],
      "op_income": [
        20,
        20
      ],
      "fcf": [
        20,
        20
      ]
    },
    "gaps": [],
    "warnings": []
  },
  "market_cap": null,
  "source": "SEC EDGAR",
  "last_updated": "2026-02-02T23:22:31.675058"
}