{
  "ticker": "RUM",
  "name": "RUMBLE INC.",
  "quarters": [
    {
      "date": "2021-09-30T00:00:00",
      "quarter_label": "2021-09 (Q3)",
      "revenue": 2069473,
      "gross_profit": 259861,
      "operating_income": -674013,
      "net_income": 862906,
      "opex": 1832387,
      "cogs": 1809612,
      "rd": 314062,
      "sga": null,
      "fcf": null,
      "ocf": null,
      "capex": null,
      "gross_margin": 0.12556868342809982,
      "op_margin": -0.3256930629198835,
      "fcf_margin": null
    },
    {
      "date": "2021-12-31T00:00:00",
      "quarter_label": "2021-12 (Q4)",
      "revenue": 2939548,
      "gross_profit": null,
      "operating_income": -1784718,
      "net_income": -17398779,
      "opex": 16208608,
      "cogs": null,
      "rd": 781613,
      "sga": null,
      "fcf": -5097497,
      "ocf": -5097497,
      "capex": null,
      "gross_margin": null,
      "op_margin": -0.6071402814310227,
      "fcf_margin": -1.7341091215384135,
      "op_leverage_ratio": 0.05358822684923556
    },
    {
      "date": "2022-03-31T00:00:00",
      "quarter_label": "2022-03 (Q1)",
      "revenue": 4044765,
      "gross_profit": 1124,
      "operating_income": -656192,
      "net_income": -10096418,
      "opex": 7966781,
      "cogs": 3742570,
      "rd": 792332,
      "sga": null,
      "fcf": -3717779,
      "ocf": -3717779,
      "capex": null,
      "gross_margin": 0.00027789006283430556,
      "op_margin": -0.16223241646918918,
      "fcf_margin": -0.9191582205641119,
      "op_leverage_ratio": Infinity,
      "fcf_margin_change": 0.8149509009743016
    },
    {
      "date": "2022-06-30T00:00:00",
      "quarter_label": "2022-06 (Q2)",
      "revenue": 4399312,
      "gross_profit": null,
      "operating_income": -603144,
      "net_income": 18760613,
      "opex": 9100976,
      "cogs": null,
      "rd": 1191567,
      "sga": null,
      "fcf": -5581103,
      "ocf": -5581103,
      "capex": null,
      "gross_margin": null,
      "op_margin": -0.13709961921318606,
      "fcf_margin": -1.2686308677356823,
      "op_leverage_ratio": 0.6157092401229985,
      "fcf_margin_change": -0.34947264717157045
    },
    {
      "date": "2022-09-30T00:00:00",
      "quarter_label": "2022-09 (Q3)",
      "revenue": 10983182,
      "gross_profit": 3493298,
      "operating_income": -7788088,
      "net_income": -1858452,
      "opex": 11281386,
      "cogs": 7489884,
      "rd": 1717892,
      "sga": null,
      "fcf": -8100762,
      "ocf": -8100762,
      "capex": null,
      "gross_margin": 0.31805882848886596,
      "op_margin": -0.7090921374151863,
      "fcf_margin": -0.7375605721547727,
      "incr_op_margin_yoy": -0.7981049190634336,
      "rev_growth_yoy": 4.3072361900831755,
      "op_leverage_ratio": 6.246637264593519,
      "fcf_margin_change": 0.5310702955809097
    },
    {
      "date": "2022-12-31T00:00:00",
      "quarter_label": "2022-12 (Q4)",
      "revenue": 19957025,
      "gross_profit": null,
      "operating_income": -19261364,
      "net_income": -21863320,
      "opex": 53889857,
      "cogs": null,
      "rd": 2585582,
      "sga": null,
      "fcf": -17599830,
      "ocf": -14886313,
      "capex": -2713517,
      "gross_margin": null,
      "op_margin": -0.9651420489777409,
      "fcf_margin": -0.8818864535169947,
      "incr_op_margin_yoy": -1.0269822018857437,
      "rev_growth_yoy": 5.7891475151962135,
      "rev_growth_yoy_accel": 1.481911325113038,
      "op_leverage_ratio": 0.21633002285675346,
      "fcf_margin_change": -0.14432588136222202
    },
    {
      "date": "2023-03-31T00:00:00",
      "quarter_label": "2023-03 (Q1)",
      "revenue": 17615375,
      "gross_profit": -8398990,
      "operating_income": -23644290,
      "net_income": -28668113,
      "opex": 41243759,
      "cogs": 26014365,
      "rd": 2550561,
      "sga": null,
      "fcf": -11820206,
      "ocf": -9979001,
      "capex": -1841205,
      "gross_margin": -0.4767988192133293,
      "op_margin": -1.3422530034132114,
      "fcf_margin": -0.6710164274107137,
      "incr_op_margin_yoy": -1.6939620252884726,
      "rev_growth_yoy": 3.3551046846973804,
      "rev_growth_yoy_accel": -2.434042830498833,
      "fcf_margin_change": 0.21087002610628103
    },
    {
      "date": "2023-06-30T00:00:00",
      "quarter_label": "2023-06 (Q2)",
      "revenue": 24974054,
      "gross_profit": -15875762,
      "operating_income": -34874617,
      "net_income": -29454080,
      "opex": 59848671,
      "cogs": 40849816,
      "rd": 4050584,
      "sga": null,
      "fcf": -30389502,
      "ocf": -24545827,
      "capex": -5843675,
      "gross_margin": -0.6356902247428471,
      "op_margin": -1.3964339550158738,
      "fcf_margin": -1.216842968306227,
      "incr_op_margin_yoy": -1.6657060875903085,
      "rev_growth_yoy": 4.676809010136131,
      "rev_growth_yoy_accel": 1.3217043254387502,
      "op_leverage_ratio": 0.9260588487247607,
      "fcf_margin_change": -0.5458265408955133
    },
    {
      "date": "2023-09-30T00:00:00",
      "quarter_label": "2023-09 (Q3)",
      "revenue": 17982150,
      "gross_profit": -21769325,
      "operating_income": -40215832,
      "net_income": -29021042,
      "opex": 58197982,
      "cogs": 39751475,
      "rd": 5111748,
      "sga": null,
      "fcf": -28629835,
      "ocf": -25305904,
      "capex": -3323931,
      "gross_margin": -1.2106074635124275,
      "op_margin": -2.236430682649183,
      "fcf_margin": -1.592125246424927,
      "incr_op_margin_yoy": -4.633217925842781,
      "rev_growth_yoy": 0.637244106489358,
      "rev_growth_yoy_accel": -4.039564903646773,
      "fcf_margin_change": -0.37528227811869996
    },
    {
      "date": "2023-12-31T00:00:00",
      "quarter_label": "2023-12 (Q4)",
      "revenue": 20391872,
      "gross_profit": -19149206,
      "operating_income": -37208012,
      "net_income": -29277227,
      "opex": 57599884,
      "cogs": 39541078,
      "rd": 3643495,
      "sga": null,
      "fcf": -36644703,
      "ocf": -33080581,
      "capex": -3564122,
      "gross_margin": -0.9390607198789792,
      "op_margin": -1.8246491543297252,
      "fcf_margin": -1.7970249617102343,
      "rev_growth_yoy": 0.021789169477915673,
      "rev_growth_yoy_accel": -0.6154549370114424,
      "op_leverage_ratio": Infinity,
      "fcf_margin_change": -0.20489971528530737
    },
    {
      "date": "2024-03-31T00:00:00",
      "quarter_label": "2024-03 (Q1)",
      "revenue": 17733456,
      "gross_profit": -14094898,
      "operating_income": -35004542,
      "net_income": -43290040,
      "opex": 52737998,
      "cogs": 31828354,
      "rd": 4527792,
      "sga": null,
      "fcf": -34283227,
      "ocf": -33856535,
      "capex": -426692,
      "gross_margin": -0.7948195771878871,
      "op_margin": -1.97392668411617,
      "fcf_margin": -1.93325130758494,
      "rev_growth_yoy": 0.006703291868609099,
      "rev_growth_yoy_accel": -0.015085877609306575,
      "fcf_margin_change": -0.13622634587470572
    },
    {
      "date": "2024-06-30T00:00:00",
      "quarter_label": "2024-06 (Q2)",
      "revenue": 22469543,
      "gross_profit": -13222590,
      "operating_income": -38813572,
      "net_income": -26780700,
      "opex": 61283115,
      "cogs": 35692133,
      "rd": 5319230,
      "sga": null,
      "fcf": -23099734,
      "ocf": -21735535,
      "capex": -1364199,
      "gross_margin": -0.5884672420796453,
      "op_margin": -1.7273859107859915,
      "fcf_margin": -1.0280464538152823,
      "incr_op_margin_yoy": 1.5727441404729305,
      "rev_growth_yoy": -0.10028451928549525,
      "rev_growth_yoy_accel": -0.10698781115410436,
      "op_leverage_ratio": 1.648283517662274,
      "fcf_margin_change": 0.9052048537696578
    },
    {
      "date": "2024-09-30T00:00:00",
      "quarter_label": "2024-09 (Q3)",
      "revenue": 25056904,
      "gross_profit": -11372047,
      "operating_income": -32817464,
      "net_income": -31539413,
      "opex": 57874368,
      "cogs": 36428951,
      "rd": 4650688,
      "sga": null,
      "fcf": -19924607,
      "ocf": -19060585,
      "capex": -864022,
      "gross_margin": -0.453848847407485,
      "op_margin": -1.3097174335664135,
      "fcf_margin": -0.795174335983408,
      "incr_op_margin_yoy": 1.045742085166495,
      "rev_growth_yoy": 0.393432042330867,
      "rev_growth_yoy_accel": 0.49371656161636224,
      "op_leverage_ratio": Infinity,
      "fcf_margin_change": 0.23287211783187423
    },
    {
      "date": "2024-12-31T00:00:00",
      "quarter_label": "2024-12 (Q4)",
      "revenue": 30228287,
      "gross_profit": -4294541,
      "operating_income": -24217994,
      "net_income": -236752626,
      "opex": 54446281,
      "cogs": 34522828,
      "rd": 4425610,
      "sga": null,
      "fcf": -12377021,
      "ocf": -12357820,
      "capex": -19201,
      "gross_margin": -0.14207027344950113,
      "op_margin": -0.8011699108189624,
      "fcf_margin": -0.4094516172881381,
      "incr_op_margin_yoy": 1.3206049155103765,
      "rev_growth_yoy": 0.48236939698326864,
      "rev_growth_yoy_accel": 0.08893735465240166,
      "op_leverage_ratio": Infinity,
      "fcf_margin_change": 0.3857227186952699
    },
    {
      "date": "2025-03-31T00:00:00",
      "quarter_label": "2025-03 (Q1)",
      "revenue": 23706790,
      "gross_profit": -6329384,
      "operating_income": -36383269,
      "net_income": -2650193,
      "opex": 60090059,
      "cogs": 30036174,
      "rd": 4789111,
      "sga": null,
      "fcf": -14625799,
      "ocf": -14492109,
      "capex": -133690,
      "gross_margin": -0.26698612507218394,
      "op_margin": -1.534719335683996,
      "fcf_margin": -0.6169455670717123,
      "incr_op_margin_yoy": -0.23081364611454844,
      "rev_growth_yoy": 0.3368398128373849,
      "rev_growth_yoy_accel": -0.14552958414588374,
      "fcf_margin_change": -0.20749394978357422
    },
    {
      "date": "2025-06-30T00:00:00",
      "quarter_label": "2025-06 (Q2)",
      "revenue": 25084631,
      "gross_profit": -1457676,
      "operating_income": -26639241,
      "net_income": -30224930,
      "opex": 51723872,
      "cogs": 26542307,
      "rd": 4825884,
      "sga": null,
      "fcf": -16113065,
      "ocf": -15884028,
      "capex": -229037,
      "gross_margin": -0.058110322611482704,
      "op_margin": -1.0619746011013675,
      "fcf_margin": -0.6423480975263299,
      "incr_op_margin_yoy": 4.655419244017792,
      "rev_growth_yoy": 0.11638367544902893,
      "rev_growth_yoy_accel": -0.22045613738835595,
      "op_leverage_ratio": Infinity,
      "fcf_margin_change": -0.0254025304546176
    },
    {
      "date": "2025-09-30T00:00:00",
      "quarter_label": "2025-09 (Q3)",
      "revenue": 24762445,
      "gross_profit": -456886,
      "operating_income": -28142085,
      "net_income": -16261762,
      "opex": 52904530,
      "cogs": 25219331,
      "rd": 4455354,
      "sga": null,
      "fcf": -12040100,
      "ocf": -10627895,
      "capex": -1412205,
      "gross_margin": -0.018450762838645374,
      "op_margin": -1.1364824838581167,
      "fcf_margin": -0.4862241995893378,
      "rev_growth_yoy": -0.01175161145207724,
      "rev_growth_yoy_accel": -0.12813528690110618,
      "fcf_margin_change": 0.1561238979369921
    }
  ],
  "signals": [
    {
      "quarter": "2025-09 (Q3)",
      "signal": "FCF MARGIN EXPANSION",
      "detail": "FCF margin: -64.2% -> -48.6% (+15.6%)",
      "severity": "MEDIUM"
    },
    {
      "quarter": "2025-09 (Q3)",
      "signal": "YoY REVENUE GROWTH DECELERATION",
      "detail": "YoY growth: -1.2% vs prior quarter YoY: +11.6% (decel: -12.8%)",
      "severity": "WARNING"
    },
    {
      "quarter": "2025-06 (Q2)",
      "signal": "GROSS MARGIN INFLECTION",
      "detail": "GM: -14.2% -> -26.7% -> -5.8% (reversal +20.9%)",
      "severity": "HIGH"
    },
    {
      "quarter": "2025-06 (Q2)",
      "signal": "YoY REVENUE GROWTH DECELERATION",
      "detail": "YoY growth: +11.6% vs prior quarter YoY: +33.7% (decel: -22.0%)",
      "severity": "WARNING"
    },
    {
      "quarter": "2025-03 (Q1)",
      "signal": "YoY REVENUE GROWTH DECELERATION",
      "detail": "YoY growth: +33.7% vs prior quarter YoY: +48.2% (decel: -14.6%)",
      "severity": "WARNING"
    },
    {
      "quarter": "2024-12 (Q4)",
      "signal": "FCF MARGIN EXPANSION",
      "detail": "FCF margin: -79.5% -> -40.9% (+38.6%)",
      "severity": "MEDIUM"
    },
    {
      "quarter": "2024-12 (Q4)",
      "signal": "YoY REVENUE GROWTH ACCELERATION",
      "detail": "YoY growth: +48.2% vs prior quarter YoY: +39.3% (accel: +8.9%)",
      "severity": "MEDIUM"
    },
    {
      "quarter": "2024-09 (Q3)",
      "signal": "FCF MARGIN EXPANSION",
      "detail": "FCF margin: -102.8% -> -79.5% (+23.3%)",
      "severity": "MEDIUM"
    },
    {
      "quarter": "2024-09 (Q3)",
      "signal": "YoY REVENUE GROWTH ACCELERATION",
      "detail": "YoY growth: +39.3% vs prior quarter YoY: -10.0% (accel: +49.4%)",
      "severity": "HIGH"
    },
    {
      "quarter": "2024-06 (Q2)",
      "signal": "FCF MARGIN EXPANSION",
      "detail": "FCF margin: -193.3% -> -102.8% (+90.5%)",
      "severity": "MEDIUM"
    },
    {
      "quarter": "2024-06 (Q2)",
      "signal": "OPERATING LEVERAGE",
      "detail": "Rev growth +26.7% vs OpEx growth +16.2% (leverage: 1.6x)",
      "severity": "MEDIUM"
    },
    {
      "quarter": "2024-06 (Q2)",
      "signal": "YoY REVENUE GROWTH DECELERATION",
      "detail": "YoY growth: -10.0% vs prior quarter YoY: +0.7% (decel: -10.7%)",
      "severity": "WARNING"
    },
    {
      "quarter": "2023-12 (Q4)",
      "signal": "GROSS MARGIN INFLECTION",
      "detail": "GM: -63.6% -> -121.1% -> -93.9% (reversal +27.2%)",
      "severity": "HIGH"
    },
    {
      "quarter": "2023-12 (Q4)",
      "signal": "YoY REVENUE GROWTH DECELERATION",
      "detail": "YoY growth: +2.2% vs prior quarter YoY: +63.7% (decel: -61.5%)",
      "severity": "WARNING"
    },
    {
      "quarter": "2023-09 (Q3)",
      "signal": "YoY REVENUE GROWTH DECELERATION",
      "detail": "YoY growth: +63.7% vs prior quarter YoY: +467.7% (decel: -404.0%)",
      "severity": "WARNING"
    },
    {
      "quarter": "2023-06 (Q2)",
      "signal": "YoY REVENUE GROWTH ACCELERATION",
      "detail": "YoY growth: +467.7% vs prior quarter YoY: +335.5% (accel: +132.2%)",
      "severity": "HIGH"
    },
    {
      "quarter": "2023-03 (Q1)",
      "signal": "FCF MARGIN EXPANSION",
      "detail": "FCF margin: -88.2% -> -67.1% (+21.1%)",
      "severity": "MEDIUM"
    },
    {
      "quarter": "2023-03 (Q1)",
      "signal": "YoY REVENUE GROWTH DECELERATION",
      "detail": "YoY growth: +335.5% vs prior quarter YoY: +578.9% (decel: -243.4%)",
      "severity": "WARNING"
    },
    {
      "quarter": "2022-12 (Q4)",
      "signal": "YoY REVENUE GROWTH ACCELERATION",
      "detail": "YoY growth: +578.9% vs prior quarter YoY: +430.7% (accel: +148.2%)",
      "severity": "HIGH"
    },
    {
      "quarter": "2022-09 (Q3)",
      "signal": "FCF MARGIN EXPANSION",
      "detail": "FCF margin: -126.9% -> -73.8% (+53.1%)",
      "severity": "MEDIUM"
    },
    {
      "quarter": "2022-09 (Q3)",
      "signal": "OPERATING LEVERAGE",
      "detail": "Rev growth +149.7% vs OpEx growth +24.0% (leverage: 6.2x)",
      "severity": "MEDIUM"
    },
    {
      "quarter": "2022-03 (Q1)",
      "signal": "FCF MARGIN EXPANSION",
      "detail": "FCF margin: -173.4% -> -91.9% (+81.5%)",
      "severity": "MEDIUM"
    }
  ],
  "data_quality": {
    "n_quarters": 17,
    "coverage": {
      "revenue": [
        17,
        17
      ],
      "gross_profit": [
        14,
        17
      ],
      "op_income": [
        17,
        17
      ],
      "fcf": [
        16,
        17
      ]
    },
    "gaps": [],
    "warnings": []
  },
  "market_cap": null,
  "source": "SEC EDGAR",
  "last_updated": "2026-02-02T21:36:16.012033"
}