{
  "ticker": "RUSHA",
  "name": "RUSH ENTERPRISES, INC.",
  "quarters": [
    {
      "date": "2020-12-31T00:00:00",
      "quarter_label": "2020-12 (Q4)",
      "revenue": 1268197000,
      "gross_profit": 236183000,
      "operating_income": 53539000,
      "net_income": 41025000,
      "opex": 182644000,
      "cogs": 1032014000,
      "rd": null,
      "sga": 168502000,
      "fcf": 144152000,
      "ocf": 172513000,
      "capex": -28361000,
      "gross_margin": 0.18623526155636702,
      "op_margin": 0.04221662722747333,
      "fcf_margin": 0.11366688298426822
    },
    {
      "date": "2021-03-31T00:00:00",
      "quarter_label": "2021-03 (Q1)",
      "revenue": 1231806000,
      "gross_profit": 244814000,
      "operating_income": 56225000,
      "net_income": 45333000,
      "opex": 188589000,
      "cogs": 986992000,
      "rd": null,
      "sga": 174955000,
      "fcf": 7208000,
      "ocf": 40141000,
      "capex": -32933000,
      "gross_margin": 0.19874395805833062,
      "op_margin": 0.045644362829861194,
      "fcf_margin": 0.0058515707830616185,
      "fcf_margin_change": -0.1078153122012066
    },
    {
      "date": "2021-06-30T00:00:00",
      "quarter_label": "2021-06 (Q2)",
      "revenue": 1316015000,
      "gross_profit": 270782000,
      "operating_income": 72791000,
      "net_income": 58044000,
      "opex": 197991000,
      "cogs": 1045233000,
      "rd": null,
      "sga": 184734000,
      "fcf": 146143000,
      "ocf": 197562000,
      "capex": -51419000,
      "gross_margin": 0.20575905289833324,
      "op_margin": 0.05531167957812031,
      "fcf_margin": 0.11104964609066006,
      "op_leverage_ratio": 1.3712363129753438,
      "fcf_margin_change": 0.10519807530759845
    },
    {
      "date": "2021-09-30T00:00:00",
      "quarter_label": "2021-09 (Q3)",
      "revenue": 1266521000,
      "gross_profit": 282295000,
      "operating_income": 90169000,
      "net_income": 69399000,
      "opex": 192126000,
      "cogs": 984226000,
      "rd": null,
      "sga": 179890000,
      "fcf": 162976000,
      "ocf": 200942000,
      "capex": -37966000,
      "gross_margin": 0.22289010604640586,
      "op_margin": 0.0711942399691754,
      "fcf_margin": 0.12868006136495172,
      "fcf_margin_change": 0.017630415274291655
    },
    {
      "date": "2021-12-31T00:00:00",
      "quarter_label": "2021-12 (Q4)",
      "revenue": 1311800000,
      "gross_profit": 294407000,
      "operating_income": 89851000,
      "net_income": 68639000,
      "opex": 204556000,
      "cogs": 1017393000,
      "rd": null,
      "sga": 191761000,
      "fcf": -61158000,
      "ocf": -16299000,
      "capex": -44859000,
      "gross_margin": 0.22442979112669614,
      "op_margin": 0.06849443512730599,
      "fcf_margin": -0.04662143619454185,
      "incr_op_margin_yoy": 0.8327867348576933,
      "rev_growth_yoy": 0.03438188231008274,
      "op_leverage_ratio": 0.5525854481183361,
      "fcf_margin_change": -0.17530149755949356
    },
    {
      "date": "2022-03-31T00:00:00",
      "quarter_label": "2022-03 (Q1)",
      "revenue": 1563202000,
      "gross_profit": 345440000,
      "operating_income": 107499000,
      "net_income": 92453000,
      "opex": 237941000,
      "cogs": 1217762000,
      "rd": null,
      "sga": 224447000,
      "fcf": -11104000,
      "ocf": 34585000,
      "capex": -45689000,
      "gross_margin": 0.22098231706458923,
      "op_margin": 0.06876846370462679,
      "fcf_margin": -0.00710336859855604,
      "incr_op_margin_yoy": 0.15472123984598488,
      "rev_growth_yoy": 0.26903262364365815,
      "rev_growth_yoy_accel": 0.2346507413335754,
      "op_leverage_ratio": 1.174253717806161,
      "fcf_margin_change": 0.039518067595985806
    },
    {
      "date": "2022-06-30T00:00:00",
      "quarter_label": "2022-06 (Q2)",
      "revenue": 1791241000,
      "gross_profit": 374216000,
      "operating_income": 135023000,
      "net_income": 110227000,
      "opex": 239193000,
      "cogs": 1417025000,
      "rd": null,
      "sga": 225327000,
      "fcf": -37943000,
      "ocf": 23594000,
      "capex": -61537000,
      "gross_margin": 0.20891437835556467,
      "op_margin": 0.07537958320516334,
      "fcf_margin": -0.021182520944976135,
      "incr_op_margin_yoy": 0.13095243105385648,
      "rev_growth_yoy": 0.36110986576900717,
      "rev_growth_yoy_accel": 0.09207724212534901,
      "op_leverage_ratio": 27.72419720954671,
      "fcf_margin_change": -0.014079152346420095
    },
    {
      "date": "2022-09-30T00:00:00",
      "quarter_label": "2022-09 (Q3)",
      "revenue": 1864286000,
      "gross_profit": 381398000,
      "operating_income": 127037000,
      "net_income": 90376000,
      "opex": 254361000,
      "cogs": 1482888000,
      "rd": null,
      "sga": 242609000,
      "fcf": 57123000,
      "ocf": 125140000,
      "capex": -68017000,
      "gross_margin": 0.2045812713285408,
      "op_margin": 0.06814244166399361,
      "fcf_margin": 0.030640684959282,
      "incr_op_margin_yoy": 0.06167641129875453,
      "rev_growth_yoy": 0.4719740138536984,
      "rev_growth_yoy_accel": 0.11086414808469125,
      "op_leverage_ratio": 0.6430675838450068,
      "fcf_margin_change": 0.05182320590425814
    },
    {
      "date": "2022-12-31T00:00:00",
      "quarter_label": "2022-12 (Q4)",
      "revenue": 1882939000,
      "gross_profit": 386105000,
      "operating_income": 136554000,
      "net_income": 98326000,
      "opex": 249551000,
      "cogs": 1496836000,
      "rd": null,
      "sga": 235453000,
      "fcf": 43264000,
      "ocf": 111081000,
      "capex": -67817000,
      "gross_margin": 0.20505443883205987,
      "op_margin": 0.07252173331159427,
      "fcf_margin": 0.022976846302509003,
      "incr_op_margin_yoy": 0.08177168780279406,
      "rev_growth_yoy": 0.4353857295319408,
      "rev_growth_yoy_accel": -0.03658828432175759,
      "op_leverage_ratio": Infinity,
      "fcf_margin_change": -0.007663838656772996
    },
    {
      "date": "2023-03-31T00:00:00",
      "quarter_label": "2023-03 (Q1)",
      "revenue": 1911767000,
      "gross_profit": 398769000,
      "operating_income": 127776000,
      "net_income": 90455000,
      "opex": 270993000,
      "cogs": 1512998000,
      "rd": null,
      "sga": 256808000,
      "fcf": 2020000,
      "ocf": 92466000,
      "capex": -90446000,
      "gross_margin": 0.20858661123452807,
      "op_margin": 0.06683659671916085,
      "fcf_margin": 0.0010566141166784447,
      "incr_op_margin_yoy": 0.05817279417038429,
      "rev_growth_yoy": 0.22298141890811296,
      "rev_growth_yoy_accel": -0.21240431062382786,
      "op_leverage_ratio": 0.17818546939389898,
      "fcf_margin_change": -0.021920232185830557
    },
    {
      "date": "2023-06-30T00:00:00",
      "quarter_label": "2023-06 (Q2)",
      "revenue": 2003052000,
      "gross_profit": 413848000,
      "operating_income": 142859000,
      "net_income": 98275000,
      "opex": 270989000,
      "cogs": 1589204000,
      "rd": null,
      "sga": 256691000,
      "fcf": -74004000,
      "ocf": 21550000,
      "capex": -95554000,
      "gross_margin": 0.20660871510075624,
      "op_margin": 0.07132066466572011,
      "fcf_margin": -0.03694562098238088,
      "incr_op_margin_yoy": 0.036995245761551575,
      "rev_growth_yoy": 0.1182481865924239,
      "rev_growth_yoy_accel": -0.10473323231568905,
      "op_leverage_ratio": Infinity,
      "fcf_margin_change": -0.038002235099059326
    },
    {
      "date": "2023-09-30T00:00:00",
      "quarter_label": "2023-09 (Q3)",
      "revenue": 1980740000,
      "gross_profit": 394405000,
      "operating_income": 121621000,
      "net_income": 80278000,
      "opex": 272784000,
      "cogs": 1586335000,
      "rd": null,
      "sga": 257132000,
      "fcf": -6036000,
      "ocf": 97043000,
      "capex": -103079000,
      "gross_margin": 0.19912002584892516,
      "op_margin": 0.061401799327524056,
      "fcf_margin": -0.0030473459414158345,
      "incr_op_margin_yoy": -0.046507633915537465,
      "rev_growth_yoy": 0.06246573755314367,
      "rev_growth_yoy_accel": -0.05578244903928024,
      "fcf_margin_change": 0.03389827504096505
    },
    {
      "date": "2023-12-31T00:00:00",
      "quarter_label": "2023-12 (Q4)",
      "revenue": 2029465000,
      "gross_profit": 386068000,
      "operating_income": 120125000,
      "net_income": 78047000,
      "opex": 265943000,
      "cogs": 1643397000,
      "rd": null,
      "sga": 251091000,
      "fcf": 4852000,
      "ocf": 84654000,
      "capex": -79802000,
      "gross_margin": 0.19023141566866145,
      "op_margin": 0.059190476307795406,
      "fcf_margin": 0.0023907778651023792,
      "incr_op_margin_yoy": -0.11212344566834555,
      "rev_growth_yoy": 0.07781770944252575,
      "rev_growth_yoy_accel": 0.01535197188938208,
      "op_leverage_ratio": Infinity,
      "fcf_margin_change": 0.005438123806518214
    },
    {
      "date": "2024-03-31T00:00:00",
      "quarter_label": "2024-03 (Q1)",
      "revenue": 1871999000,
      "gross_profit": 389875000,
      "operating_income": 110610000,
      "net_income": 71608000,
      "opex": 279265000,
      "cogs": 1482124000,
      "rd": null,
      "sga": 263665000,
      "fcf": -234189000,
      "ocf": -155053000,
      "capex": -79136000,
      "gross_margin": 0.20826667108262345,
      "op_margin": 0.05908657002487715,
      "fcf_margin": -0.12510102836593395,
      "incr_op_margin_yoy": 0.4316535908267954,
      "rev_growth_yoy": -0.020801698114885338,
      "rev_growth_yoy_accel": -0.09861940755741108,
      "fcf_margin_change": -0.12749180623103634
    },
    {
      "date": "2024-06-30T00:00:00",
      "quarter_label": "2024-06 (Q2)",
      "revenue": 2027028000,
      "gross_profit": 392389000,
      "operating_income": 124481000,
      "net_income": 78661000,
      "opex": 267908000,
      "cogs": 1634639000,
      "rd": null,
      "sga": 251368000,
      "fcf": 177192000,
      "ocf": 270578000,
      "capex": -93386000,
      "gross_margin": 0.19357848041566272,
      "op_margin": 0.061410597189580016,
      "fcf_margin": 0.08741467804095454,
      "incr_op_margin_yoy": -0.7665165165165165,
      "rev_growth_yoy": 0.011969734185632724,
      "rev_growth_yoy_accel": 0.03277143230051806,
      "op_leverage_ratio": Infinity,
      "fcf_margin_change": 0.2125157064068885
    },
    {
      "date": "2024-09-30T00:00:00",
      "quarter_label": "2024-09 (Q3)",
      "revenue": 1896133000,
      "gross_profit": 379041000,
      "operating_income": 120754000,
      "net_income": 79132000,
      "opex": 258287000,
      "cogs": 1517092000,
      "rd": null,
      "sga": 239741000,
      "fcf": -19966000,
      "ocf": 111743000,
      "capex": -131709000,
      "gross_margin": 0.19990211657093673,
      "op_margin": 0.06368435125595093,
      "fcf_margin": -0.01052985207261305,
      "incr_op_margin_yoy": 0.010247379058470339,
      "rev_growth_yoy": -0.042714843947211645,
      "rev_growth_yoy_accel": -0.05468457813284437,
      "fcf_margin_change": -0.09794453011356759
    },
    {
      "date": "2024-12-31T00:00:00",
      "quarter_label": "2024-12 (Q4)",
      "revenue": 2009586000,
      "gross_profit": 370111000,
      "operating_income": 112245000,
      "net_income": 74752000,
      "opex": 257866000,
      "cogs": 1639475000,
      "rd": null,
      "sga": 240812000,
      "fcf": 263466000,
      "ocf": 392282000,
      "capex": -128816000,
      "gross_margin": 0.1841727599615045,
      "op_margin": 0.055854788001110676,
      "fcf_margin": 0.13110461557753686,
      "incr_op_margin_yoy": 0.396398209165451,
      "rev_growth_yoy": -0.009795192329012818,
      "rev_growth_yoy_accel": 0.03291965161819883,
      "op_leverage_ratio": Infinity,
      "fcf_margin_change": 0.14163446765014992
    },
    {
      "date": "2025-03-31T00:00:00",
      "quarter_label": "2025-03 (Q1)",
      "revenue": 1850830000,
      "gross_profit": 357760000,
      "operating_income": 91869000,
      "net_income": 60322000,
      "opex": 265891000,
      "cogs": 1493070000,
      "rd": null,
      "sga": 248803000,
      "fcf": 45116000,
      "ocf": 153526000,
      "capex": -108410000,
      "gross_margin": 0.19329706131843552,
      "op_margin": 0.049636649503195865,
      "fcf_margin": 0.024376090726863083,
      "incr_op_margin_yoy": 0.8853039822381785,
      "rev_growth_yoy": -0.011308232536449005,
      "rev_growth_yoy_accel": -0.0015130402074361865,
      "fcf_margin_change": -0.10672852485067377
    },
    {
      "date": "2025-06-30T00:00:00",
      "quarter_label": "2025-06 (Q2)",
      "revenue": 1930707000,
      "gross_profit": 379671000,
      "operating_income": 110206000,
      "net_income": 72438000,
      "opex": 269465000,
      "cogs": 1551036000,
      "rd": null,
      "sga": 251981000,
      "fcf": 113771000,
      "ocf": 227636000,
      "capex": -113865000,
      "gross_margin": 0.19664868879638392,
      "op_margin": 0.05708064455145188,
      "fcf_margin": 0.05892711840792,
      "incr_op_margin_yoy": 0.14820236500866893,
      "rev_growth_yoy": -0.04751833719119815,
      "rev_growth_yoy_accel": -0.036210104654749144,
      "op_leverage_ratio": 3.210733831719613,
      "fcf_margin_change": 0.03455102768105692
    },
    {
      "date": "2025-09-30T00:00:00",
      "quarter_label": "2025-09 (Q3)",
      "revenue": 1880765000,
      "gross_profit": 374752000,
      "operating_income": 100030000,
      "net_income": 66690000,
      "opex": 274722000,
      "cogs": 1506013000,
      "rd": null,
      "sga": 256403000,
      "fcf": 271230000,
      "ocf": 367783000,
      "capex": -96553000,
      "gross_margin": 0.199255090348874,
      "op_margin": 0.05318580471244414,
      "fcf_margin": 0.14421259434325925,
      "incr_op_margin_yoy": 1.3485163977095262,
      "rev_growth_yoy": -0.008104916690970517,
      "rev_growth_yoy_accel": 0.03941342050022763,
      "fcf_margin_change": 0.08528547593533925
    }
  ],
  "signals": [
    {
      "quarter": "2025-09 (Q3)",
      "signal": "FCF MARGIN EXPANSION",
      "detail": "FCF margin: +5.9% -> +14.4% (+8.5%)",
      "severity": "MEDIUM"
    },
    {
      "quarter": "2025-09 (Q3)",
      "signal": "INCREMENTAL MARGIN (YoY)",
      "detail": "YoY Incr OPM: +134.9% vs year-ago OPM: +6.4%",
      "severity": "HIGH"
    },
    {
      "quarter": "2025-06 (Q2)",
      "signal": "OPERATING LEVERAGE",
      "detail": "Rev growth +4.3% vs OpEx growth +1.3% (leverage: 3.2x)",
      "severity": "MEDIUM"
    },
    {
      "quarter": "2025-03 (Q1)",
      "signal": "INCREMENTAL MARGIN (YoY)",
      "detail": "YoY Incr OPM: +88.5% vs year-ago OPM: +5.9%",
      "severity": "HIGH"
    },
    {
      "quarter": "2024-12 (Q4)",
      "signal": "FCF TURNED POSITIVE",
      "detail": "FCF margin: -1.1% -> +13.1%",
      "severity": "HIGH"
    },
    {
      "quarter": "2024-12 (Q4)",
      "signal": "INCREMENTAL MARGIN (YoY)",
      "detail": "YoY Incr OPM: +39.6% vs year-ago OPM: +5.9%",
      "severity": "HIGH"
    },
    {
      "quarter": "2024-09 (Q3)",
      "signal": "YoY REVENUE GROWTH DECELERATION",
      "detail": "YoY growth: -4.3% vs prior quarter YoY: +1.2% (decel: -5.5%)",
      "severity": "WARNING"
    },
    {
      "quarter": "2024-06 (Q2)",
      "signal": "FCF TURNED POSITIVE",
      "detail": "FCF margin: -12.5% -> +8.7%",
      "severity": "HIGH"
    },
    {
      "quarter": "2024-03 (Q1)",
      "signal": "YoY REVENUE GROWTH DECELERATION",
      "detail": "YoY growth: -2.1% vs prior quarter YoY: +7.8% (decel: -9.9%)",
      "severity": "WARNING"
    },
    {
      "quarter": "2024-03 (Q1)",
      "signal": "INCREMENTAL MARGIN (YoY)",
      "detail": "YoY Incr OPM: +43.2% vs year-ago OPM: +6.7%",
      "severity": "HIGH"
    },
    {
      "quarter": "2023-12 (Q4)",
      "signal": "FCF TURNED POSITIVE",
      "detail": "FCF margin: -0.3% -> +0.2%",
      "severity": "HIGH"
    },
    {
      "quarter": "2023-09 (Q3)",
      "signal": "YoY REVENUE GROWTH DECELERATION",
      "detail": "YoY growth: +6.2% vs prior quarter YoY: +11.8% (decel: -5.6%)",
      "severity": "WARNING"
    },
    {
      "quarter": "2023-06 (Q2)",
      "signal": "YoY REVENUE GROWTH DECELERATION",
      "detail": "YoY growth: +11.8% vs prior quarter YoY: +22.3% (decel: -10.5%)",
      "severity": "WARNING"
    },
    {
      "quarter": "2023-03 (Q1)",
      "signal": "YoY REVENUE GROWTH DECELERATION",
      "detail": "YoY growth: +22.3% vs prior quarter YoY: +43.5% (decel: -21.2%)",
      "severity": "WARNING"
    },
    {
      "quarter": "2022-09 (Q3)",
      "signal": "FCF TURNED POSITIVE",
      "detail": "FCF margin: -2.1% -> +3.1%",
      "severity": "HIGH"
    },
    {
      "quarter": "2022-09 (Q3)",
      "signal": "YoY REVENUE GROWTH ACCELERATION",
      "detail": "YoY growth: +47.2% vs prior quarter YoY: +36.1% (accel: +11.1%)",
      "severity": "MEDIUM"
    },
    {
      "quarter": "2022-06 (Q2)",
      "signal": "OPERATING LEVERAGE",
      "detail": "Rev growth +14.6% vs OpEx growth +0.5% (leverage: 27.7x)",
      "severity": "MEDIUM"
    },
    {
      "quarter": "2022-06 (Q2)",
      "signal": "YoY REVENUE GROWTH ACCELERATION",
      "detail": "YoY growth: +36.1% vs prior quarter YoY: +26.9% (accel: +9.2%)",
      "severity": "MEDIUM"
    },
    {
      "quarter": "2022-03 (Q1)",
      "signal": "YoY REVENUE GROWTH ACCELERATION",
      "detail": "YoY growth: +26.9% vs prior quarter YoY: +3.4% (accel: +23.5%)",
      "severity": "HIGH"
    },
    {
      "quarter": "2022-03 (Q1)",
      "signal": "INCREMENTAL MARGIN (YoY)",
      "detail": "YoY Incr OPM: +15.5% vs year-ago OPM: +4.6%",
      "severity": "MEDIUM"
    },
    {
      "quarter": "2021-12 (Q4)",
      "signal": "INCREMENTAL MARGIN (YoY)",
      "detail": "YoY Incr OPM: +83.3% vs year-ago OPM: +4.2%",
      "severity": "HIGH"
    },
    {
      "quarter": "2021-06 (Q2)",
      "signal": "FCF MARGIN EXPANSION",
      "detail": "FCF margin: +0.6% -> +11.1% (+10.5%)",
      "severity": "MEDIUM"
    }
  ],
  "data_quality": {
    "n_quarters": 20,
    "coverage": {
      "revenue": [
        20,
        20
      ],
      "gross_profit": [
        20,
        20
      ],
      "op_income": [
        20,
        20
      ],
      "fcf": [
        20,
        20
      ]
    },
    "gaps": [],
    "warnings": []
  },
  "market_cap": null,
  "source": "SEC EDGAR",
  "last_updated": "2026-02-02T21:04:21.328057"
}