{
  "ticker": "RVLV",
  "name": "REVOLVE GROUP, INC.",
  "quarters": [
    {
      "date": "2020-12-31T00:00:00",
      "quarter_label": "2020-12 (Q4)",
      "revenue": 140754000,
      "gross_profit": 78792000,
      "operating_income": 16613000,
      "net_income": 18960000,
      "opex": 62179000,
      "cogs": 61962000,
      "rd": null,
      "sga": null,
      "fcf": -2934000,
      "ocf": -2454000,
      "capex": -480000,
      "gross_margin": 0.5597851570825696,
      "op_margin": 0.11802861730394873,
      "fcf_margin": -0.020844878298307685
    },
    {
      "date": "2021-03-31T00:00:00",
      "quarter_label": "2021-03 (Q1)",
      "revenue": 178907000,
      "gross_profit": 96665000,
      "operating_income": 21215000,
      "net_income": 22252000,
      "opex": 75450000,
      "cogs": 82242000,
      "rd": null,
      "sga": null,
      "fcf": 32473000,
      "ocf": 33209000,
      "capex": -736000,
      "gross_margin": 0.5403086519811969,
      "op_margin": 0.11858116227984372,
      "fcf_margin": 0.18150771071003372,
      "op_leverage_ratio": 1.270012603584788,
      "fcf_margin_change": 0.2023525890083414
    },
    {
      "date": "2021-06-30T00:00:00",
      "quarter_label": "2021-06 (Q2)",
      "revenue": 228614000,
      "gross_profit": 127218000,
      "operating_income": 32929000,
      "net_income": 31538000,
      "opex": 94289000,
      "cogs": 101396000,
      "rd": null,
      "sga": null,
      "fcf": 32830000,
      "ocf": 33347000,
      "capex": -517000,
      "gross_margin": 0.5564751065114123,
      "op_margin": 0.14403754800668375,
      "fcf_margin": 0.1436045036611931,
      "op_leverage_ratio": 1.1127346637605586,
      "fcf_margin_change": -0.03790320704884062
    },
    {
      "date": "2021-09-30T00:00:00",
      "quarter_label": "2021-09 (Q3)",
      "revenue": 244064000,
      "gross_profit": 134476000,
      "operating_income": 19211000,
      "net_income": 16668000,
      "opex": 115265000,
      "cogs": 109588000,
      "rd": null,
      "sga": null,
      "fcf": 1340000,
      "ocf": 1855000,
      "capex": -515000,
      "gross_margin": 0.5509866264586338,
      "op_margin": 0.07871296053494166,
      "fcf_margin": 0.0054903631834272975,
      "op_leverage_ratio": 0.303783384768214,
      "fcf_margin_change": -0.1381141404777658
    },
    {
      "date": "2021-12-31T00:00:00",
      "quarter_label": "2021-12 (Q4)",
      "revenue": 239805000,
      "gross_profit": 131464000,
      "operating_income": 31936000,
      "net_income": 29382000,
      "opex": 99528000,
      "cogs": 108341000,
      "rd": null,
      "sga": null,
      "fcf": -6525000,
      "ocf": -6098000,
      "capex": -427000,
      "gross_margin": 0.5482120889889702,
      "op_margin": 0.13317487124955693,
      "fcf_margin": -0.027209607806342653,
      "incr_op_margin_yoy": 0.15469808482498915,
      "rev_growth_yoy": 0.70371712349205,
      "fcf_margin_change": -0.03269997098976995
    },
    {
      "date": "2022-03-31T00:00:00",
      "quarter_label": "2022-03 (Q1)",
      "revenue": 283498000,
      "gross_profit": 154411000,
      "operating_income": 28450000,
      "net_income": 22568000,
      "opex": 125961000,
      "cogs": 129087000,
      "rd": null,
      "sga": null,
      "fcf": 52727000,
      "ocf": 53797000,
      "capex": -1070000,
      "gross_margin": 0.5446634544159041,
      "op_margin": 0.10035344164685465,
      "fcf_margin": 0.18598720273158895,
      "incr_op_margin_yoy": 0.06917421193028081,
      "rev_growth_yoy": 0.5846109990106592,
      "rev_growth_yoy_accel": -0.1191061244813908,
      "op_leverage_ratio": 0.686044760514818,
      "fcf_margin_change": 0.2131968105379316
    },
    {
      "date": "2022-06-30T00:00:00",
      "quarter_label": "2022-06 (Q2)",
      "revenue": 290054000,
      "gross_profit": 162242000,
      "operating_income": 19280000,
      "net_income": 16273000,
      "opex": 142962000,
      "cogs": 127812000,
      "rd": null,
      "sga": null,
      "fcf": -30798000,
      "ocf": -29352000,
      "capex": -1446000,
      "gross_margin": 0.5593510173967606,
      "op_margin": 0.06647038137726079,
      "fcf_margin": -0.10618022850917415,
      "incr_op_margin_yoy": -0.22215169270833332,
      "rev_growth_yoy": 0.26874994532268365,
      "rev_growth_yoy_accel": -0.3158610536879755,
      "op_leverage_ratio": 0.1713367709966407,
      "fcf_margin_change": -0.2921674312407631
    },
    {
      "date": "2022-09-30T00:00:00",
      "quarter_label": "2022-09 (Q3)",
      "revenue": 268711000,
      "gross_profit": 142382000,
      "operating_income": 14751000,
      "net_income": 11988000,
      "opex": 127631000,
      "cogs": 126329000,
      "rd": null,
      "sga": null,
      "fcf": 8618000,
      "ocf": 10006000,
      "capex": -1388000,
      "gross_margin": 0.5298703811902006,
      "op_margin": 0.054895408077823386,
      "fcf_margin": 0.03207163085992014,
      "incr_op_margin_yoy": -0.18095508581166064,
      "rev_growth_yoy": 0.10098580700144225,
      "rev_growth_yoy_accel": -0.1677641383212414,
      "fcf_margin_change": 0.1382518593690943
    },
    {
      "date": "2022-12-31T00:00:00",
      "quarter_label": "2022-12 (Q4)",
      "revenue": 259153000,
      "gross_profit": 133288000,
      "operating_income": 10659000,
      "net_income": 7868000,
      "opex": 122629000,
      "cogs": 125865000,
      "rd": null,
      "sga": null,
      "fcf": -12278000,
      "ocf": -11015000,
      "capex": -1263000,
      "gross_margin": 0.5143216555471093,
      "op_margin": 0.04113014319726185,
      "fcf_margin": -0.04737741797316643,
      "incr_op_margin_yoy": -1.0997002274136862,
      "rev_growth_yoy": 0.08068222097120577,
      "rev_growth_yoy_accel": -0.02030358603023648,
      "fcf_margin_change": -0.07944904883308657
    },
    {
      "date": "2023-03-31T00:00:00",
      "quarter_label": "2023-03 (Q1)",
      "revenue": 279609000,
      "gross_profit": 139220000,
      "operating_income": 12256000,
      "net_income": 14172000,
      "opex": 126964000,
      "cogs": 140389000,
      "rd": null,
      "sga": null,
      "fcf": 47681000,
      "ocf": 48829000,
      "capex": -1148000,
      "gross_margin": 0.4979095808790132,
      "op_margin": 0.0438326377191006,
      "fcf_margin": 0.1705274150688998,
      "incr_op_margin_yoy": 4.164052455644124,
      "rev_growth_yoy": -0.01371790982652435,
      "rev_growth_yoy_accel": -0.09440013079773012,
      "op_leverage_ratio": 2.232896326788576,
      "fcf_margin_change": 0.2179048330420662
    },
    {
      "date": "2023-06-30T00:00:00",
      "quarter_label": "2023-06 (Q2)",
      "revenue": 273729000,
      "gross_profit": 147698000,
      "operating_income": 7355000,
      "net_income": 7303000,
      "opex": 140343000,
      "cogs": 126031000,
      "rd": null,
      "sga": null,
      "fcf": -15069000,
      "ocf": -14097000,
      "capex": -972000,
      "gross_margin": 0.5395774653032744,
      "op_margin": 0.026869641141420895,
      "fcf_margin": -0.055050798417412845,
      "incr_op_margin_yoy": 0.7304747320061256,
      "rev_growth_yoy": -0.05628262323567336,
      "rev_growth_yoy_accel": -0.04256471340914901,
      "fcf_margin_change": -0.22557821348631263
    },
    {
      "date": "2023-09-30T00:00:00",
      "quarter_label": "2023-09 (Q3)",
      "revenue": 257603000,
      "gross_profit": 133232000,
      "operating_income": 324000,
      "net_income": 3178000,
      "opex": 132908000,
      "cogs": 124371000,
      "rd": null,
      "sga": null,
      "fcf": 11492000,
      "ocf": 12486000,
      "capex": -994000,
      "gross_margin": 0.5171989456644527,
      "op_margin": 0.0012577493274534845,
      "fcf_margin": 0.044611281700911866,
      "incr_op_margin_yoy": 1.298793662225423,
      "rev_growth_yoy": -0.041338091853329414,
      "rev_growth_yoy_accel": 0.014944531382343945,
      "fcf_margin_change": 0.09966208011832471
    },
    {
      "date": "2023-12-31T00:00:00",
      "quarter_label": "2023-12 (Q4)",
      "revenue": 257778000,
      "gross_profit": 134049000,
      "operating_income": 2199000,
      "net_income": 3494000,
      "opex": 131850000,
      "cogs": 123729000,
      "rd": null,
      "sga": null,
      "fcf": -4960000,
      "ocf": -3876000,
      "capex": -1084000,
      "gross_margin": 0.5200172241230826,
      "op_margin": 0.008530596094313711,
      "fcf_margin": -0.01924136272296317,
      "incr_op_margin_yoy": 6.152727272727272,
      "rev_growth_yoy": -0.005305746026478567,
      "rev_growth_yoy_accel": 0.036032345826850845,
      "fcf_margin_change": -0.06385264442387503
    },
    {
      "date": "2024-03-31T00:00:00",
      "quarter_label": "2024-03 (Q1)",
      "revenue": 270581000,
      "gross_profit": 141502000,
      "operating_income": 9328000,
      "net_income": 10873000,
      "opex": 132174000,
      "cogs": 129079000,
      "rd": null,
      "sga": null,
      "fcf": 36656000,
      "ocf": 38391000,
      "capex": -1735000,
      "gross_margin": 0.5229561573059454,
      "op_margin": 0.03447396528211515,
      "fcf_margin": 0.1354714484756875,
      "incr_op_margin_yoy": 0.32432432432432434,
      "rev_growth_yoy": -0.03228794495170041,
      "rev_growth_yoy_accel": -0.026982198925221846,
      "op_leverage_ratio": 20.21161511929731,
      "fcf_margin_change": 0.15471281119865068
    },
    {
      "date": "2024-06-30T00:00:00",
      "quarter_label": "2024-06 (Q2)",
      "revenue": 282456000,
      "gross_profit": 152606000,
      "operating_income": 16435000,
      "net_income": 15377000,
      "opex": 136171000,
      "cogs": 129850000,
      "rd": null,
      "sga": null,
      "fcf": -25716000,
      "ocf": -24669000,
      "capex": -1047000,
      "gross_margin": 0.5402823802645368,
      "op_margin": 0.058186053757045345,
      "fcf_margin": -0.09104426884187272,
      "incr_op_margin_yoy": 1.0404491807035636,
      "rev_growth_yoy": 0.03188189778941946,
      "rev_growth_yoy_accel": 0.06416984274111986,
      "op_leverage_ratio": 1.4512699600407766,
      "fcf_margin_change": -0.22651571731756023
    },
    {
      "date": "2024-09-30T00:00:00",
      "quarter_label": "2024-09 (Q3)",
      "revenue": 283146000,
      "gross_profit": 144867000,
      "operating_income": 14253000,
      "net_income": 10971000,
      "opex": 130614000,
      "cogs": 138279000,
      "rd": null,
      "sga": null,
      "fcf": 8015000,
      "ocf": 9052000,
      "capex": -1037000,
      "gross_margin": 0.51163357419847,
      "op_margin": 0.05033798817571147,
      "fcf_margin": 0.028306951184194726,
      "incr_op_margin_yoy": 0.5453157420819794,
      "rev_growth_yoy": 0.09915645392328505,
      "rev_growth_yoy_accel": 0.0672745561338656,
      "fcf_margin_change": 0.11935122002606745
    },
    {
      "date": "2024-12-31T00:00:00",
      "quarter_label": "2024-12 (Q4)",
      "revenue": 293728000,
      "gross_profit": 154298000,
      "operating_income": 11401000,
      "net_income": 12336000,
      "opex": 142897000,
      "cogs": 139430000,
      "rd": null,
      "sga": null,
      "fcf": 2088000,
      "ocf": 3918000,
      "capex": -1830000,
      "gross_margin": 0.5253091295348077,
      "op_margin": 0.03881482187602135,
      "fcf_margin": 0.00710861749645931,
      "incr_op_margin_yoy": 0.25596662030598055,
      "rev_growth_yoy": 0.139461086671477,
      "rev_growth_yoy_accel": 0.040304632748191946,
      "op_leverage_ratio": 0.39741348948081345,
      "fcf_margin_change": -0.021198333687735417
    },
    {
      "date": "2025-03-31T00:00:00",
      "quarter_label": "2025-03 (Q1)",
      "revenue": 296709000,
      "gross_profit": 154286000,
      "operating_income": 14688000,
      "net_income": 11819000,
      "opex": 139598000,
      "cogs": 142423000,
      "rd": null,
      "sga": null,
      "fcf": 43366000,
      "ocf": 45145000,
      "capex": -1779000,
      "gross_margin": 0.5199909675810306,
      "op_margin": 0.04950304844140218,
      "fcf_margin": 0.14615667202545254,
      "incr_op_margin_yoy": 0.20514390691977955,
      "rev_growth_yoy": 0.0965625819994752,
      "rev_growth_yoy_accel": -0.04289850467200179,
      "op_leverage_ratio": Infinity,
      "fcf_margin_change": 0.13904805452899324
    },
    {
      "date": "2025-06-30T00:00:00",
      "quarter_label": "2025-06 (Q2)",
      "revenue": 308971000,
      "gross_profit": 167062000,
      "operating_income": 18003000,
      "net_income": 10161000,
      "opex": 149059000,
      "cogs": 141909000,
      "rd": null,
      "sga": null,
      "fcf": 10413000,
      "ocf": 12620000,
      "capex": -2207000,
      "gross_margin": 0.5407044674095627,
      "op_margin": 0.05826760440300222,
      "fcf_margin": 0.0337021921151176,
      "incr_op_margin_yoy": 0.05913633792193098,
      "rev_growth_yoy": 0.0938730280114425,
      "rev_growth_yoy_accel": -0.0026895539880327085,
      "op_leverage_ratio": 0.60977939588734,
      "fcf_margin_change": -0.11245447991033494
    },
    {
      "date": "2025-09-30T00:00:00",
      "quarter_label": "2025-09 (Q3)",
      "revenue": 295631000,
      "gross_profit": 161516000,
      "operating_income": 20991000,
      "net_income": 21179000,
      "opex": 140525000,
      "cogs": 134115000,
      "rd": null,
      "sga": null,
      "fcf": 7498000,
      "ocf": 11818000,
      "capex": -4320000,
      "gross_margin": 0.5463432454647855,
      "op_margin": 0.07100405573163843,
      "fcf_margin": 0.025362698769750128,
      "incr_op_margin_yoy": 0.5396876251501802,
      "rev_growth_yoy": 0.04409385970488723,
      "rev_growth_yoy_accel": -0.049779168306555266,
      "fcf_margin_change": -0.008339493345367474
    }
  ],
  "signals": [
    {
      "quarter": "2025-09 (Q3)",
      "signal": "INCREMENTAL MARGIN (YoY)",
      "detail": "YoY Incr OPM: +54.0% vs year-ago OPM: +5.0%",
      "severity": "HIGH"
    },
    {
      "quarter": "2025-06 (Q2)",
      "signal": "GROSS MARGIN INFLECTION",
      "detail": "GM: +52.5% -> +52.0% -> +54.1% (reversal +2.1%)",
      "severity": "MEDIUM"
    },
    {
      "quarter": "2025-03 (Q1)",
      "signal": "FCF MARGIN EXPANSION",
      "detail": "FCF margin: +0.7% -> +14.6% (+13.9%)",
      "severity": "MEDIUM"
    },
    {
      "quarter": "2025-03 (Q1)",
      "signal": "INCREMENTAL MARGIN (YoY)",
      "detail": "YoY Incr OPM: +20.5% vs year-ago OPM: +3.4%",
      "severity": "MEDIUM"
    },
    {
      "quarter": "2024-12 (Q4)",
      "signal": "INCREMENTAL MARGIN (YoY)",
      "detail": "YoY Incr OPM: +25.6% vs year-ago OPM: +0.9%",
      "severity": "HIGH"
    },
    {
      "quarter": "2024-09 (Q3)",
      "signal": "FCF TURNED POSITIVE",
      "detail": "FCF margin: -9.1% -> +2.8%",
      "severity": "HIGH"
    },
    {
      "quarter": "2024-09 (Q3)",
      "signal": "YoY REVENUE GROWTH ACCELERATION",
      "detail": "YoY growth: +9.9% vs prior quarter YoY: +3.2% (accel: +6.7%)",
      "severity": "MEDIUM"
    },
    {
      "quarter": "2024-09 (Q3)",
      "signal": "INCREMENTAL MARGIN (YoY)",
      "detail": "YoY Incr OPM: +54.5% vs year-ago OPM: +0.1%",
      "severity": "HIGH"
    },
    {
      "quarter": "2024-06 (Q2)",
      "signal": "YoY REVENUE GROWTH ACCELERATION",
      "detail": "YoY growth: +3.2% vs prior quarter YoY: -3.2% (accel: +6.4%)",
      "severity": "MEDIUM"
    },
    {
      "quarter": "2024-06 (Q2)",
      "signal": "INCREMENTAL MARGIN (YoY)",
      "detail": "YoY Incr OPM: +104.0% vs year-ago OPM: +2.7%",
      "severity": "HIGH"
    },
    {
      "quarter": "2024-03 (Q1)",
      "signal": "FCF TURNED POSITIVE",
      "detail": "FCF margin: -1.9% -> +13.5%",
      "severity": "HIGH"
    },
    {
      "quarter": "2024-03 (Q1)",
      "signal": "OPERATING LEVERAGE",
      "detail": "Rev growth +5.0% vs OpEx growth +0.2% (leverage: 20.2x)",
      "severity": "MEDIUM"
    },
    {
      "quarter": "2024-03 (Q1)",
      "signal": "INCREMENTAL MARGIN (YoY)",
      "detail": "YoY Incr OPM: +32.4% vs year-ago OPM: +4.4%",
      "severity": "HIGH"
    },
    {
      "quarter": "2023-12 (Q4)",
      "signal": "INCREMENTAL MARGIN (YoY)",
      "detail": "YoY Incr OPM: +615.3% vs year-ago OPM: +4.1%",
      "severity": "HIGH"
    },
    {
      "quarter": "2023-09 (Q3)",
      "signal": "FCF TURNED POSITIVE",
      "detail": "FCF margin: -5.5% -> +4.5%",
      "severity": "HIGH"
    },
    {
      "quarter": "2023-09 (Q3)",
      "signal": "INCREMENTAL MARGIN (YoY)",
      "detail": "YoY Incr OPM: +129.9% vs year-ago OPM: +5.5%",
      "severity": "HIGH"
    },
    {
      "quarter": "2023-06 (Q2)",
      "signal": "GROSS MARGIN INFLECTION",
      "detail": "GM: +51.4% -> +49.8% -> +54.0% (reversal +4.2%)",
      "severity": "MEDIUM"
    },
    {
      "quarter": "2023-06 (Q2)",
      "signal": "INCREMENTAL MARGIN (YoY)",
      "detail": "YoY Incr OPM: +73.0% vs year-ago OPM: +6.6%",
      "severity": "HIGH"
    },
    {
      "quarter": "2023-03 (Q1)",
      "signal": "FCF TURNED POSITIVE",
      "detail": "FCF margin: -4.7% -> +17.1%",
      "severity": "HIGH"
    },
    {
      "quarter": "2023-03 (Q1)",
      "signal": "OPERATING LEVERAGE",
      "detail": "Rev growth +7.9% vs OpEx growth +3.5% (leverage: 2.2x)",
      "severity": "MEDIUM"
    },
    {
      "quarter": "2023-03 (Q1)",
      "signal": "YoY REVENUE GROWTH DECELERATION",
      "detail": "YoY growth: -1.4% vs prior quarter YoY: +8.1% (decel: -9.4%)",
      "severity": "WARNING"
    },
    {
      "quarter": "2023-03 (Q1)",
      "signal": "INCREMENTAL MARGIN (YoY)",
      "detail": "YoY Incr OPM: +416.4% vs year-ago OPM: +10.0%",
      "severity": "HIGH"
    },
    {
      "quarter": "2022-09 (Q3)",
      "signal": "FCF TURNED POSITIVE",
      "detail": "FCF margin: -10.6% -> +3.2%",
      "severity": "HIGH"
    },
    {
      "quarter": "2022-09 (Q3)",
      "signal": "YoY REVENUE GROWTH DECELERATION",
      "detail": "YoY growth: +10.1% vs prior quarter YoY: +26.9% (decel: -16.8%)",
      "severity": "WARNING"
    },
    {
      "quarter": "2022-06 (Q2)",
      "signal": "YoY REVENUE GROWTH DECELERATION",
      "detail": "YoY growth: +26.9% vs prior quarter YoY: +58.5% (decel: -31.6%)",
      "severity": "WARNING"
    },
    {
      "quarter": "2022-03 (Q1)",
      "signal": "FCF TURNED POSITIVE",
      "detail": "FCF margin: -2.7% -> +18.6%",
      "severity": "HIGH"
    },
    {
      "quarter": "2022-03 (Q1)",
      "signal": "YoY REVENUE GROWTH DECELERATION",
      "detail": "YoY growth: +58.5% vs prior quarter YoY: +70.4% (decel: -11.9%)",
      "severity": "WARNING"
    },
    {
      "quarter": "2021-03 (Q1)",
      "signal": "FCF TURNED POSITIVE",
      "detail": "FCF margin: -2.1% -> +18.2%",
      "severity": "HIGH"
    }
  ],
  "data_quality": {
    "n_quarters": 20,
    "coverage": {
      "revenue": [
        20,
        20
      ],
      "gross_profit": [
        20,
        20
      ],
      "op_income": [
        20,
        20
      ],
      "fcf": [
        20,
        20
      ]
    },
    "gaps": [],
    "warnings": []
  },
  "market_cap": null,
  "source": "SEC EDGAR",
  "last_updated": "2026-02-02T21:35:49.106890"
}