{
  "ticker": "RVP",
  "name": "RETRACTABLE TECHNOLOGIES INC",
  "quarters": [
    {
      "date": "2020-12-31T00:00:00",
      "quarter_label": "2020-12 (Q4)",
      "revenue": 31995327,
      "gross_profit": 15975668,
      "operating_income": 12282626,
      "net_income": 11508376,
      "opex": 3693042,
      "cogs": 16019659,
      "rd": 175160,
      "sga": null,
      "fcf": -1406597,
      "ocf": 10164877,
      "capex": -11571474,
      "gross_margin": 0.4993125402343911,
      "op_margin": 0.38388812216233953,
      "fcf_margin": -0.043962576159949855
    },
    {
      "date": "2021-03-31T00:00:00",
      "quarter_label": "2021-03 (Q1)",
      "revenue": 50073725,
      "gross_profit": 27994787,
      "operating_income": 23421037,
      "net_income": 17955884,
      "opex": 4573750,
      "cogs": 22078938,
      "rd": 149283,
      "sga": null,
      "fcf": 3976504,
      "ocf": 16587532,
      "capex": -12611028,
      "gross_margin": 0.5590713892365706,
      "op_margin": 0.46773107053649393,
      "fcf_margin": 0.07941298555280239,
      "op_leverage_ratio": 2.3693307757224202,
      "fcf_margin_change": 0.12337556171275224
    },
    {
      "date": "2021-06-30T00:00:00",
      "quarter_label": "2021-06 (Q2)",
      "revenue": 42496944,
      "gross_profit": 19643182,
      "operating_income": 12674825,
      "net_income": 10662125,
      "opex": 6968357,
      "cogs": 22853762,
      "rd": 399042,
      "sga": null,
      "fcf": -10614975,
      "ocf": 14925232,
      "capex": -25540207,
      "gross_margin": 0.462225754397775,
      "op_margin": 0.29825262258857954,
      "fcf_margin": -0.24978207844780556,
      "fcf_margin_change": -0.32919506400060794
    },
    {
      "date": "2021-09-30T00:00:00",
      "quarter_label": "2021-09 (Q3)",
      "revenue": 36356047,
      "gross_profit": 13394869,
      "operating_income": 7965589,
      "net_income": 6521885,
      "opex": 5429280,
      "cogs": 22961178,
      "rd": 199200,
      "sga": null,
      "fcf": -21743666,
      "ocf": -13383042,
      "capex": -8360624,
      "gross_margin": 0.3684357928132286,
      "op_margin": 0.21909942519328351,
      "fcf_margin": -0.598075637871191,
      "fcf_margin_change": -0.34829355942338547
    },
    {
      "date": "2021-12-31T00:00:00",
      "quarter_label": "2021-12 (Q4)",
      "revenue": 59455738,
      "gross_profit": 34319683,
      "operating_income": 28533737,
      "net_income": 20924347,
      "opex": 5785946,
      "cogs": 25136055,
      "rd": 153856,
      "sga": null,
      "fcf": 2809073,
      "ocf": 14663777,
      "capex": -11854704,
      "gross_margin": 0.5772307964624037,
      "op_margin": 0.4799156138638797,
      "fcf_margin": 0.04724645752441926,
      "incr_op_margin_yoy": 0.5918014482740261,
      "rev_growth_yoy": 0.8582631769945654,
      "op_leverage_ratio": 9.671860920533879,
      "fcf_margin_change": 0.6453220953956103
    },
    {
      "date": "2022-03-31T00:00:00",
      "quarter_label": "2022-03 (Q1)",
      "revenue": 44742350,
      "gross_profit": 15567921,
      "operating_income": 9726018,
      "net_income": 7616455,
      "opex": 5841903,
      "cogs": 29174429,
      "rd": 95538,
      "sga": null,
      "fcf": 16090382,
      "ocf": 21059427,
      "capex": -4969045,
      "gross_margin": 0.3479459840620799,
      "op_margin": 0.2173783451249208,
      "fcf_margin": 0.359623086404715,
      "incr_op_margin_yoy": 2.5687592787976836,
      "rev_growth_yoy": -0.10647050923413427,
      "rev_growth_yoy_accel": -0.9647336862286997,
      "fcf_margin_change": 0.31237662888029577
    },
    {
      "date": "2022-06-30T00:00:00",
      "quarter_label": "2022-06 (Q2)",
      "revenue": 14336569,
      "gross_profit": 3646600,
      "operating_income": -2061851,
      "net_income": -3641597,
      "opex": 5708451,
      "cogs": 10689969,
      "rd": 206388,
      "sga": null,
      "fcf": -13677520,
      "ocf": -8105970,
      "capex": -5571550,
      "gross_margin": 0.25435653397964325,
      "op_margin": -0.14381760377953748,
      "fcf_margin": -0.9540302146210854,
      "incr_op_margin_yoy": 0.5233124913997061,
      "rev_growth_yoy": -0.6626447068758639,
      "rev_growth_yoy_accel": -0.5561741976417296,
      "fcf_margin_change": -1.3136533010258005
    },
    {
      "date": "2022-09-30T00:00:00",
      "quarter_label": "2022-09 (Q3)",
      "revenue": 23061285,
      "gross_profit": 4736626,
      "operating_income": -690619,
      "net_income": 5385254,
      "opex": 5427245,
      "cogs": 18324659,
      "rd": 105749,
      "sga": null,
      "fcf": -11665548,
      "ocf": -8325597,
      "capex": -3339951,
      "gross_margin": 0.20539297788479696,
      "op_margin": -0.029947116997166463,
      "fcf_margin": -0.5058498691638389,
      "incr_op_margin_yoy": 0.651099132124366,
      "rev_growth_yoy": -0.3656822756335418,
      "rev_growth_yoy_accel": 0.2969624312423221,
      "op_leverage_ratio": Infinity,
      "fcf_margin_change": 0.4481803454572465
    },
    {
      "date": "2022-12-31T00:00:00",
      "quarter_label": "2022-12 (Q4)",
      "revenue": 12678734,
      "gross_profit": 4302136,
      "operating_income": -7826525,
      "net_income": -4281556,
      "opex": 12128661,
      "cogs": 8376598,
      "rd": 118052,
      "sga": null,
      "fcf": 9190737,
      "ocf": 12140268,
      "capex": -2949531,
      "gross_margin": 0.33931905188641076,
      "op_margin": -0.6172954649888546,
      "fcf_margin": 0.7248939050223784,
      "incr_op_margin_yoy": 0.7773106204065571,
      "rev_growth_yoy": -0.7867533996466414,
      "rev_growth_yoy_accel": -0.4210711240130996,
      "fcf_margin_change": 1.2307437741862173
    },
    {
      "date": "2023-03-31T00:00:00",
      "quarter_label": "2023-03 (Q1)",
      "revenue": 11001102,
      "gross_profit": 2869528,
      "operating_income": -2740423,
      "net_income": 990972,
      "opex": 5609951,
      "cogs": 8131574,
      "rd": 129757,
      "sga": null,
      "fcf": -4167112,
      "ocf": -3699582,
      "capex": -467530,
      "gross_margin": 0.2608400503876793,
      "op_margin": -0.24910440790386273,
      "fcf_margin": -0.37879041572380656,
      "incr_op_margin_yoy": 0.3694718405199476,
      "rev_growth_yoy": -0.7541232858801561,
      "rev_growth_yoy_accel": 0.03263011376648528,
      "fcf_margin_change": -1.103684320746185
    },
    {
      "date": "2023-06-30T00:00:00",
      "quarter_label": "2023-06 (Q2)",
      "revenue": 7971280,
      "gross_profit": 376907,
      "operating_income": -5032770,
      "net_income": -3868568,
      "opex": 5409677,
      "cogs": 7594373,
      "rd": 138761,
      "sga": null,
      "fcf": -3317466,
      "ocf": -3228611,
      "capex": -88855,
      "gross_margin": 0.04728312140584699,
      "op_margin": -0.6313628426049518,
      "fcf_margin": -0.416177326602503,
      "incr_op_margin_yoy": 0.4667374882742952,
      "rev_growth_yoy": -0.4439897021386358,
      "rev_growth_yoy_accel": 0.3101335837415203,
      "fcf_margin_change": -0.037386910878696444
    },
    {
      "date": "2023-09-30T00:00:00",
      "quarter_label": "2023-09 (Q3)",
      "revenue": 10335031,
      "gross_profit": 4320681,
      "operating_income": -935867,
      "net_income": -4060496,
      "opex": 5256548,
      "cogs": 6014350,
      "rd": 150957,
      "sga": null,
      "fcf": 7658300,
      "ocf": 7801198,
      "capex": -142898,
      "gross_margin": 0.4180617358573961,
      "op_margin": -0.09055289722885204,
      "fcf_margin": 0.7410040666544687,
      "incr_op_margin_yoy": 0.019271028222444718,
      "rev_growth_yoy": -0.551844964406797,
      "rev_growth_yoy_accel": -0.10785526226816117,
      "op_leverage_ratio": Infinity,
      "fcf_margin_change": 1.1571813932569717
    },
    {
      "date": "2023-12-31T00:00:00",
      "quarter_label": "2023-12 (Q4)",
      "revenue": 14289513,
      "gross_profit": 1540695,
      "operating_income": -2779150,
      "net_income": -72946,
      "opex": 4319845,
      "cogs": 12748818,
      "rd": 161697,
      "sga": null,
      "fcf": 1740147,
      "ocf": 1893843,
      "capex": -153696,
      "gross_margin": 0.10781997958922743,
      "op_margin": -0.1944887834875828,
      "fcf_margin": 0.12177790803647402,
      "incr_op_margin_yoy": 3.1334993813552323,
      "rev_growth_yoy": 0.1270457286981492,
      "rev_growth_yoy_accel": 0.6788906931049462,
      "op_leverage_ratio": Infinity,
      "fcf_margin_change": -0.6192261586179947
    },
    {
      "date": "2024-03-31T00:00:00",
      "quarter_label": "2024-03 (Q1)",
      "revenue": 7599363,
      "gross_profit": 1900929,
      "operating_income": -2986137,
      "net_income": 429384,
      "opex": 4887066,
      "cogs": 5698434,
      "rd": 142262,
      "sga": null,
      "fcf": -2248803,
      "ocf": -2022407,
      "capex": -226396,
      "gross_margin": 0.25014320279212876,
      "op_margin": -0.39294569821181063,
      "fcf_margin": -0.29591993434186525,
      "incr_op_margin_yoy": 0.07223187904774588,
      "rev_growth_yoy": -0.30921802197634385,
      "rev_growth_yoy_accel": -0.4362637506744931,
      "fcf_margin_change": -0.4176978423783393
    },
    {
      "date": "2024-06-30T00:00:00",
      "quarter_label": "2024-06 (Q2)",
      "revenue": 6029364,
      "gross_profit": -419924,
      "operating_income": -5762806,
      "net_income": -14164640,
      "opex": 5342882,
      "cogs": 6449288,
      "rd": 199093,
      "sga": null,
      "fcf": -2824549,
      "ocf": -2702845,
      "capex": -121704,
      "gross_margin": -0.06964648344336152,
      "op_margin": -0.9557900302585812,
      "fcf_margin": -0.4684654965266652,
      "incr_op_margin_yoy": 0.37593593131731756,
      "rev_growth_yoy": -0.24361407452755393,
      "rev_growth_yoy_accel": 0.06560394744878992,
      "fcf_margin_change": -0.17254556218479994
    },
    {
      "date": "2024-09-30T00:00:00",
      "quarter_label": "2024-09 (Q3)",
      "revenue": 10346857,
      "gross_profit": -14810,
      "operating_income": -5135744,
      "net_income": -1921989,
      "opex": 5120934,
      "cogs": 10361667,
      "rd": 174695,
      "sga": null,
      "fcf": -6520832,
      "ocf": -5727047,
      "capex": -793785,
      "gross_margin": -0.0014313525353641208,
      "op_margin": -0.49635787949905946,
      "fcf_margin": -0.6302234581960493,
      "rev_growth_yoy": 0.0011442636214637383,
      "rev_growth_yoy_accel": 0.24475833814901768,
      "op_leverage_ratio": Infinity,
      "fcf_margin_change": -0.1617579616693841
    },
    {
      "date": "2024-12-31T00:00:00",
      "quarter_label": "2024-12 (Q4)",
      "revenue": 9073949,
      "gross_profit": -2494371,
      "operating_income": -7220880,
      "net_income": 3770722,
      "opex": 4726509,
      "cogs": 11568320,
      "rd": 157894,
      "sga": null,
      "fcf": -1402795,
      "ocf": -1104737,
      "capex": -298058,
      "gross_margin": -0.27489365435049284,
      "op_margin": -0.7957814177708074,
      "fcf_margin": -0.1545958655928086,
      "incr_op_margin_yoy": 0.851629852495339,
      "rev_growth_yoy": -0.36499242486430433,
      "rev_growth_yoy_accel": -0.3661366884857681,
      "fcf_margin_change": 0.4756275926032407
    },
    {
      "date": "2025-03-31T00:00:00",
      "quarter_label": "2025-03 (Q1)",
      "revenue": 8295173,
      "gross_profit": -1911,
      "operating_income": -4676752,
      "net_income": -10500716,
      "opex": 4674841,
      "cogs": 8297084,
      "rd": 191192,
      "sga": null,
      "fcf": -1562219,
      "ocf": -1475185,
      "capex": -87034,
      "gross_margin": -0.00023037494215009138,
      "op_margin": -0.5637919787809127,
      "fcf_margin": -0.18832868223483706,
      "rev_growth_yoy": 0.09156162167802749,
      "rev_growth_yoy_accel": 0.45655404654233184,
      "fcf_margin_change": -0.03373281664202846
    },
    {
      "date": "2025-06-30T00:00:00",
      "quarter_label": "2025-06 (Q2)",
      "revenue": 10445733,
      "gross_profit": -107090,
      "operating_income": -5130837,
      "net_income": -87471,
      "opex": 5023747,
      "cogs": 10552823,
      "rd": 160049,
      "sga": null,
      "fcf": -4066631,
      "ocf": -3734381,
      "capex": -332250,
      "gross_margin": -0.010252033055028307,
      "op_margin": -0.49118975183455293,
      "fcf_margin": -0.38931025711647044,
      "incr_op_margin_yoy": 0.14309696495016608,
      "rev_growth_yoy": 0.7324767587427131,
      "rev_growth_yoy_accel": 0.6409151370646856,
      "op_leverage_ratio": 3.47363772119565,
      "fcf_margin_change": -0.20098157488163337
    },
    {
      "date": "2025-09-30T00:00:00",
      "quarter_label": "2025-09 (Q3)",
      "revenue": 10085723,
      "gross_profit": 1685904,
      "operating_income": -3654042,
      "net_income": 371047,
      "opex": 5339946,
      "cogs": 8399819,
      "rd": 199462,
      "sga": null,
      "fcf": -1348058,
      "ocf": -1258270,
      "capex": -89788,
      "gross_margin": 0.16715747596875305,
      "op_margin": -0.3622984688356006,
      "fcf_margin": -0.13366002615776776,
      "rev_growth_yoy": -0.025238002226183276,
      "rev_growth_yoy_accel": -0.7577147609688963,
      "fcf_margin_change": 0.25565023095870265
    }
  ],
  "signals": [
    {
      "quarter": "2025-09 (Q3)",
      "signal": "FCF MARGIN EXPANSION",
      "detail": "FCF margin: -38.9% -> -13.4% (+25.6%)",
      "severity": "MEDIUM"
    },
    {
      "quarter": "2025-09 (Q3)",
      "signal": "GROSS MARGIN INFLECTION",
      "detail": "GM: -0.0% -> -1.0% -> +16.7% (reversal +17.7%)",
      "severity": "HIGH"
    },
    {
      "quarter": "2025-09 (Q3)",
      "signal": "YoY REVENUE GROWTH DECELERATION",
      "detail": "YoY growth: -2.5% vs prior quarter YoY: +73.2% (decel: -75.8%)",
      "severity": "WARNING"
    },
    {
      "quarter": "2025-06 (Q2)",
      "signal": "OPERATING LEVERAGE",
      "detail": "Rev growth +25.9% vs OpEx growth +7.5% (leverage: 3.5x)",
      "severity": "MEDIUM"
    },
    {
      "quarter": "2025-06 (Q2)",
      "signal": "YoY REVENUE GROWTH ACCELERATION",
      "detail": "YoY growth: +73.2% vs prior quarter YoY: +9.2% (accel: +64.1%)",
      "severity": "HIGH"
    },
    {
      "quarter": "2025-03 (Q1)",
      "signal": "GROSS MARGIN INFLECTION",
      "detail": "GM: -0.1% -> -27.5% -> -0.0% (reversal +27.5%)",
      "severity": "HIGH"
    },
    {
      "quarter": "2025-03 (Q1)",
      "signal": "YoY REVENUE GROWTH ACCELERATION",
      "detail": "YoY growth: +9.2% vs prior quarter YoY: -36.5% (accel: +45.7%)",
      "severity": "HIGH"
    },
    {
      "quarter": "2024-12 (Q4)",
      "signal": "FCF MARGIN EXPANSION",
      "detail": "FCF margin: -63.0% -> -15.5% (+47.6%)",
      "severity": "MEDIUM"
    },
    {
      "quarter": "2024-12 (Q4)",
      "signal": "YoY REVENUE GROWTH DECELERATION",
      "detail": "YoY growth: -36.5% vs prior quarter YoY: +0.1% (decel: -36.6%)",
      "severity": "WARNING"
    },
    {
      "quarter": "2024-09 (Q3)",
      "signal": "GROSS MARGIN INFLECTION",
      "detail": "GM: +25.0% -> -7.0% -> -0.1% (reversal +6.8%)",
      "severity": "HIGH"
    },
    {
      "quarter": "2024-09 (Q3)",
      "signal": "YoY REVENUE GROWTH ACCELERATION",
      "detail": "YoY growth: +0.1% vs prior quarter YoY: -24.4% (accel: +24.5%)",
      "severity": "HIGH"
    },
    {
      "quarter": "2024-06 (Q2)",
      "signal": "YoY REVENUE GROWTH ACCELERATION",
      "detail": "YoY growth: -24.4% vs prior quarter YoY: -30.9% (accel: +6.6%)",
      "severity": "MEDIUM"
    },
    {
      "quarter": "2024-03 (Q1)",
      "signal": "GROSS MARGIN INFLECTION",
      "detail": "GM: +41.8% -> +10.8% -> +25.0% (reversal +14.2%)",
      "severity": "HIGH"
    },
    {
      "quarter": "2024-03 (Q1)",
      "signal": "YoY REVENUE GROWTH DECELERATION",
      "detail": "YoY growth: -30.9% vs prior quarter YoY: +12.7% (decel: -43.6%)",
      "severity": "WARNING"
    },
    {
      "quarter": "2023-12 (Q4)",
      "signal": "YoY REVENUE GROWTH ACCELERATION",
      "detail": "YoY growth: +12.7% vs prior quarter YoY: -55.2% (accel: +67.9%)",
      "severity": "HIGH"
    },
    {
      "quarter": "2023-09 (Q3)",
      "signal": "FCF TURNED POSITIVE",
      "detail": "FCF margin: -41.6% -> +74.1%",
      "severity": "HIGH"
    },
    {
      "quarter": "2023-09 (Q3)",
      "signal": "GROSS MARGIN INFLECTION",
      "detail": "GM: +26.1% -> +4.7% -> +41.8% (reversal +37.1%)",
      "severity": "HIGH"
    },
    {
      "quarter": "2023-09 (Q3)",
      "signal": "YoY REVENUE GROWTH DECELERATION",
      "detail": "YoY growth: -55.2% vs prior quarter YoY: -44.4% (decel: -10.8%)",
      "severity": "WARNING"
    },
    {
      "quarter": "2023-06 (Q2)",
      "signal": "YoY REVENUE GROWTH ACCELERATION",
      "detail": "YoY growth: -44.4% vs prior quarter YoY: -75.4% (accel: +31.0%)",
      "severity": "HIGH"
    },
    {
      "quarter": "2022-12 (Q4)",
      "signal": "FCF TURNED POSITIVE",
      "detail": "FCF margin: -50.6% -> +72.5%",
      "severity": "HIGH"
    },
    {
      "quarter": "2022-12 (Q4)",
      "signal": "GROSS MARGIN INFLECTION",
      "detail": "GM: +25.4% -> +20.5% -> +33.9% (reversal +13.4%)",
      "severity": "HIGH"
    },
    {
      "quarter": "2022-12 (Q4)",
      "signal": "YoY REVENUE GROWTH DECELERATION",
      "detail": "YoY growth: -78.7% vs prior quarter YoY: -36.6% (decel: -42.1%)",
      "severity": "WARNING"
    },
    {
      "quarter": "2022-09 (Q3)",
      "signal": "FCF MARGIN EXPANSION",
      "detail": "FCF margin: -95.4% -> -50.6% (+44.8%)",
      "severity": "MEDIUM"
    },
    {
      "quarter": "2022-09 (Q3)",
      "signal": "YoY REVENUE GROWTH ACCELERATION",
      "detail": "YoY growth: -36.6% vs prior quarter YoY: -66.3% (accel: +29.7%)",
      "severity": "HIGH"
    },
    {
      "quarter": "2022-06 (Q2)",
      "signal": "YoY REVENUE GROWTH DECELERATION",
      "detail": "YoY growth: -66.3% vs prior quarter YoY: -10.6% (decel: -55.6%)",
      "severity": "WARNING"
    },
    {
      "quarter": "2022-03 (Q1)",
      "signal": "FCF MARGIN EXPANSION",
      "detail": "FCF margin: +4.7% -> +36.0% (+31.2%)",
      "severity": "MEDIUM"
    },
    {
      "quarter": "2022-03 (Q1)",
      "signal": "YoY REVENUE GROWTH DECELERATION",
      "detail": "YoY growth: -10.6% vs prior quarter YoY: +85.8% (decel: -96.5%)",
      "severity": "WARNING"
    },
    {
      "quarter": "2022-03 (Q1)",
      "signal": "INCREMENTAL MARGIN (YoY)",
      "detail": "YoY Incr OPM: +256.9% vs year-ago OPM: +46.8%",
      "severity": "HIGH"
    },
    {
      "quarter": "2021-12 (Q4)",
      "signal": "FCF TURNED POSITIVE",
      "detail": "FCF margin: -59.8% -> +4.7%",
      "severity": "HIGH"
    },
    {
      "quarter": "2021-12 (Q4)",
      "signal": "OPERATING LEVERAGE",
      "detail": "Rev growth +63.5% vs OpEx growth +6.6% (leverage: 9.7x)",
      "severity": "MEDIUM"
    },
    {
      "quarter": "2021-12 (Q4)",
      "signal": "GROSS MARGIN INFLECTION",
      "detail": "GM: +46.2% -> +36.8% -> +57.7% (reversal +20.9%)",
      "severity": "HIGH"
    },
    {
      "quarter": "2021-12 (Q4)",
      "signal": "INCREMENTAL MARGIN (YoY)",
      "detail": "YoY Incr OPM: +59.2% vs year-ago OPM: +38.4%",
      "severity": "HIGH"
    },
    {
      "quarter": "2021-03 (Q1)",
      "signal": "FCF TURNED POSITIVE",
      "detail": "FCF margin: -4.4% -> +7.9%",
      "severity": "HIGH"
    },
    {
      "quarter": "2021-03 (Q1)",
      "signal": "OPERATING LEVERAGE",
      "detail": "Rev growth +56.5% vs OpEx growth +23.8% (leverage: 2.4x)",
      "severity": "MEDIUM"
    }
  ],
  "data_quality": {
    "n_quarters": 20,
    "coverage": {
      "revenue": [
        20,
        20
      ],
      "gross_profit": [
        20,
        20
      ],
      "op_income": [
        20,
        20
      ],
      "fcf": [
        20,
        20
      ]
    },
    "gaps": [],
    "warnings": []
  },
  "market_cap": null,
  "source": "SEC EDGAR",
  "last_updated": "2026-02-02T23:57:29.516162"
}