{
  "ticker": "RVTY",
  "name": "Revvity, Inc.",
  "quarters": [
    {
      "date": "2021-01-03T00:00:00",
      "quarter_label": "2021-01 (Q1)",
      "revenue": 1354606000,
      "gross_profit": 827065000,
      "operating_income": 510254000,
      "net_income": 380361000,
      "opex": 316811000,
      "cogs": null,
      "rd": 56823000,
      "sga": 263050000,
      "fcf": 475854000,
      "ocf": 482097000,
      "capex": -6243000,
      "gross_margin": 0.6105576086330637,
      "op_margin": 0.37668074702164317,
      "fcf_margin": 0.35128590896541134
    },
    {
      "date": "2021-04-04T00:00:00",
      "quarter_label": "2021-04 (Q2)",
      "revenue": 1027836000,
      "gross_profit": 693187000,
      "operating_income": 467776000,
      "net_income": 379305000,
      "opex": 225411000,
      "cogs": 522543000,
      "rd": 60216000,
      "sga": 251410000,
      "fcf": 459189000,
      "ocf": 473500000,
      "capex": -14311000,
      "gross_margin": 0.6744140115738309,
      "op_margin": 0.45510762417350625,
      "fcf_margin": 0.4467531785226437,
      "fcf_margin_change": 0.09546726955723234
    },
    {
      "date": "2021-07-04T00:00:00",
      "quarter_label": "2021-07 (Q3)",
      "revenue": 910747000,
      "gross_profit": 574143000,
      "operating_income": 332488000,
      "net_income": 245930000,
      "opex": 241655000,
      "cogs": 543277000,
      "rd": 65824000,
      "sga": 281819000,
      "fcf": 267498000,
      "ocf": 287862000,
      "capex": -20364000,
      "gross_margin": 0.6304088841357699,
      "op_margin": 0.36507174879521975,
      "fcf_margin": 0.29371274349517484,
      "fcf_margin_change": -0.15304043502746884
    },
    {
      "date": "2021-10-03T00:00:00",
      "quarter_label": "2021-10 (Q4)",
      "revenue": 861315000,
      "gross_profit": 522860000,
      "operating_income": 221970000,
      "net_income": 127738000,
      "opex": 300890000,
      "cogs": 534848000,
      "rd": 68608000,
      "sga": 339047000,
      "fcf": 289405000,
      "ocf": 313796000,
      "capex": -24391000,
      "gross_margin": 0.6070485246396499,
      "op_margin": 0.25771059368523713,
      "fcf_margin": 0.3360036688087401,
      "fcf_margin_change": 0.042290925313565264
    },
    {
      "date": "2022-01-02T00:00:00",
      "quarter_label": "2022-01 (Q1)",
      "revenue": 1027910000,
      "gross_profit": 643797000,
      "operating_income": 299894000,
      "net_income": 190184000,
      "opex": 343903000,
      "cogs": null,
      "rd": 80321000,
      "sga": 355245000,
      "fcf": 308638000,
      "ocf": 335592000,
      "capex": -26954000,
      "gross_margin": 0.6263165063089181,
      "op_margin": 0.2917512233561304,
      "fcf_margin": 0.3002578046716152,
      "incr_op_margin_yoy": 0.6439013639591546,
      "rev_growth_yoy": -0.24117418644240465,
      "op_leverage_ratio": 1.3530317022144556,
      "fcf_margin_change": -0.03574586413712488
    },
    {
      "date": "2022-04-03T00:00:00",
      "quarter_label": "2022-04 (Q2)",
      "revenue": 963163000,
      "gross_profit": 594740000,
      "operating_income": 254845000,
      "net_income": 176962000,
      "opex": 339895000,
      "cogs": 580211000,
      "rd": 76609000,
      "sga": 334393000,
      "fcf": 256246000,
      "ocf": 283215000,
      "capex": -26969000,
      "gross_margin": 0.6174863444712889,
      "op_margin": 0.26459176691795677,
      "fcf_margin": 0.2660463493718093,
      "incr_op_margin_yoy": 3.2924249686886338,
      "rev_growth_yoy": -0.06292151666219124,
      "rev_growth_yoy_accel": 0.17825266978021342,
      "fcf_margin_change": -0.034211455299805904
    },
    {
      "date": "2022-07-03T00:00:00",
      "quarter_label": "2022-07 (Q3)",
      "revenue": 895642000,
      "gross_profit": 551717000,
      "operating_income": 250858000,
      "net_income": 179212000,
      "opex": 300859000,
      "cogs": 563406000,
      "rd": 73352000,
      "sga": 330025000,
      "fcf": 77982000,
      "ocf": 97485000,
      "capex": -19503000,
      "gross_margin": 0.6160017060387968,
      "op_margin": 0.2800873563321059,
      "fcf_margin": 0.08706827058132602,
      "incr_op_margin_yoy": 5.404170804369414,
      "rev_growth_yoy": -0.016585286583430964,
      "rev_growth_yoy_accel": 0.04633623007876028,
      "fcf_margin_change": -0.1789780787904833
    },
    {
      "date": "2022-10-02T00:00:00",
      "quarter_label": "2022-10 (Q4)",
      "revenue": 711803000,
      "gross_profit": 407044000,
      "operating_income": 110780000,
      "net_income": 85347000,
      "opex": 296264000,
      "cogs": 304759000,
      "rd": 53521000,
      "sga": 239969000,
      "fcf": 146922000,
      "ocf": 159952000,
      "capex": -13030000,
      "gross_margin": 0.5718492335660288,
      "op_margin": 0.15563294900414862,
      "fcf_margin": 0.2064082337388294,
      "incr_op_margin_yoy": 0.7436861255283856,
      "rev_growth_yoy": -0.17358573808653047,
      "rev_growth_yoy_accel": -0.1570004515030995,
      "fcf_margin_change": 0.11933996315750339
    },
    {
      "date": "2023-01-01T00:00:00",
      "quarter_label": "2023-01 (Q1)",
      "revenue": 741214000,
      "gross_profit": 436329000,
      "operating_income": 137466000,
      "net_income": 127658000,
      "opex": 298863000,
      "cogs": null,
      "rd": 54536000,
      "sga": 259768000,
      "fcf": 113028000,
      "ocf": 139158000,
      "capex": -26130000,
      "gross_margin": 0.5886680499828659,
      "op_margin": 0.1854606092167714,
      "fcf_margin": 0.15249037390011522,
      "incr_op_margin_yoy": 0.5665513296313865,
      "rev_growth_yoy": -0.2789115778618751,
      "rev_growth_yoy_accel": -0.10532583977534463,
      "op_leverage_ratio": 4.7100181397650855,
      "fcf_margin_change": -0.053917859838714194
    },
    {
      "date": "2023-04-02T00:00:00",
      "quarter_label": "2023-04 (Q2)",
      "revenue": 674865000,
      "gross_profit": 381366000,
      "operating_income": 76119000,
      "net_income": 569475000,
      "opex": 305247000,
      "cogs": 293499000,
      "rd": 56690000,
      "sga": 248557000,
      "fcf": 42517000,
      "ocf": 63463000,
      "capex": -20946000,
      "gross_margin": 0.5650996866039875,
      "op_margin": 0.11279144717832455,
      "fcf_margin": 0.0630007482978077,
      "incr_op_margin_yoy": 0.6199349284420981,
      "rev_growth_yoy": -0.29932420576787105,
      "rev_growth_yoy_accel": -0.02041262790599596,
      "fcf_margin_change": -0.08948962560230751
    },
    {
      "date": "2023-07-02T00:00:00",
      "quarter_label": "2023-07 (Q3)",
      "revenue": 709066000,
      "gross_profit": 402331000,
      "operating_income": 78056000,
      "net_income": 35559000,
      "opex": 324275000,
      "cogs": 306735000,
      "rd": 57253000,
      "sga": 267022000,
      "fcf": -149268000,
      "ocf": -135319000,
      "capex": -13949000,
      "gross_margin": 0.5674098038828543,
      "op_margin": 0.11008284137160716,
      "fcf_margin": -0.2105135488092787,
      "incr_op_margin_yoy": 0.9261748563588028,
      "rev_growth_yoy": -0.20831537600961098,
      "rev_growth_yoy_accel": 0.09100882975826008,
      "op_leverage_ratio": 0.8129805600481973,
      "fcf_margin_change": -0.2735142971070864
    },
    {
      "date": "2023-10-01T00:00:00",
      "quarter_label": "2023-10 (Q4)",
      "revenue": 670739000,
      "gross_profit": 372516000,
      "operating_income": 69228000,
      "net_income": 9497000,
      "opex": 303288000,
      "cogs": 298223000,
      "rd": 53039000,
      "sga": 250249000,
      "fcf": -55842000,
      "ocf": -33485000,
      "capex": -22357000,
      "gross_margin": 0.5553814523980266,
      "op_margin": 0.10321153235461185,
      "fcf_margin": -0.08325444025172235,
      "incr_op_margin_yoy": 1.0118838885641925,
      "rev_growth_yoy": -0.05769011931672106,
      "rev_growth_yoy_accel": 0.15062525669288993,
      "fcf_margin_change": 0.12725910855755634
    },
    {
      "date": "2023-12-31T00:00:00",
      "quarter_label": "2023-12 (Q4)",
      "revenue": 695901000,
      "gross_profit": null,
      "operating_income": 77159000,
      "net_income": 78563000,
      "opex": null,
      "cogs": null,
      "rd": 49596000,
      "sga": 256723000,
      "fcf": 172497000,
      "ocf": 196613000,
      "capex": -24116000,
      "gross_margin": null,
      "op_margin": 0.11087640339646013,
      "fcf_margin": 0.2478757754335746,
      "incr_op_margin_yoy": 1.3308984176726326,
      "rev_growth_yoy": -0.06113349181208126,
      "rev_growth_yoy_accel": -0.0034433724953602043,
      "fcf_margin_change": 0.331130215685297
    },
    {
      "date": "2024-03-31T00:00:00",
      "quarter_label": "2024-03 (Q1)",
      "revenue": 649920000,
      "gross_profit": 355047000,
      "operating_income": 44116000,
      "net_income": 26013000,
      "opex": 310931000,
      "cogs": 294873000,
      "rd": 50360000,
      "sga": 260571000,
      "fcf": 129719000,
      "ocf": 147563000,
      "capex": -17844000,
      "gross_margin": 0.5462933899556869,
      "op_margin": 0.06787912358444116,
      "fcf_margin": 0.19959225750861645,
      "incr_op_margin_yoy": 1.2829424734415715,
      "rev_growth_yoy": -0.036962948145184596,
      "rev_growth_yoy_accel": 0.024170543666896666,
      "fcf_margin_change": -0.048283517924958164
    },
    {
      "date": "2024-06-30T00:00:00",
      "quarter_label": "2024-06 (Q2)",
      "revenue": 691685000,
      "gross_profit": 385506000,
      "operating_income": 85724000,
      "net_income": 55360000,
      "opex": 299782000,
      "cogs": 306179000,
      "rd": 48132000,
      "sga": 251650000,
      "fcf": 136590000,
      "ocf": 158621000,
      "capex": -22031000,
      "gross_margin": 0.5573432993342345,
      "op_margin": 0.12393502822816745,
      "fcf_margin": 0.19747428381416396,
      "incr_op_margin_yoy": -0.4411713940509752,
      "rev_growth_yoy": -0.024512527747769602,
      "rev_growth_yoy_accel": 0.012450420397414994,
      "op_leverage_ratio": Infinity,
      "fcf_margin_change": -0.0021179736944524907
    },
    {
      "date": "2024-09-29T00:00:00",
      "quarter_label": "2024-09 (Q3)",
      "revenue": 684049000,
      "gross_profit": 384816000,
      "operating_income": 98151000,
      "net_income": 94367000,
      "opex": 286665000,
      "cogs": 299233000,
      "rd": 49144000,
      "sga": 237521000,
      "fcf": 125566000,
      "ocf": 147885000,
      "capex": -22319000,
      "gross_margin": 0.5625561911500492,
      "op_margin": 0.14348533511488212,
      "fcf_margin": 0.18356287341988659,
      "incr_op_margin_yoy": 2.173027798647633,
      "rev_growth_yoy": 0.019843784243945856,
      "rev_growth_yoy_accel": 0.044356311991715455,
      "fcf_margin_change": -0.013911410394277374
    },
    {
      "date": "2024-12-29T00:00:00",
      "quarter_label": "2024-12 (Q4)",
      "revenue": 729372000,
      "gross_profit": null,
      "operating_income": 118750000,
      "net_income": 94645000,
      "opex": null,
      "cogs": null,
      "rd": 49208000,
      "sga": 244332000,
      "fcf": 149776000,
      "ocf": 174230000,
      "capex": -24454000,
      "gross_margin": null,
      "op_margin": 0.16281129519641555,
      "fcf_margin": 0.20534925936284915,
      "incr_op_margin_yoy": 1.2425980699710197,
      "rev_growth_yoy": 0.048097358676018574,
      "rev_growth_yoy_accel": 0.028253574432072718,
      "fcf_margin_change": 0.02178638594296256
    },
    {
      "date": "2025-03-30T00:00:00",
      "quarter_label": "2025-03 (Q1)",
      "revenue": 664762000,
      "gross_profit": 375546000,
      "operating_income": 72230000,
      "net_income": 42237000,
      "opex": 303316000,
      "cogs": 289216000,
      "rd": 53597000,
      "sga": 249719000,
      "fcf": 112173000,
      "ocf": 128155000,
      "capex": -15982000,
      "gross_margin": 0.5649330136199121,
      "op_margin": 0.1086554285593942,
      "fcf_margin": 0.1687415947361612,
      "incr_op_margin_yoy": 1.8942191079369357,
      "rev_growth_yoy": 0.022836656819300836,
      "rev_growth_yoy_accel": -0.02526070185671774,
      "fcf_margin_change": -0.036607664626687936
    },
    {
      "date": "2025-06-29T00:00:00",
      "quarter_label": "2025-06 (Q2)",
      "revenue": 720284000,
      "gross_profit": 392556000,
      "operating_income": 90760000,
      "net_income": 53948000,
      "opex": 301796000,
      "cogs": 327728000,
      "rd": 53270000,
      "sga": 248526000,
      "fcf": 115450000,
      "ocf": 134318000,
      "capex": -18868000,
      "gross_margin": 0.5450016937763438,
      "op_margin": 0.12600585324677488,
      "fcf_margin": 0.16028399908924812,
      "incr_op_margin_yoy": 0.1760900730794783,
      "rev_growth_yoy": 0.04134685586647101,
      "rev_growth_yoy_accel": 0.018510199047170172,
      "op_leverage_ratio": Infinity,
      "fcf_margin_change": -0.00845759564691309
    },
    {
      "date": "2025-09-28T00:00:00",
      "quarter_label": "2025-09 (Q3)",
      "revenue": 698949000,
      "gross_profit": 374604000,
      "operating_income": 81896000,
      "net_income": 46652000,
      "opex": 292708000,
      "cogs": 324345000,
      "rd": 50797000,
      "sga": 241911000,
      "fcf": 119999000,
      "ocf": 138500000,
      "capex": -18501000,
      "gross_margin": 0.5359532669765605,
      "op_margin": 0.11717020841291712,
      "fcf_margin": 0.17168491549454967,
      "incr_op_margin_yoy": -1.0909395973154363,
      "rev_growth_yoy": 0.021782065319882055,
      "rev_growth_yoy_accel": -0.019564790546588953,
      "fcf_margin_change": 0.011400916405301553
    }
  ],
  "signals": [
    {
      "quarter": "2025-03 (Q1)",
      "signal": "INCREMENTAL MARGIN (YoY)",
      "detail": "YoY Incr OPM: +189.4% vs year-ago OPM: +6.8%",
      "severity": "HIGH"
    },
    {
      "quarter": "2024-12 (Q4)",
      "signal": "INCREMENTAL MARGIN (YoY)",
      "detail": "YoY Incr OPM: +124.3% vs year-ago OPM: +11.1%",
      "severity": "HIGH"
    },
    {
      "quarter": "2024-09 (Q3)",
      "signal": "INCREMENTAL MARGIN (YoY)",
      "detail": "YoY Incr OPM: +217.3% vs year-ago OPM: +10.3%",
      "severity": "HIGH"
    },
    {
      "quarter": "2024-03 (Q1)",
      "signal": "INCREMENTAL MARGIN (YoY)",
      "detail": "YoY Incr OPM: +128.3% vs year-ago OPM: +11.3%",
      "severity": "HIGH"
    },
    {
      "quarter": "2023-12 (Q4)",
      "signal": "FCF TURNED POSITIVE",
      "detail": "FCF margin: -8.3% -> +24.8%",
      "severity": "HIGH"
    },
    {
      "quarter": "2023-12 (Q4)",
      "signal": "INCREMENTAL MARGIN (YoY)",
      "detail": "YoY Incr OPM: +133.1% vs year-ago OPM: +18.5%",
      "severity": "HIGH"
    },
    {
      "quarter": "2023-10 (Q4)",
      "signal": "FCF MARGIN EXPANSION",
      "detail": "FCF margin: -21.1% -> -8.3% (+12.7%)",
      "severity": "MEDIUM"
    },
    {
      "quarter": "2023-10 (Q4)",
      "signal": "YoY REVENUE GROWTH ACCELERATION",
      "detail": "YoY growth: -5.8% vs prior quarter YoY: -20.8% (accel: +15.1%)",
      "severity": "HIGH"
    },
    {
      "quarter": "2023-10 (Q4)",
      "signal": "INCREMENTAL MARGIN (YoY)",
      "detail": "YoY Incr OPM: +101.2% vs year-ago OPM: +15.6%",
      "severity": "HIGH"
    },
    {
      "quarter": "2023-07 (Q3)",
      "signal": "YoY REVENUE GROWTH ACCELERATION",
      "detail": "YoY growth: -20.8% vs prior quarter YoY: -29.9% (accel: +9.1%)",
      "severity": "MEDIUM"
    },
    {
      "quarter": "2023-07 (Q3)",
      "signal": "INCREMENTAL MARGIN (YoY)",
      "detail": "YoY Incr OPM: +92.6% vs year-ago OPM: +28.0%",
      "severity": "HIGH"
    },
    {
      "quarter": "2023-04 (Q2)",
      "signal": "INCREMENTAL MARGIN (YoY)",
      "detail": "YoY Incr OPM: +62.0% vs year-ago OPM: +26.5%",
      "severity": "HIGH"
    },
    {
      "quarter": "2023-01 (Q1)",
      "signal": "OPERATING LEVERAGE",
      "detail": "Rev growth +4.1% vs OpEx growth +0.9% (leverage: 4.7x)",
      "severity": "MEDIUM"
    },
    {
      "quarter": "2023-01 (Q1)",
      "signal": "YoY REVENUE GROWTH DECELERATION",
      "detail": "YoY growth: -27.9% vs prior quarter YoY: -17.4% (decel: -10.5%)",
      "severity": "WARNING"
    },
    {
      "quarter": "2023-01 (Q1)",
      "signal": "INCREMENTAL MARGIN (YoY)",
      "detail": "YoY Incr OPM: +56.7% vs year-ago OPM: +29.2%",
      "severity": "HIGH"
    },
    {
      "quarter": "2022-10 (Q4)",
      "signal": "FCF MARGIN EXPANSION",
      "detail": "FCF margin: +8.7% -> +20.6% (+11.9%)",
      "severity": "MEDIUM"
    },
    {
      "quarter": "2022-10 (Q4)",
      "signal": "YoY REVENUE GROWTH DECELERATION",
      "detail": "YoY growth: -17.4% vs prior quarter YoY: -1.7% (decel: -15.7%)",
      "severity": "WARNING"
    },
    {
      "quarter": "2022-10 (Q4)",
      "signal": "INCREMENTAL MARGIN (YoY)",
      "detail": "YoY Incr OPM: +74.4% vs year-ago OPM: +25.8%",
      "severity": "HIGH"
    },
    {
      "quarter": "2022-07 (Q3)",
      "signal": "INCREMENTAL MARGIN (YoY)",
      "detail": "YoY Incr OPM: +540.4% vs year-ago OPM: +36.5%",
      "severity": "HIGH"
    },
    {
      "quarter": "2022-04 (Q2)",
      "signal": "YoY REVENUE GROWTH ACCELERATION",
      "detail": "YoY growth: -6.3% vs prior quarter YoY: -24.1% (accel: +17.8%)",
      "severity": "HIGH"
    },
    {
      "quarter": "2022-04 (Q2)",
      "signal": "INCREMENTAL MARGIN (YoY)",
      "detail": "YoY Incr OPM: +329.2% vs year-ago OPM: +45.5%",
      "severity": "HIGH"
    },
    {
      "quarter": "2022-01 (Q1)",
      "signal": "INCREMENTAL MARGIN (YoY)",
      "detail": "YoY Incr OPM: +64.4% vs year-ago OPM: +37.7%",
      "severity": "HIGH"
    },
    {
      "quarter": "2021-04 (Q2)",
      "signal": "FCF MARGIN EXPANSION",
      "detail": "FCF margin: +35.1% -> +44.7% (+9.5%)",
      "severity": "MEDIUM"
    }
  ],
  "data_quality": {
    "n_quarters": 20,
    "coverage": {
      "revenue": [
        20,
        20
      ],
      "gross_profit": [
        18,
        20
      ],
      "op_income": [
        20,
        20
      ],
      "fcf": [
        20,
        20
      ]
    },
    "gaps": [],
    "warnings": []
  },
  "market_cap": null,
  "source": "SEC EDGAR",
  "last_updated": "2026-02-02T20:29:59.360795"
}