{
  "ticker": "RVYL",
  "name": "RYVYL INC.",
  "quarters": [
    {
      "date": "2020-12-31T00:00:00",
      "quarter_label": "2020-12 (Q4)",
      "revenue": 2988680,
      "gross_profit": 1667376,
      "operating_income": -3490433,
      "net_income": -4218032,
      "opex": 5157809,
      "cogs": 1321304,
      "rd": 565600,
      "sga": null,
      "fcf": -4024490,
      "ocf": -4030173,
      "capex": 5683,
      "gross_margin": 0.5578971318441587,
      "op_margin": -1.1678844841200797,
      "fcf_margin": -1.3465777533894563
    },
    {
      "date": "2021-03-31T00:00:00",
      "quarter_label": "2021-03 (Q1)",
      "revenue": 4749441,
      "gross_profit": 3155670,
      "operating_income": -9363031,
      "net_income": -13329432,
      "opex": 12518701,
      "cogs": 1593771,
      "rd": 653381,
      "sga": null,
      "fcf": -11269887,
      "ocf": -11258779,
      "capex": -11108,
      "gross_margin": 0.6644297718405177,
      "op_margin": -1.9713964232843402,
      "fcf_margin": -2.3728870408117504,
      "op_leverage_ratio": 0.41281531693533996,
      "fcf_margin_change": -1.026309287422294
    },
    {
      "date": "2021-06-30T00:00:00",
      "quarter_label": "2021-06 (Q2)",
      "revenue": 6379179,
      "gross_profit": 5055699,
      "operating_income": -35611,
      "net_income": -39560,
      "opex": 5091310,
      "cogs": 1323480,
      "rd": 808210,
      "sga": null,
      "fcf": -2466498,
      "ocf": -2409195,
      "capex": -57303,
      "gross_margin": 0.7925312959551691,
      "op_margin": -0.0055823798015387244,
      "fcf_margin": -0.38664818779971527,
      "op_leverage_ratio": Infinity,
      "fcf_margin_change": 1.9862388530120352
    },
    {
      "date": "2021-09-30T00:00:00",
      "quarter_label": "2021-09 (Q3)",
      "revenue": 8045469,
      "gross_profit": 5624721,
      "operating_income": -2753667,
      "net_income": -6049755,
      "opex": 8378388,
      "cogs": 2420748,
      "rd": 1043385,
      "sga": null,
      "fcf": -395472,
      "ocf": -366065,
      "capex": -29407,
      "gross_margin": 0.6991166083667714,
      "op_margin": -0.34226308000192407,
      "fcf_margin": -0.049154623552710226,
      "op_leverage_ratio": 0.40458085776383906,
      "fcf_margin_change": 0.33749356424700505
    },
    {
      "date": "2021-12-31T00:00:00",
      "quarter_label": "2021-12 (Q4)",
      "revenue": 7130413,
      "gross_profit": 3056158,
      "operating_income": -8632212,
      "net_income": -15324000,
      "opex": 11688370,
      "cogs": 3873000,
      "rd": 1365074,
      "sga": null,
      "fcf": -9034405,
      "ocf": -8973365,
      "capex": -61040,
      "gross_margin": 0.4286088337379616,
      "op_margin": -1.2106187958537604,
      "fcf_margin": -1.2670240840186957,
      "incr_op_margin_yoy": -1.2414559316112361,
      "rev_growth_yoy": 1.3858067775740461,
      "fcf_margin_change": -1.2178694604659854
    },
    {
      "date": "2022-03-31T00:00:00",
      "quarter_label": "2022-03 (Q1)",
      "revenue": 4895526,
      "gross_profit": 2331696,
      "operating_income": -6175100,
      "net_income": -21315987,
      "opex": 8506796,
      "cogs": 2563830,
      "rd": 1938133,
      "sga": null,
      "fcf": -14535000,
      "ocf": -14469000,
      "capex": -66000,
      "gross_margin": 0.476291209565632,
      "op_margin": -1.2613762034968254,
      "fcf_margin": -2.9690374435760325,
      "rev_growth_yoy": 0.030758356615020587,
      "rev_growth_yoy_accel": -1.3550484209590254,
      "fcf_margin_change": -1.7020133595573368
    },
    {
      "date": "2022-06-30T00:00:00",
      "quarter_label": "2022-06 (Q2)",
      "revenue": 6965578,
      "gross_profit": 2822700,
      "operating_income": -8779065,
      "net_income": 10410085,
      "opex": 11601765,
      "cogs": 4142878,
      "rd": 1919944,
      "sga": null,
      "fcf": 17543000,
      "ocf": 17564000,
      "capex": -21000,
      "gross_margin": 0.4052355741332593,
      "op_margin": -1.2603498230871868,
      "fcf_margin": 2.518527536408321,
      "rev_growth_yoy": 0.09192389804393324,
      "rev_growth_yoy_accel": 0.061165541428912645,
      "op_leverage_ratio": 1.162228734357199,
      "fcf_margin_change": 5.487564979984354
    },
    {
      "date": "2022-09-30T00:00:00",
      "quarter_label": "2022-09 (Q3)",
      "revenue": 10629691,
      "gross_profit": 6360162,
      "operating_income": -3062791,
      "net_income": -15170277,
      "opex": 9422953,
      "cogs": 4269529,
      "rd": 1442038,
      "sga": null,
      "fcf": -15457000,
      "ocf": -15442000,
      "capex": -15000,
      "gross_margin": 0.5983393120270383,
      "op_margin": -0.28813546884853003,
      "fcf_margin": -1.454134461669676,
      "incr_op_margin_yoy": -0.11961975403041998,
      "rev_growth_yoy": 0.3212021573882144,
      "rev_growth_yoy_accel": 0.22927825934428114,
      "op_leverage_ratio": Infinity,
      "fcf_margin_change": -3.972661998077997
    },
    {
      "date": "2022-12-31T00:00:00",
      "quarter_label": "2022-12 (Q4)",
      "revenue": 10418288,
      "gross_profit": 4607950,
      "operating_income": -19821259,
      "net_income": -23159517,
      "opex": 24429209,
      "cogs": 5810338,
      "rd": 975768,
      "sga": null,
      "fcf": 2943000,
      "ocf": 3003000,
      "capex": -60000,
      "gross_margin": 0.4422943577678022,
      "op_margin": -1.9025447367168196,
      "fcf_margin": 0.2824840319253989,
      "incr_op_margin_yoy": -3.4031242063642932,
      "rev_growth_yoy": 0.4611058293537836,
      "rev_growth_yoy_accel": 0.1399036719655692,
      "fcf_margin_change": 1.736618493595075
    },
    {
      "date": "2023-03-31T00:00:00",
      "quarter_label": "2023-03 (Q1)",
      "revenue": 11291000,
      "gross_profit": 5113000,
      "operating_income": -3680000,
      "net_income": -7979000,
      "opex": 8793000,
      "cogs": 6178000,
      "rd": 1936000,
      "sga": null,
      "fcf": 16362000,
      "ocf": 16379000,
      "capex": -17000,
      "gross_margin": 0.4528385439730759,
      "op_margin": -0.3259233017447525,
      "fcf_margin": 1.4491187671596848,
      "incr_op_margin_yoy": 0.3901352737889326,
      "rev_growth_yoy": 1.3063915910159603,
      "rev_growth_yoy_accel": 0.8452857616621767,
      "op_leverage_ratio": Infinity,
      "fcf_margin_change": 1.1666347352342858
    },
    {
      "date": "2023-06-30T00:00:00",
      "quarter_label": "2023-06 (Q2)",
      "revenue": 14849000,
      "gross_profit": 6124000,
      "operating_income": -5641000,
      "net_income": -12005000,
      "opex": 11765000,
      "cogs": 8725000,
      "rd": 1184000,
      "sga": null,
      "fcf": 6750000,
      "ocf": 6750000,
      "capex": null,
      "gross_margin": 0.41241834466967475,
      "op_margin": -0.3798909017442252,
      "fcf_margin": 0.45457606572833187,
      "incr_op_margin_yoy": 0.39805873642182293,
      "rev_growth_yoy": 1.1317685337814034,
      "rev_growth_yoy_accel": -0.17462305723455684,
      "op_leverage_ratio": 0.9323131383122588,
      "fcf_margin_change": -0.9945427014313529
    },
    {
      "date": "2023-09-30T00:00:00",
      "quarter_label": "2023-09 (Q3)",
      "revenue": 17480000,
      "gross_profit": 6680000,
      "operating_income": -2364000,
      "net_income": -3116000,
      "opex": 9044000,
      "cogs": 10800000,
      "rd": 1315000,
      "sga": null,
      "fcf": 4394000,
      "ocf": 4455000,
      "capex": -61000,
      "gross_margin": 0.38215102974828374,
      "op_margin": -0.13524027459954233,
      "fcf_margin": 0.2513729977116705,
      "incr_op_margin_yoy": 0.10200868311195889,
      "rev_growth_yoy": 0.6444504360474824,
      "rev_growth_yoy_accel": -0.487318097733921,
      "op_leverage_ratio": Infinity,
      "fcf_margin_change": -0.20320306801666138
    },
    {
      "date": "2023-12-31T00:00:00",
      "quarter_label": "2023-12 (Q4)",
      "revenue": 22249000,
      "gross_profit": 7795000,
      "operating_income": -2832000,
      "net_income": -30003000,
      "opex": 10627000,
      "cogs": 14454000,
      "rd": 1323000,
      "sga": null,
      "fcf": 5547000,
      "ocf": 5577000,
      "capex": -30000,
      "gross_margin": 0.3503528248460605,
      "op_margin": -0.12728661962335386,
      "fcf_margin": 0.24931457593599712,
      "incr_op_margin_yoy": 1.4360301391835082,
      "rev_growth_yoy": 1.1355716025512061,
      "rev_growth_yoy_accel": 0.4911211665037237,
      "op_leverage_ratio": 1.5587107583289843,
      "fcf_margin_change": -0.0020584217756733636
    },
    {
      "date": "2024-03-31T00:00:00",
      "quarter_label": "2024-03 (Q1)",
      "revenue": 16774000,
      "gross_profit": 7031000,
      "operating_income": -1906000,
      "net_income": -2689000,
      "opex": 8937000,
      "cogs": 9743000,
      "rd": 1393000,
      "sga": null,
      "fcf": 15503000,
      "ocf": 15525000,
      "capex": -22000,
      "gross_margin": 0.41916060569929653,
      "op_margin": -0.11362823417193275,
      "fcf_margin": 0.9242279718612137,
      "incr_op_margin_yoy": 0.32354550428597484,
      "rev_growth_yoy": 0.48560800637676027,
      "rev_growth_yoy_accel": -0.6499635961744459,
      "fcf_margin_change": 0.6749133959252166
    },
    {
      "date": "2024-06-30T00:00:00",
      "quarter_label": "2024-06 (Q2)",
      "revenue": 11900000,
      "gross_profit": 4749000,
      "operating_income": -10890000,
      "net_income": -12111000,
      "opex": 15639000,
      "cogs": 7151000,
      "rd": 819000,
      "sga": null,
      "fcf": -12815000,
      "ocf": -12830000,
      "capex": 15000,
      "gross_margin": 0.39907563025210085,
      "op_margin": -0.915126050420168,
      "fcf_margin": -1.076890756302521,
      "incr_op_margin_yoy": 1.7799253984401493,
      "rev_growth_yoy": -0.19859923227153345,
      "rev_growth_yoy_accel": -0.6842072386482937,
      "fcf_margin_change": -2.0011187281637346
    },
    {
      "date": "2024-09-30T00:00:00",
      "quarter_label": "2024-09 (Q3)",
      "revenue": 12606000,
      "gross_profit": 4857000,
      "operating_income": -2480000,
      "net_income": -5174000,
      "opex": 7337000,
      "cogs": 7749000,
      "rd": 815000,
      "sga": null,
      "fcf": 16397000,
      "ocf": 16424000,
      "capex": -27000,
      "gross_margin": 0.38529271775345075,
      "op_margin": -0.1967317150563224,
      "fcf_margin": 1.3007298112010155,
      "incr_op_margin_yoy": 0.02379975379565039,
      "rev_growth_yoy": -0.27883295194508007,
      "rev_growth_yoy_accel": -0.08023371967354662,
      "op_leverage_ratio": Infinity,
      "fcf_margin_change": 2.3776205675035365
    },
    {
      "date": "2024-12-31T00:00:00",
      "quarter_label": "2024-12 (Q4)",
      "revenue": 14718000,
      "gross_profit": 5789000,
      "operating_income": -5609000,
      "net_income": -6851000,
      "opex": 11398000,
      "cogs": 8929000,
      "rd": 821000,
      "sga": null,
      "fcf": 2059000,
      "ocf": 2072000,
      "capex": -13000,
      "gross_margin": 0.39332789781220273,
      "op_margin": -0.38109797526837885,
      "fcf_margin": 0.13989672509851883,
      "incr_op_margin_yoy": 0.3687425308723941,
      "rev_growth_yoy": -0.3384871230167648,
      "rev_growth_yoy_accel": -0.05965417107168475,
      "op_leverage_ratio": 0.3026928347929675,
      "fcf_margin_change": -1.1608330861024967
    },
    {
      "date": "2025-03-31T00:00:00",
      "quarter_label": "2025-03 (Q1)",
      "revenue": 15133000,
      "gross_profit": 6715000,
      "operating_income": -848000,
      "net_income": -2756000,
      "opex": 7563000,
      "cogs": 8418000,
      "rd": 449000,
      "sga": null,
      "fcf": -15589000,
      "ocf": -15581000,
      "capex": -8000,
      "gross_margin": 0.44373224079825546,
      "op_margin": -0.056036476574373884,
      "fcf_margin": -1.0301328223088615,
      "incr_op_margin_yoy": -0.6447288238878732,
      "rev_growth_yoy": -0.09782997496124955,
      "rev_growth_yoy_accel": 0.24065714805551525,
      "op_leverage_ratio": Infinity,
      "fcf_margin_change": -1.1700295474073803
    },
    {
      "date": "2025-06-30T00:00:00",
      "quarter_label": "2025-06 (Q2)",
      "revenue": 2783000,
      "gross_profit": 1219000,
      "operating_income": -3286000,
      "net_income": -8408000,
      "opex": 4505000,
      "cogs": 1564000,
      "rd": 129000,
      "sga": null,
      "fcf": 12367000,
      "ocf": 12435000,
      "capex": -68000,
      "gross_margin": 0.4380165289256198,
      "op_margin": -1.1807402084081926,
      "fcf_margin": 4.443765720445563,
      "incr_op_margin_yoy": -0.8340462871558627,
      "rev_growth_yoy": -0.7661344537815126,
      "rev_growth_yoy_accel": -0.668304478820263,
      "fcf_margin_change": 5.473898542754425
    },
    {
      "date": "2025-09-30T00:00:00",
      "quarter_label": "2025-09 (Q3)",
      "revenue": 2786000,
      "gross_profit": 1393000,
      "operating_income": -1811000,
      "net_income": -1953000,
      "opex": 3204000,
      "cogs": 1393000,
      "rd": -216000,
      "sga": null,
      "fcf": -3054000,
      "ocf": -3054000,
      "capex": null,
      "gross_margin": 0.5,
      "op_margin": -0.6500358937544867,
      "fcf_margin": -1.0961952620244078,
      "incr_op_margin_yoy": -0.06812627291242362,
      "rev_growth_yoy": -0.7789941297794701,
      "rev_growth_yoy_accel": -0.012859675997957565,
      "fcf_margin_change": -5.539960982469971
    }
  ],
  "signals": [
    {
      "quarter": "2025-09 (Q3)",
      "signal": "GROSS MARGIN INFLECTION",
      "detail": "GM: +44.4% -> +43.8% -> +50.0% (reversal +6.2%)",
      "severity": "HIGH"
    },
    {
      "quarter": "2025-06 (Q2)",
      "signal": "FCF TURNED POSITIVE",
      "detail": "FCF margin: -103.0% -> +444.4%",
      "severity": "HIGH"
    },
    {
      "quarter": "2025-06 (Q2)",
      "signal": "YoY REVENUE GROWTH DECELERATION",
      "detail": "YoY growth: -76.6% vs prior quarter YoY: -9.8% (decel: -66.8%)",
      "severity": "WARNING"
    },
    {
      "quarter": "2025-03 (Q1)",
      "signal": "YoY REVENUE GROWTH ACCELERATION",
      "detail": "YoY growth: -9.8% vs prior quarter YoY: -33.8% (accel: +24.1%)",
      "severity": "HIGH"
    },
    {
      "quarter": "2024-12 (Q4)",
      "signal": "YoY REVENUE GROWTH DECELERATION",
      "detail": "YoY growth: -33.8% vs prior quarter YoY: -27.9% (decel: -6.0%)",
      "severity": "WARNING"
    },
    {
      "quarter": "2024-09 (Q3)",
      "signal": "FCF TURNED POSITIVE",
      "detail": "FCF margin: -107.7% -> +130.1%",
      "severity": "HIGH"
    },
    {
      "quarter": "2024-09 (Q3)",
      "signal": "YoY REVENUE GROWTH DECELERATION",
      "detail": "YoY growth: -27.9% vs prior quarter YoY: -19.9% (decel: -8.0%)",
      "severity": "WARNING"
    },
    {
      "quarter": "2024-06 (Q2)",
      "signal": "YoY REVENUE GROWTH DECELERATION",
      "detail": "YoY growth: -19.9% vs prior quarter YoY: +48.6% (decel: -68.4%)",
      "severity": "WARNING"
    },
    {
      "quarter": "2024-03 (Q1)",
      "signal": "FCF MARGIN EXPANSION",
      "detail": "FCF margin: +24.9% -> +92.4% (+67.5%)",
      "severity": "MEDIUM"
    },
    {
      "quarter": "2024-03 (Q1)",
      "signal": "GROSS MARGIN INFLECTION",
      "detail": "GM: +38.2% -> +35.0% -> +41.9% (reversal +6.9%)",
      "severity": "HIGH"
    },
    {
      "quarter": "2024-03 (Q1)",
      "signal": "YoY REVENUE GROWTH DECELERATION",
      "detail": "YoY growth: +48.6% vs prior quarter YoY: +113.6% (decel: -65.0%)",
      "severity": "WARNING"
    },
    {
      "quarter": "2023-12 (Q4)",
      "signal": "OPERATING LEVERAGE",
      "detail": "Rev growth +27.3% vs OpEx growth +17.5% (leverage: 1.6x)",
      "severity": "MEDIUM"
    },
    {
      "quarter": "2023-12 (Q4)",
      "signal": "YoY REVENUE GROWTH ACCELERATION",
      "detail": "YoY growth: +113.6% vs prior quarter YoY: +64.4% (accel: +49.1%)",
      "severity": "HIGH"
    },
    {
      "quarter": "2023-09 (Q3)",
      "signal": "YoY REVENUE GROWTH DECELERATION",
      "detail": "YoY growth: +64.4% vs prior quarter YoY: +113.2% (decel: -48.7%)",
      "severity": "WARNING"
    },
    {
      "quarter": "2023-06 (Q2)",
      "signal": "YoY REVENUE GROWTH DECELERATION",
      "detail": "YoY growth: +113.2% vs prior quarter YoY: +130.6% (decel: -17.5%)",
      "severity": "WARNING"
    },
    {
      "quarter": "2023-03 (Q1)",
      "signal": "FCF MARGIN EXPANSION",
      "detail": "FCF margin: +28.2% -> +144.9% (+116.7%)",
      "severity": "MEDIUM"
    },
    {
      "quarter": "2023-03 (Q1)",
      "signal": "YoY REVENUE GROWTH ACCELERATION",
      "detail": "YoY growth: +130.6% vs prior quarter YoY: +46.1% (accel: +84.5%)",
      "severity": "HIGH"
    },
    {
      "quarter": "2022-12 (Q4)",
      "signal": "FCF TURNED POSITIVE",
      "detail": "FCF margin: -145.4% -> +28.2%",
      "severity": "HIGH"
    },
    {
      "quarter": "2022-12 (Q4)",
      "signal": "YoY REVENUE GROWTH ACCELERATION",
      "detail": "YoY growth: +46.1% vs prior quarter YoY: +32.1% (accel: +14.0%)",
      "severity": "MEDIUM"
    },
    {
      "quarter": "2022-09 (Q3)",
      "signal": "GROSS MARGIN INFLECTION",
      "detail": "GM: +47.6% -> +40.5% -> +59.8% (reversal +19.3%)",
      "severity": "HIGH"
    },
    {
      "quarter": "2022-09 (Q3)",
      "signal": "YoY REVENUE GROWTH ACCELERATION",
      "detail": "YoY growth: +32.1% vs prior quarter YoY: +9.2% (accel: +22.9%)",
      "severity": "HIGH"
    },
    {
      "quarter": "2022-06 (Q2)",
      "signal": "FCF TURNED POSITIVE",
      "detail": "FCF margin: -296.9% -> +251.9%",
      "severity": "HIGH"
    },
    {
      "quarter": "2022-06 (Q2)",
      "signal": "YoY REVENUE GROWTH ACCELERATION",
      "detail": "YoY growth: +9.2% vs prior quarter YoY: +3.1% (accel: +6.1%)",
      "severity": "MEDIUM"
    },
    {
      "quarter": "2022-03 (Q1)",
      "signal": "GROSS MARGIN INFLECTION",
      "detail": "GM: +69.9% -> +42.9% -> +47.6% (reversal +4.8%)",
      "severity": "MEDIUM"
    },
    {
      "quarter": "2022-03 (Q1)",
      "signal": "YoY REVENUE GROWTH DECELERATION",
      "detail": "YoY growth: +3.1% vs prior quarter YoY: +138.6% (decel: -135.5%)",
      "severity": "WARNING"
    },
    {
      "quarter": "2021-09 (Q3)",
      "signal": "FCF MARGIN EXPANSION",
      "detail": "FCF margin: -38.7% -> -4.9% (+33.7%)",
      "severity": "MEDIUM"
    },
    {
      "quarter": "2021-06 (Q2)",
      "signal": "FCF MARGIN EXPANSION",
      "detail": "FCF margin: -237.3% -> -38.7% (+198.6%)",
      "severity": "MEDIUM"
    }
  ],
  "data_quality": {
    "n_quarters": 20,
    "coverage": {
      "revenue": [
        20,
        20
      ],
      "gross_profit": [
        20,
        20
      ],
      "op_income": [
        20,
        20
      ],
      "fcf": [
        20,
        20
      ]
    },
    "gaps": [],
    "warnings": []
  },
  "market_cap": null,
  "source": "SEC EDGAR",
  "last_updated": "2026-02-03T00:13:52.559819"
}