{
  "ticker": "RXO",
  "name": "RXO, INC.",
  "sector": "Industrials",
  "industry": "Trucking",
  "quarters": [
    {
      "date": "2021-09-30T00:00:00",
      "quarter_label": "2021-09 (Q3)",
      "revenue": 1198000000,
      "gross_profit": 240000000,
      "operating_income": 38000000,
      "net_income": 33000000,
      "opex": 202000000,
      "cogs": 958000000,
      "rd": null,
      "sga": 130000000,
      "fcf": null,
      "ocf": null,
      "capex": null,
      "gross_margin": 0.2003338898163606,
      "op_margin": 0.03171953255425709,
      "fcf_margin": null
    },
    {
      "date": "2021-12-31T00:00:00",
      "quarter_label": "2021-12 (Q4)",
      "revenue": 1327000000,
      "gross_profit": 276000000,
      "operating_income": 55000000,
      "net_income": 42000000,
      "opex": 221000000,
      "cogs": 1051000000,
      "rd": null,
      "sga": 152000000,
      "fcf": 27000000,
      "ocf": 36000000,
      "capex": -9000000,
      "gross_margin": 0.2079879427279578,
      "op_margin": 0.04144687264506405,
      "fcf_margin": 0.020346646571213264,
      "op_leverage_ratio": 1.1448027414111237
    },
    {
      "date": "2022-03-31T00:00:00",
      "quarter_label": "2022-03 (Q1)",
      "revenue": 1312000000,
      "gross_profit": 291000000,
      "operating_income": 51000000,
      "net_income": 39000000,
      "opex": 240000000,
      "cogs": 1021000000,
      "rd": null,
      "sga": 161000000,
      "fcf": 91000000,
      "ocf": 103000000,
      "capex": -12000000,
      "gross_margin": 0.22179878048780488,
      "op_margin": 0.038871951219512195,
      "fcf_margin": 0.06935975609756098,
      "fcf_margin_change": 0.049013109526347715
    },
    {
      "date": "2022-06-30T00:00:00",
      "quarter_label": "2022-06 (Q2)",
      "revenue": 1226000000,
      "gross_profit": 322000000,
      "operating_income": 58000000,
      "net_income": 44000000,
      "opex": 264000000,
      "cogs": 904000000,
      "rd": null,
      "sga": 166000000,
      "fcf": 62000000,
      "ocf": 74000000,
      "capex": -12000000,
      "gross_margin": 0.2626427406199021,
      "op_margin": 0.04730831973898858,
      "fcf_margin": 0.05057096247960848,
      "fcf_margin_change": -0.0187887936179525
    },
    {
      "date": "2022-09-30T00:00:00",
      "quarter_label": "2022-09 (Q3)",
      "revenue": 1138000000,
      "gross_profit": 281000000,
      "operating_income": 15000000,
      "net_income": 13000000,
      "opex": 266000000,
      "cogs": 857000000,
      "rd": null,
      "sga": 158000000,
      "fcf": 42000000,
      "ocf": 57000000,
      "capex": -15000000,
      "gross_margin": 0.2469244288224956,
      "op_margin": 0.013181019332161687,
      "fcf_margin": 0.03690685413005272,
      "incr_op_margin_yoy": 0.38333333333333336,
      "rev_growth_yoy": -0.05008347245409015,
      "fcf_margin_change": -0.01366410834955576
    },
    {
      "date": "2022-12-31T00:00:00",
      "quarter_label": "2022-12 (Q4)",
      "revenue": 1120000000,
      "gross_profit": 278000000,
      "operating_income": -1000000,
      "net_income": -4000000,
      "opex": 279000000,
      "cogs": 842000000,
      "rd": null,
      "sga": 155000000,
      "fcf": 58000000,
      "ocf": 76000000,
      "capex": -18000000,
      "gross_margin": 0.24821428571428572,
      "op_margin": -0.0008928571428571428,
      "fcf_margin": 0.05178571428571429,
      "incr_op_margin_yoy": 0.27053140096618356,
      "rev_growth_yoy": -0.15599095704596835,
      "rev_growth_yoy_accel": -0.10590748459187821,
      "fcf_margin_change": 0.014878860155661568
    },
    {
      "date": "2023-03-31T00:00:00",
      "quarter_label": "2023-03 (Q1)",
      "revenue": 1010000000,
      "gross_profit": 251000000,
      "operating_income": 5000000,
      "net_income": 0,
      "opex": 246000000,
      "cogs": 759000000,
      "rd": null,
      "sga": 153000000,
      "fcf": 30000000,
      "ocf": 42000000,
      "capex": -12000000,
      "gross_margin": 0.2485148514851485,
      "op_margin": 0.0049504950495049506,
      "fcf_margin": 0.0297029702970297,
      "incr_op_margin_yoy": 0.152317880794702,
      "rev_growth_yoy": -0.2301829268292683,
      "rev_growth_yoy_accel": -0.07419196978329995,
      "fcf_margin_change": -0.022082743988684587
    },
    {
      "date": "2023-06-30T00:00:00",
      "quarter_label": "2023-06 (Q2)",
      "revenue": 963000000,
      "gross_profit": 240000000,
      "operating_income": 14000000,
      "net_income": 3000000,
      "opex": 226000000,
      "cogs": 723000000,
      "rd": null,
      "sga": 144000000,
      "fcf": 8000000,
      "ocf": 24000000,
      "capex": -16000000,
      "gross_margin": 0.24922118380062305,
      "op_margin": 0.014537902388369679,
      "fcf_margin": 0.008307372793354102,
      "incr_op_margin_yoy": 0.16730038022813687,
      "rev_growth_yoy": -0.21451876019575855,
      "rev_growth_yoy_accel": 0.015664166633509752,
      "fcf_margin_change": -0.0213955975036756
    },
    {
      "date": "2023-09-30T00:00:00",
      "quarter_label": "2023-09 (Q3)",
      "revenue": 976000000,
      "gross_profit": 234000000,
      "operating_income": 6000000,
      "net_income": -1000000,
      "opex": 228000000,
      "cogs": 742000000,
      "rd": null,
      "sga": 148000000,
      "fcf": -14000000,
      "ocf": 4000000,
      "capex": -18000000,
      "gross_margin": 0.23975409836065573,
      "op_margin": 0.006147540983606557,
      "fcf_margin": -0.014344262295081968,
      "incr_op_margin_yoy": 0.05555555555555555,
      "rev_growth_yoy": -0.14235500878734622,
      "rev_growth_yoy_accel": 0.07216375140841233,
      "op_leverage_ratio": 1.525441329179647,
      "fcf_margin_change": -0.022651635088436067
    },
    {
      "date": "2023-12-31T00:00:00",
      "quarter_label": "2023-12 (Q4)",
      "revenue": 978000000,
      "gross_profit": 235000000,
      "operating_income": 14000000,
      "net_income": 2000000,
      "opex": 221000000,
      "cogs": 743000000,
      "rd": null,
      "sga": 146000000,
      "fcf": 1000000,
      "ocf": 19000000,
      "capex": -18000000,
      "gross_margin": 0.24028629856850717,
      "op_margin": 0.014314928425357873,
      "fcf_margin": 0.0010224948875255625,
      "incr_op_margin_yoy": -0.1056338028169014,
      "rev_growth_yoy": -0.12678571428571428,
      "rev_growth_yoy_accel": 0.015569294501631942,
      "fcf_margin_change": 0.01536675718260753
    },
    {
      "date": "2024-03-31T00:00:00",
      "quarter_label": "2024-03 (Q1)",
      "revenue": 913000000,
      "gross_profit": 214000000,
      "operating_income": -12000000,
      "net_income": -15000000,
      "opex": 226000000,
      "cogs": 699000000,
      "rd": null,
      "sga": 145000000,
      "fcf": -4000000,
      "ocf": 7000000,
      "capex": -11000000,
      "gross_margin": 0.2343921139101862,
      "op_margin": -0.013143483023001095,
      "fcf_margin": -0.004381161007667032,
      "incr_op_margin_yoy": 0.17525773195876287,
      "rev_growth_yoy": -0.09603960396039604,
      "rev_growth_yoy_accel": 0.030746110325318238,
      "fcf_margin_change": -0.005403655895192594
    },
    {
      "date": "2024-06-30T00:00:00",
      "quarter_label": "2024-06 (Q2)",
      "revenue": 930000000,
      "gross_profit": 230000000,
      "operating_income": 0,
      "net_income": -7000000,
      "opex": 230000000,
      "cogs": 700000000,
      "rd": null,
      "sga": 154000000,
      "fcf": -16000000,
      "ocf": -5000000,
      "capex": -11000000,
      "gross_margin": 0.24731182795698925,
      "op_margin": 0.0,
      "fcf_margin": -0.017204301075268817,
      "incr_op_margin_yoy": 0.42424242424242425,
      "rev_growth_yoy": -0.03426791277258567,
      "rev_growth_yoy_accel": 0.061771691187810375,
      "op_leverage_ratio": 1.052026286966046,
      "fcf_margin_change": -0.012823140067601786
    },
    {
      "date": "2024-09-30T00:00:00",
      "quarter_label": "2024-09 (Q3)",
      "revenue": 1040000000,
      "gross_profit": 231000000,
      "operating_income": -20000000,
      "net_income": -243000000,
      "opex": 251000000,
      "cogs": 809000000,
      "rd": null,
      "sga": 149000000,
      "fcf": -18000000,
      "ocf": -7000000,
      "capex": -11000000,
      "gross_margin": 0.2221153846153846,
      "op_margin": -0.019230769230769232,
      "fcf_margin": -0.01730769230769231,
      "incr_op_margin_yoy": -0.40625,
      "rev_growth_yoy": 0.06557377049180328,
      "rev_growth_yoy_accel": 0.09984168326438894,
      "op_leverage_ratio": 1.2954429083461343,
      "fcf_margin_change": -0.00010339123242349146
    },
    {
      "date": "2024-12-31T00:00:00",
      "quarter_label": "2024-12 (Q4)",
      "revenue": 1667000000,
      "gross_profit": 310000000,
      "operating_income": -24000000,
      "net_income": -25000000,
      "opex": 334000000,
      "cogs": 1357000000,
      "rd": null,
      "sga": 218000000,
      "fcf": -19000000,
      "ocf": -7000000,
      "capex": -12000000,
      "gross_margin": 0.1859628074385123,
      "op_margin": -0.014397120575884824,
      "fcf_margin": -0.011397720455908818,
      "incr_op_margin_yoy": -0.055152394775036286,
      "rev_growth_yoy": 0.7044989775051125,
      "rev_growth_yoy_accel": 0.6389252070133092,
      "op_leverage_ratio": 1.8231811862835958,
      "fcf_margin_change": 0.005909971851783491
    },
    {
      "date": "2025-03-31T00:00:00",
      "quarter_label": "2025-03 (Q1)",
      "revenue": 1433000000,
      "gross_profit": 280000000,
      "operating_income": -30000000,
      "net_income": -31000000,
      "opex": 310000000,
      "cogs": 1153000000,
      "rd": null,
      "sga": 210000000,
      "fcf": -17000000,
      "ocf": -2000000,
      "capex": -15000000,
      "gross_margin": 0.19539427773900908,
      "op_margin": -0.0209351011863224,
      "fcf_margin": -0.011863224005582694,
      "incr_op_margin_yoy": -0.03461538461538462,
      "rev_growth_yoy": 0.5695509309967142,
      "rev_growth_yoy_accel": -0.1349480465083983,
      "fcf_margin_change": -0.00046550354967387665
    },
    {
      "date": "2025-06-30T00:00:00",
      "quarter_label": "2025-06 (Q2)",
      "revenue": 1419000000,
      "gross_profit": 301000000,
      "operating_income": 0,
      "net_income": -9000000,
      "opex": 301000000,
      "cogs": 1118000000,
      "rd": null,
      "sga": 214000000,
      "fcf": 9000000,
      "ocf": 23000000,
      "capex": -14000000,
      "gross_margin": 0.21212121212121213,
      "op_margin": 0.0,
      "fcf_margin": 0.006342494714587738,
      "incr_op_margin_yoy": 0.0,
      "rev_growth_yoy": 0.5258064516129032,
      "rev_growth_yoy_accel": -0.043744479383810986,
      "fcf_margin_change": 0.018205718720170433
    },
    {
      "date": "2025-09-30T00:00:00",
      "quarter_label": "2025-09 (Q3)",
      "revenue": 1421000000,
      "gross_profit": 284000000,
      "operating_income": -7000000,
      "net_income": -14000000,
      "opex": 291000000,
      "cogs": 1137000000,
      "rd": null,
      "sga": 208000000,
      "fcf": 9000000,
      "ocf": 23000000,
      "capex": -14000000,
      "gross_margin": 0.19985925404644617,
      "op_margin": -0.0049261083743842365,
      "fcf_margin": 0.0063335679099225895,
      "incr_op_margin_yoy": 0.03412073490813648,
      "rev_growth_yoy": 0.3663461538461538,
      "rev_growth_yoy_accel": -0.15946029776674936,
      "fcf_margin_change": -8.926804665148128e-06
    },
    {
      "date": "2025-12-31T00:00:00",
      "quarter_label": "2025-12 (Q4)",
      "revenue": 1469000000,
      "gross_profit": 266000000,
      "operating_income": -42000000,
      "net_income": -46000000,
      "opex": 308000000,
      "cogs": 1203000000,
      "rd": null,
      "sga": 200000000,
      "fcf": -9000000,
      "ocf": 7000000,
      "capex": -16000000,
      "gross_margin": 0.18107556160653507,
      "op_margin": -0.02859087814840027,
      "fcf_margin": -0.006126616746085773,
      "incr_op_margin_yoy": 0.09090909090909091,
      "rev_growth_yoy": -0.1187762447510498,
      "rev_growth_yoy_accel": -0.48512239859720363,
      "op_leverage_ratio": 0.5782174938941094,
      "fcf_margin_change": -0.012460184656008361
    }
  ],
  "signals": [
    {
      "quarter": "2025-12 (Q4)",
      "signal": "YoY REVENUE GROWTH DECELERATION",
      "detail": "YoY growth: -11.9% vs prior quarter YoY: +36.6% (decel: -48.5%)",
      "severity": "WARNING"
    },
    {
      "quarter": "2025-09 (Q3)",
      "signal": "YoY REVENUE GROWTH DECELERATION",
      "detail": "YoY growth: +36.6% vs prior quarter YoY: +52.6% (decel: -15.9%)",
      "severity": "WARNING"
    },
    {
      "quarter": "2025-06 (Q2)",
      "signal": "FCF TURNED POSITIVE",
      "detail": "FCF margin: -1.2% -> +0.6%",
      "severity": "HIGH"
    },
    {
      "quarter": "2025-03 (Q1)",
      "signal": "YoY REVENUE GROWTH DECELERATION",
      "detail": "YoY growth: +57.0% vs prior quarter YoY: +70.4% (decel: -13.5%)",
      "severity": "WARNING"
    },
    {
      "quarter": "2024-12 (Q4)",
      "signal": "OPERATING LEVERAGE",
      "detail": "Rev growth +60.3% vs OpEx growth +33.1% (leverage: 1.8x)",
      "severity": "MEDIUM"
    },
    {
      "quarter": "2024-12 (Q4)",
      "signal": "YoY REVENUE GROWTH ACCELERATION",
      "detail": "YoY growth: +70.4% vs prior quarter YoY: +6.6% (accel: +63.9%)",
      "severity": "HIGH"
    },
    {
      "quarter": "2024-09 (Q3)",
      "signal": "YoY REVENUE GROWTH ACCELERATION",
      "detail": "YoY growth: +6.6% vs prior quarter YoY: -3.4% (accel: +10.0%)",
      "severity": "MEDIUM"
    },
    {
      "quarter": "2024-06 (Q2)",
      "signal": "YoY REVENUE GROWTH ACCELERATION",
      "detail": "YoY growth: -3.4% vs prior quarter YoY: -9.6% (accel: +6.2%)",
      "severity": "MEDIUM"
    },
    {
      "quarter": "2023-12 (Q4)",
      "signal": "FCF TURNED POSITIVE",
      "detail": "FCF margin: -1.4% -> +0.1%",
      "severity": "HIGH"
    },
    {
      "quarter": "2023-12 (Q4)",
      "signal": "OP MARGIN TURNED POSITIVE (YoY)",
      "detail": "Op margin: -0.1% (year-ago) -> +1.4%",
      "severity": "HIGH"
    },
    {
      "quarter": "2023-09 (Q3)",
      "signal": "OPERATING LEVERAGE",
      "detail": "Rev growth +1.3% vs OpEx growth +0.9% (leverage: 1.5x)",
      "severity": "MEDIUM"
    },
    {
      "quarter": "2023-09 (Q3)",
      "signal": "YoY REVENUE GROWTH ACCELERATION",
      "detail": "YoY growth: -14.2% vs prior quarter YoY: -21.5% (accel: +7.2%)",
      "severity": "MEDIUM"
    },
    {
      "quarter": "2023-06 (Q2)",
      "signal": "INCREMENTAL MARGIN (YoY)",
      "detail": "YoY Incr OPM: +16.7% vs year-ago OPM: +4.7%",
      "severity": "MEDIUM"
    },
    {
      "quarter": "2023-03 (Q1)",
      "signal": "YoY REVENUE GROWTH DECELERATION",
      "detail": "YoY growth: -23.0% vs prior quarter YoY: -15.6% (decel: -7.4%)",
      "severity": "WARNING"
    },
    {
      "quarter": "2023-03 (Q1)",
      "signal": "INCREMENTAL MARGIN (YoY)",
      "detail": "YoY Incr OPM: +15.2% vs year-ago OPM: +3.9%",
      "severity": "MEDIUM"
    },
    {
      "quarter": "2023-03 (Q1)",
      "signal": "OP MARGIN TURNED POSITIVE (QoQ)",
      "detail": "Op margin: -0.1% -> +0.5%",
      "severity": "HIGH"
    },
    {
      "quarter": "2022-12 (Q4)",
      "signal": "YoY REVENUE GROWTH DECELERATION",
      "detail": "YoY growth: -15.6% vs prior quarter YoY: -5.0% (decel: -10.6%)",
      "severity": "WARNING"
    },
    {
      "quarter": "2022-09 (Q3)",
      "signal": "INCREMENTAL MARGIN (YoY)",
      "detail": "YoY Incr OPM: +38.3% vs year-ago OPM: +3.2%",
      "severity": "HIGH"
    }
  ],
  "data_quality": {
    "n_quarters": 18,
    "coverage": {
      "revenue": [
        18,
        18
      ],
      "gross_profit": [
        18,
        18
      ],
      "op_income": [
        18,
        18
      ],
      "fcf": [
        17,
        18
      ]
    },
    "gaps": [],
    "warnings": []
  },
  "market_cap": null,
  "source": "SEC EDGAR",
  "last_updated": "2026-02-24T11:09:11.098652"
}