{
  "ticker": "RXRX",
  "name": "RECURSION PHARMACEUTICALS, INC.",
  "quarters": [
    {
      "date": "2020-12-31T00:00:00",
      "quarter_label": "2020-12 (Q4)",
      "revenue": 2691000,
      "gross_profit": null,
      "operating_income": -25581000,
      "net_income": -25766000,
      "opex": 28272000,
      "cogs": null,
      "rd": 20698000,
      "sga": null,
      "fcf": 4886000,
      "ocf": 8573000,
      "capex": -3687000,
      "gross_margin": null,
      "op_margin": -9.50613154960981,
      "fcf_margin": 1.8156819026384243
    },
    {
      "date": "2021-03-31T00:00:00",
      "quarter_label": "2021-03 (Q1)",
      "revenue": 2562000,
      "gross_profit": 2562000,
      "operating_income": -30484000,
      "net_income": -30717000,
      "opex": 33046000,
      "cogs": 0,
      "rd": 24109000,
      "sga": null,
      "fcf": -50171000,
      "ocf": -30755000,
      "capex": -19416000,
      "gross_margin": 1.0,
      "op_margin": -11.898516783762686,
      "fcf_margin": -19.582747853239656,
      "fcf_margin_change": -21.39842975587808
    },
    {
      "date": "2021-06-30T00:00:00",
      "quarter_label": "2021-06 (Q2)",
      "revenue": 2549000,
      "gross_profit": 2549000,
      "operating_income": -40929000,
      "net_income": -43401000,
      "opex": 43478000,
      "cogs": 0,
      "rd": 29624000,
      "sga": null,
      "fcf": -39865000,
      "ocf": -33653000,
      "capex": -6212000,
      "gross_margin": 1.0,
      "op_margin": -16.056885052961945,
      "fcf_margin": -15.639466457434288,
      "fcf_margin_change": 3.943281395805368
    },
    {
      "date": "2021-09-30T00:00:00",
      "quarter_label": "2021-09 (Q3)",
      "revenue": 2534000,
      "gross_profit": 2534000,
      "operating_income": -46402000,
      "net_income": -47428000,
      "opex": 48936000,
      "cogs": 0,
      "rd": 33246000,
      "sga": null,
      "fcf": -42754000,
      "ocf": -33048000,
      "capex": -9706000,
      "gross_margin": 1.0,
      "op_margin": -18.31176006314128,
      "fcf_margin": -16.872138910812943,
      "fcf_margin_change": -1.2326724533786546
    },
    {
      "date": "2021-12-31T00:00:00",
      "quarter_label": "2021-12 (Q4)",
      "revenue": 2533000,
      "gross_profit": 2533000,
      "operating_income": -64960000,
      "net_income": -64933000,
      "opex": 67493000,
      "cogs": 0,
      "rd": 48292000,
      "sga": null,
      "fcf": -65622000,
      "ocf": -61158000,
      "capex": -4464000,
      "gross_margin": 1.0,
      "op_margin": -25.64547966837742,
      "fcf_margin": -25.906829846032373,
      "rev_growth_yoy": -0.058714232627276104,
      "fcf_margin_change": -9.03469093521943
    },
    {
      "date": "2022-03-31T00:00:00",
      "quarter_label": "2022-03 (Q1)",
      "revenue": 5333000,
      "gross_profit": -2466000,
      "operating_income": -55981000,
      "net_income": -55979000,
      "opex": 61314000,
      "cogs": 7799000,
      "rd": 32441000,
      "sga": null,
      "fcf": 73046000,
      "ocf": 77388000,
      "capex": -4342000,
      "gross_margin": -0.4624039002437652,
      "op_margin": -10.497093568348022,
      "fcf_margin": 13.696981061316333,
      "incr_op_margin_yoy": -9.201371346084446,
      "rev_growth_yoy": 1.0815768930523029,
      "rev_growth_yoy_accel": 1.140291125679579,
      "op_leverage_ratio": Infinity,
      "fcf_margin_change": 39.6038109073487
    },
    {
      "date": "2022-06-30T00:00:00",
      "quarter_label": "2022-06 (Q2)",
      "revenue": 7674000,
      "gross_profit": -6553000,
      "operating_income": -66191000,
      "net_income": -65560000,
      "opex": 73865000,
      "cogs": 14227000,
      "rd": 38439000,
      "sga": null,
      "fcf": -78098000,
      "ocf": -61623000,
      "capex": -16475000,
      "gross_margin": -0.8539223351576752,
      "op_margin": -8.625358352879854,
      "fcf_margin": -10.176961167578838,
      "incr_op_margin_yoy": -4.929170731707317,
      "rev_growth_yoy": 2.0105923891722246,
      "rev_growth_yoy_accel": 0.9290154961199217,
      "op_leverage_ratio": 2.144426423671637,
      "fcf_margin_change": -23.87394222889517
    },
    {
      "date": "2022-09-30T00:00:00",
      "quarter_label": "2022-09 (Q3)",
      "revenue": 13160000,
      "gross_profit": -2249000,
      "operating_income": -62573000,
      "net_income": -60445000,
      "opex": 75733000,
      "cogs": 15409000,
      "rd": 40836000,
      "sga": null,
      "fcf": -62804000,
      "ocf": -54541000,
      "capex": -8263000,
      "gross_margin": -0.1708966565349544,
      "op_margin": -4.754787234042553,
      "fcf_margin": -4.772340425531915,
      "incr_op_margin_yoy": -1.5218332392245435,
      "rev_growth_yoy": 4.193370165745856,
      "rev_growth_yoy_accel": 2.1827777765736314,
      "op_leverage_ratio": 28.268049209795972,
      "fcf_margin_change": 5.404620742046923
    },
    {
      "date": "2022-12-31T00:00:00",
      "quarter_label": "2022-12 (Q4)",
      "revenue": 13676000,
      "gross_profit": 2836000,
      "operating_income": -60982000,
      "net_income": -57492000,
      "opex": 74658000,
      "cogs": 10840000,
      "rd": 43980000,
      "sga": null,
      "fcf": -52727000,
      "ocf": -44748000,
      "capex": -7979000,
      "gross_margin": 0.20737057619186897,
      "op_margin": -4.459052354489617,
      "fcf_margin": -3.8554401871892368,
      "incr_op_margin_yoy": 0.35699542313560084,
      "rev_growth_yoy": 4.399131464666404,
      "rev_growth_yoy_accel": 0.20576129892054773,
      "op_leverage_ratio": Infinity,
      "fcf_margin_change": 0.9169002383426785
    },
    {
      "date": "2023-03-31T00:00:00",
      "quarter_label": "2023-03 (Q1)",
      "revenue": 12134000,
      "gross_profit": -314000,
      "operating_income": -69865000,
      "net_income": -65327000,
      "opex": 81999000,
      "cogs": 12448000,
      "rd": 46677000,
      "sga": null,
      "fcf": -78491000,
      "ocf": -73316000,
      "capex": -5175000,
      "gross_margin": -0.02587769902752596,
      "op_margin": -5.757788033624526,
      "fcf_margin": -6.46868303939344,
      "incr_op_margin_yoy": -2.0414644905161006,
      "rev_growth_yoy": 1.2752672042002626,
      "rev_growth_yoy_accel": -3.1238642604661413,
      "fcf_margin_change": -2.6132428522042033
    },
    {
      "date": "2023-06-30T00:00:00",
      "quarter_label": "2023-06 (Q2)",
      "revenue": 11017000,
      "gross_profit": 1635000,
      "operating_income": -81715000,
      "net_income": -76726000,
      "opex": 92732000,
      "cogs": 9382000,
      "rd": 55060000,
      "sga": null,
      "fcf": -71435000,
      "ocf": -67467000,
      "capex": -3968000,
      "gross_margin": 0.14840700735227375,
      "op_margin": -7.417173459199419,
      "fcf_margin": -6.484070073522737,
      "incr_op_margin_yoy": -4.643733173795992,
      "rev_growth_yoy": 0.4356267917643993,
      "rev_growth_yoy_accel": -0.8396404124358634,
      "fcf_margin_change": -0.015387034129297206
    },
    {
      "date": "2023-09-30T00:00:00",
      "quarter_label": "2023-09 (Q3)",
      "revenue": 10533000,
      "gross_profit": -344000,
      "operating_income": -99550000,
      "net_income": -93017000,
      "opex": 110083000,
      "cogs": 10877000,
      "rd": 70007000,
      "sga": null,
      "fcf": -73665000,
      "ocf": -72920000,
      "capex": -745000,
      "gross_margin": -0.03265926136903066,
      "op_margin": -9.45124845722966,
      "fcf_margin": -6.993733978923384,
      "incr_op_margin_yoy": 14.075751808146174,
      "rev_growth_yoy": -0.19962006079027356,
      "rev_growth_yoy_accel": -0.6352468525546728,
      "fcf_margin_change": -0.5096639054006467
    },
    {
      "date": "2023-12-31T00:00:00",
      "quarter_label": "2023-12 (Q4)",
      "revenue": 10891000,
      "gross_profit": 1010000,
      "operating_income": -98930000,
      "net_income": -92996000,
      "opex": 109821000,
      "cogs": 9881000,
      "rd": 69482000,
      "sga": null,
      "fcf": -76144000,
      "ocf": -74077000,
      "capex": -2067000,
      "gross_margin": 0.09273712239463777,
      "op_margin": -9.083647048021302,
      "fcf_margin": -6.991460839225049,
      "incr_op_margin_yoy": 13.625852782764811,
      "rev_growth_yoy": -0.20364141561860194,
      "rev_growth_yoy_accel": -0.004021354828328383,
      "op_leverage_ratio": Infinity,
      "fcf_margin_change": 0.0022731396983353136
    },
    {
      "date": "2024-03-31T00:00:00",
      "quarter_label": "2024-03 (Q1)",
      "revenue": 13794000,
      "gross_profit": 2628000,
      "operating_income": -96340000,
      "net_income": -91373000,
      "opex": 110134000,
      "cogs": 11166000,
      "rd": 67560000,
      "sga": null,
      "fcf": -108953000,
      "ocf": -102300000,
      "capex": -6653000,
      "gross_margin": 0.19051761635493694,
      "op_margin": -6.984196027258228,
      "fcf_margin": -7.898579092358997,
      "incr_op_margin_yoy": -15.948795180722891,
      "rev_growth_yoy": 0.13680567001813088,
      "rev_growth_yoy_accel": 0.3404470856367328,
      "op_leverage_ratio": 93.52341016104101,
      "fcf_margin_change": -0.9071182531339481
    },
    {
      "date": "2024-06-30T00:00:00",
      "quarter_label": "2024-06 (Q2)",
      "revenue": 14417000,
      "gross_profit": 5218000,
      "operating_income": -100543000,
      "net_income": -97540000,
      "opex": 114960000,
      "cogs": 9199000,
      "rd": 73928000,
      "sga": null,
      "fcf": -83401000,
      "ocf": -82219000,
      "capex": -1182000,
      "gross_margin": 0.361933828119581,
      "op_margin": -6.97391967815773,
      "fcf_margin": -5.784906707359368,
      "incr_op_margin_yoy": -5.53764705882353,
      "rev_growth_yoy": 0.30861396024326043,
      "rev_growth_yoy_accel": 0.17180829022512956,
      "op_leverage_ratio": 1.030699155611661,
      "fcf_margin_change": 2.113672384999629
    },
    {
      "date": "2024-09-30T00:00:00",
      "quarter_label": "2024-09 (Q3)",
      "revenue": 26082000,
      "gross_profit": 14003000,
      "operating_income": -98354000,
      "net_income": -95842000,
      "opex": 124436000,
      "cogs": 12079000,
      "rd": 74600000,
      "sga": null,
      "fcf": -63787000,
      "ocf": -59225000,
      "capex": -4562000,
      "gross_margin": 0.536883674564834,
      "op_margin": -3.7709531477647418,
      "fcf_margin": -2.445633003604018,
      "incr_op_margin_yoy": 0.0769181297832658,
      "rev_growth_yoy": 1.4762176018228426,
      "rev_growth_yoy_accel": 1.167603641579582,
      "op_leverage_ratio": 9.815932149188468,
      "fcf_margin_change": 3.33927370375535
    },
    {
      "date": "2024-12-31T00:00:00",
      "quarter_label": "2024-12 (Q4)",
      "revenue": 4546000,
      "gross_profit": -8248000,
      "operating_income": -183768000,
      "net_income": -178906000,
      "opex": 188314000,
      "cogs": 12794000,
      "rd": 98334000,
      "sga": null,
      "fcf": -116728000,
      "ocf": -115430000,
      "capex": -1298000,
      "gross_margin": -1.8143422789265289,
      "op_margin": -40.424109106907174,
      "fcf_margin": -25.677078750549935,
      "incr_op_margin_yoy": 13.370843183609141,
      "rev_growth_yoy": -0.582591130291066,
      "rev_growth_yoy_accel": -2.0588087321139086,
      "fcf_margin_change": -23.231445746945916
    },
    {
      "date": "2025-03-31T00:00:00",
      "quarter_label": "2025-03 (Q1)",
      "revenue": 14745000,
      "gross_profit": -7084000,
      "operating_income": -191368000,
      "net_income": -202487000,
      "opex": 206113000,
      "cogs": 21829000,
      "rd": 129634000,
      "sga": null,
      "fcf": -133789000,
      "ocf": -131957000,
      "capex": -1832000,
      "gross_margin": -0.48043404543913193,
      "op_margin": -12.978501186842998,
      "fcf_margin": -9.073516446252967,
      "rev_growth_yoy": 0.06894301870378425,
      "rev_growth_yoy_accel": 0.6515341489948503,
      "op_leverage_ratio": 23.73641714598271,
      "fcf_margin_change": 16.603562304296968
    },
    {
      "date": "2025-06-30T00:00:00",
      "quarter_label": "2025-06 (Q2)",
      "revenue": 19223000,
      "gross_profit": -938000,
      "operating_income": -176227000,
      "net_income": -171897000,
      "opex": 195450000,
      "cogs": 20161000,
      "rd": 128636000,
      "sga": null,
      "fcf": -79568000,
      "ocf": -76418000,
      "capex": -3150000,
      "gross_margin": -0.04879571346824117,
      "op_margin": -9.167507673099932,
      "fcf_margin": -4.139208240129012,
      "incr_op_margin_yoy": -15.747815230961299,
      "rev_growth_yoy": 0.3333564541860304,
      "rev_growth_yoy_accel": 0.26441343548224616,
      "op_leverage_ratio": Infinity,
      "fcf_margin_change": 4.934308206123955
    },
    {
      "date": "2025-09-30T00:00:00",
      "quarter_label": "2025-09 (Q3)",
      "revenue": 5175000,
      "gross_profit": -9512000,
      "operating_income": -172202000,
      "net_income": -162253000,
      "opex": 177377000,
      "cogs": 14687000,
      "rd": 121062000,
      "sga": null,
      "fcf": -117603000,
      "ocf": -117360000,
      "capex": -243000,
      "gross_margin": -1.8380676328502414,
      "op_margin": -33.275748792270534,
      "fcf_margin": -22.725217391304348,
      "incr_op_margin_yoy": 3.532214090974315,
      "rev_growth_yoy": -0.8015873015873016,
      "rev_growth_yoy_accel": -1.134943755773332,
      "fcf_margin_change": -18.586009151175336
    }
  ],
  "signals": [
    {
      "quarter": "2025-09 (Q3)",
      "signal": "YoY REVENUE GROWTH DECELERATION",
      "detail": "YoY growth: -80.2% vs prior quarter YoY: +33.3% (decel: -113.5%)",
      "severity": "WARNING"
    },
    {
      "quarter": "2025-06 (Q2)",
      "signal": "FCF MARGIN EXPANSION",
      "detail": "FCF margin: -907.4% -> -413.9% (+493.4%)",
      "severity": "MEDIUM"
    },
    {
      "quarter": "2025-06 (Q2)",
      "signal": "YoY REVENUE GROWTH ACCELERATION",
      "detail": "YoY growth: +33.3% vs prior quarter YoY: +6.9% (accel: +26.4%)",
      "severity": "HIGH"
    },
    {
      "quarter": "2025-03 (Q1)",
      "signal": "FCF MARGIN EXPANSION",
      "detail": "FCF margin: -2567.7% -> -907.4% (+1660.4%)",
      "severity": "MEDIUM"
    },
    {
      "quarter": "2025-03 (Q1)",
      "signal": "OPERATING LEVERAGE",
      "detail": "Rev growth +224.4% vs OpEx growth +9.5% (leverage: 23.7x)",
      "severity": "MEDIUM"
    },
    {
      "quarter": "2025-03 (Q1)",
      "signal": "GROSS MARGIN INFLECTION",
      "detail": "GM: +53.7% -> -181.4% -> -48.0% (reversal +133.4%)",
      "severity": "HIGH"
    },
    {
      "quarter": "2025-03 (Q1)",
      "signal": "YoY REVENUE GROWTH ACCELERATION",
      "detail": "YoY growth: +6.9% vs prior quarter YoY: -58.3% (accel: +65.2%)",
      "severity": "HIGH"
    },
    {
      "quarter": "2024-12 (Q4)",
      "signal": "YoY REVENUE GROWTH DECELERATION",
      "detail": "YoY growth: -58.3% vs prior quarter YoY: +147.6% (decel: -205.9%)",
      "severity": "WARNING"
    },
    {
      "quarter": "2024-09 (Q3)",
      "signal": "FCF MARGIN EXPANSION",
      "detail": "FCF margin: -578.5% -> -244.6% (+333.9%)",
      "severity": "MEDIUM"
    },
    {
      "quarter": "2024-09 (Q3)",
      "signal": "OPERATING LEVERAGE",
      "detail": "Rev growth +80.9% vs OpEx growth +8.2% (leverage: 9.8x)",
      "severity": "MEDIUM"
    },
    {
      "quarter": "2024-09 (Q3)",
      "signal": "YoY REVENUE GROWTH ACCELERATION",
      "detail": "YoY growth: +147.6% vs prior quarter YoY: +30.9% (accel: +116.8%)",
      "severity": "HIGH"
    },
    {
      "quarter": "2024-06 (Q2)",
      "signal": "FCF MARGIN EXPANSION",
      "detail": "FCF margin: -789.9% -> -578.5% (+211.4%)",
      "severity": "MEDIUM"
    },
    {
      "quarter": "2024-06 (Q2)",
      "signal": "YoY REVENUE GROWTH ACCELERATION",
      "detail": "YoY growth: +30.9% vs prior quarter YoY: +13.7% (accel: +17.2%)",
      "severity": "HIGH"
    },
    {
      "quarter": "2024-03 (Q1)",
      "signal": "OPERATING LEVERAGE",
      "detail": "Rev growth +26.7% vs OpEx growth +0.3% (leverage: 93.5x)",
      "severity": "MEDIUM"
    },
    {
      "quarter": "2024-03 (Q1)",
      "signal": "YoY REVENUE GROWTH ACCELERATION",
      "detail": "YoY growth: +13.7% vs prior quarter YoY: -20.4% (accel: +34.0%)",
      "severity": "HIGH"
    },
    {
      "quarter": "2023-12 (Q4)",
      "signal": "GROSS MARGIN INFLECTION",
      "detail": "GM: +14.8% -> -3.3% -> +9.3% (reversal +12.5%)",
      "severity": "HIGH"
    },
    {
      "quarter": "2023-09 (Q3)",
      "signal": "YoY REVENUE GROWTH DECELERATION",
      "detail": "YoY growth: -20.0% vs prior quarter YoY: +43.6% (decel: -63.5%)",
      "severity": "WARNING"
    },
    {
      "quarter": "2023-06 (Q2)",
      "signal": "GROSS MARGIN INFLECTION",
      "detail": "GM: +20.7% -> -2.6% -> +14.8% (reversal +17.4%)",
      "severity": "HIGH"
    },
    {
      "quarter": "2023-06 (Q2)",
      "signal": "YoY REVENUE GROWTH DECELERATION",
      "detail": "YoY growth: +43.6% vs prior quarter YoY: +127.5% (decel: -84.0%)",
      "severity": "WARNING"
    },
    {
      "quarter": "2023-03 (Q1)",
      "signal": "YoY REVENUE GROWTH DECELERATION",
      "detail": "YoY growth: +127.5% vs prior quarter YoY: +439.9% (decel: -312.4%)",
      "severity": "WARNING"
    },
    {
      "quarter": "2022-12 (Q4)",
      "signal": "FCF MARGIN EXPANSION",
      "detail": "FCF margin: -477.2% -> -385.5% (+91.7%)",
      "severity": "MEDIUM"
    },
    {
      "quarter": "2022-12 (Q4)",
      "signal": "YoY REVENUE GROWTH ACCELERATION",
      "detail": "YoY growth: +439.9% vs prior quarter YoY: +419.3% (accel: +20.6%)",
      "severity": "HIGH"
    },
    {
      "quarter": "2022-09 (Q3)",
      "signal": "FCF MARGIN EXPANSION",
      "detail": "FCF margin: -1017.7% -> -477.2% (+540.5%)",
      "severity": "MEDIUM"
    },
    {
      "quarter": "2022-09 (Q3)",
      "signal": "OPERATING LEVERAGE",
      "detail": "Rev growth +71.5% vs OpEx growth +2.5% (leverage: 28.3x)",
      "severity": "MEDIUM"
    },
    {
      "quarter": "2022-09 (Q3)",
      "signal": "GROSS MARGIN INFLECTION",
      "detail": "GM: -46.2% -> -85.4% -> -17.1% (reversal +68.3%)",
      "severity": "HIGH"
    },
    {
      "quarter": "2022-09 (Q3)",
      "signal": "YoY REVENUE GROWTH ACCELERATION",
      "detail": "YoY growth: +419.3% vs prior quarter YoY: +201.1% (accel: +218.3%)",
      "severity": "HIGH"
    },
    {
      "quarter": "2022-06 (Q2)",
      "signal": "OPERATING LEVERAGE",
      "detail": "Rev growth +43.9% vs OpEx growth +20.5% (leverage: 2.1x)",
      "severity": "MEDIUM"
    },
    {
      "quarter": "2022-06 (Q2)",
      "signal": "YoY REVENUE GROWTH ACCELERATION",
      "detail": "YoY growth: +201.1% vs prior quarter YoY: +108.2% (accel: +92.9%)",
      "severity": "HIGH"
    },
    {
      "quarter": "2022-03 (Q1)",
      "signal": "FCF TURNED POSITIVE",
      "detail": "FCF margin: -2590.7% -> +1369.7%",
      "severity": "HIGH"
    },
    {
      "quarter": "2022-03 (Q1)",
      "signal": "YoY REVENUE GROWTH ACCELERATION",
      "detail": "YoY growth: +108.2% vs prior quarter YoY: -5.9% (accel: +114.0%)",
      "severity": "HIGH"
    },
    {
      "quarter": "2021-06 (Q2)",
      "signal": "FCF MARGIN EXPANSION",
      "detail": "FCF margin: -1958.3% -> -1563.9% (+394.3%)",
      "severity": "MEDIUM"
    }
  ],
  "data_quality": {
    "n_quarters": 20,
    "coverage": {
      "revenue": [
        20,
        20
      ],
      "gross_profit": [
        19,
        20
      ],
      "op_income": [
        20,
        20
      ],
      "fcf": [
        20,
        20
      ]
    },
    "gaps": [],
    "warnings": []
  },
  "market_cap": null,
  "source": "SEC EDGAR",
  "last_updated": "2026-02-02T21:30:18.882618"
}