{
  "ticker": "RXST",
  "name": "RxSight, Inc.",
  "quarters": [
    {
      "date": "2020-12-31T00:00:00",
      "quarter_label": "2020-12 (Q4)",
      "revenue": 4914000,
      "gross_profit": 1380000,
      "operating_income": -8302000,
      "net_income": 26295000,
      "opex": 9682000,
      "cogs": 3534000,
      "rd": 5272000,
      "sga": 4403000,
      "fcf": -8765000,
      "ocf": -8227000,
      "capex": -538000,
      "gross_margin": 0.28083028083028083,
      "op_margin": -1.6894586894586894,
      "fcf_margin": -1.7836792836792836
    },
    {
      "date": "2021-03-31T00:00:00",
      "quarter_label": "2021-03 (Q1)",
      "revenue": 3484000,
      "gross_profit": 1119000,
      "operating_income": -11135000,
      "net_income": -6805000,
      "opex": 12254000,
      "cogs": 2365000,
      "rd": 6643000,
      "sga": 5611000,
      "fcf": -10750000,
      "ocf": -10252000,
      "capex": -498000,
      "gross_margin": 0.3211825487944891,
      "op_margin": -3.1960390355912742,
      "fcf_margin": -3.0855338691159586,
      "fcf_margin_change": -1.301854585436675
    },
    {
      "date": "2021-06-30T00:00:00",
      "quarter_label": "2021-06 (Q2)",
      "revenue": 4897000,
      "gross_profit": -812000,
      "operating_income": -13877000,
      "net_income": -13477000,
      "opex": 13065000,
      "cogs": 5709000,
      "rd": 6563000,
      "sga": 6502000,
      "fcf": -12802000,
      "ocf": -11979000,
      "capex": -823000,
      "gross_margin": -0.1658158055952624,
      "op_margin": -2.8337757810904636,
      "fcf_margin": -2.614253624668164,
      "op_leverage_ratio": 6.128032180933519,
      "fcf_margin_change": 0.4712802444477946
    },
    {
      "date": "2021-09-30T00:00:00",
      "quarter_label": "2021-09 (Q3)",
      "revenue": 5786000,
      "gross_profit": 1341000,
      "operating_income": -13112000,
      "net_income": -12673000,
      "opex": 14453000,
      "cogs": 4445000,
      "rd": 5377000,
      "sga": 9076000,
      "fcf": -14009000,
      "ocf": -13755000,
      "capex": -254000,
      "gross_margin": 0.2317663325267888,
      "op_margin": -2.2661596958174903,
      "fcf_margin": -2.421189077082613,
      "op_leverage_ratio": 1.7088014540455574,
      "fcf_margin_change": 0.1930645475855508
    },
    {
      "date": "2021-12-31T00:00:00",
      "quarter_label": "2021-12 (Q4)",
      "revenue": 8426000,
      "gross_profit": 2869000,
      "operating_income": -14663000,
      "net_income": -15734000,
      "opex": 17532000,
      "cogs": 5557000,
      "rd": 5916000,
      "sga": 11616000,
      "fcf": -9087000,
      "ocf": -8722000,
      "capex": -365000,
      "gross_margin": 0.34049370994540706,
      "op_margin": -1.7402088772845954,
      "fcf_margin": -1.078447661998576,
      "incr_op_margin_yoy": -1.8112186788154898,
      "rev_growth_yoy": 0.7146927146927147,
      "op_leverage_ratio": 2.141774834306235,
      "fcf_margin_change": 1.3427414150840373
    },
    {
      "date": "2022-03-31T00:00:00",
      "quarter_label": "2022-03 (Q1)",
      "revenue": 8942000,
      "gross_profit": 3761000,
      "operating_income": -16578000,
      "net_income": -17596000,
      "opex": 20339000,
      "cogs": 5181000,
      "rd": 6719000,
      "sga": 13620000,
      "fcf": -15355000,
      "ocf": -14985000,
      "capex": -370000,
      "gross_margin": 0.4205994184746142,
      "op_margin": -1.8539476627152762,
      "fcf_margin": -1.717177365242675,
      "incr_op_margin_yoy": -0.9972517405643093,
      "rev_growth_yoy": 1.5665901262916189,
      "rev_growth_yoy_accel": 0.8518974115989042,
      "op_leverage_ratio": 0.38248754364470294,
      "fcf_margin_change": -0.6387297032440991
    },
    {
      "date": "2022-06-30T00:00:00",
      "quarter_label": "2022-06 (Q2)",
      "revenue": 11360000,
      "gross_profit": 4788000,
      "operating_income": -15792000,
      "net_income": -16732000,
      "opex": 20580000,
      "cogs": 6572000,
      "rd": 6192000,
      "sga": 14388000,
      "fcf": -15904000,
      "ocf": -14823000,
      "capex": -1081000,
      "gross_margin": 0.4214788732394366,
      "op_margin": -1.3901408450704225,
      "fcf_margin": -1.4,
      "incr_op_margin_yoy": -0.2963020269224818,
      "rev_growth_yoy": 1.3197876250765774,
      "rev_growth_yoy_accel": -0.24680250121504144,
      "op_leverage_ratio": 22.820974449448777,
      "fcf_margin_change": 0.31717736524267504
    },
    {
      "date": "2022-09-30T00:00:00",
      "quarter_label": "2022-09 (Q3)",
      "revenue": 12615000,
      "gross_profit": 5356000,
      "operating_income": -15958000,
      "net_income": -16818000,
      "opex": 21314000,
      "cogs": 7259000,
      "rd": 6388000,
      "sga": 14926000,
      "fcf": -15768000,
      "ocf": -15188000,
      "capex": -580000,
      "gross_margin": 0.42457391993658344,
      "op_margin": -1.265001981767737,
      "fcf_margin": -1.2499405469678955,
      "incr_op_margin_yoy": -0.41675208668911995,
      "rev_growth_yoy": 1.1802627030763913,
      "rev_growth_yoy_accel": -0.13952492200018618,
      "op_leverage_ratio": 3.0975241777641327,
      "fcf_margin_change": 0.15005945303210444
    },
    {
      "date": "2022-12-31T00:00:00",
      "quarter_label": "2022-12 (Q4)",
      "revenue": 16088000,
      "gross_profit": 7422000,
      "operating_income": -14990000,
      "net_income": -15610000,
      "opex": 22412000,
      "cogs": 8666000,
      "rd": 6681000,
      "sga": 15731000,
      "fcf": -14216000,
      "ocf": -13854000,
      "capex": -362000,
      "gross_margin": 0.46133764296369967,
      "op_margin": -0.9317503729487817,
      "fcf_margin": -0.8836399801093983,
      "incr_op_margin_yoy": -0.04267815191855912,
      "rev_growth_yoy": 0.9093282696415855,
      "rev_growth_yoy_accel": -0.2709344334348057,
      "op_leverage_ratio": 5.344168585263301,
      "fcf_margin_change": 0.3663005668584972
    },
    {
      "date": "2023-03-31T00:00:00",
      "quarter_label": "2023-03 (Q1)",
      "revenue": 17489000,
      "gross_profit": 10366000,
      "operating_income": -13097000,
      "net_income": -13212000,
      "opex": 23463000,
      "cogs": 7123000,
      "rd": 7208000,
      "sga": 16255000,
      "fcf": -18511000,
      "ocf": -17764000,
      "capex": -747000,
      "gross_margin": 0.592715421121848,
      "op_margin": -0.7488707187374921,
      "fcf_margin": -1.0584367316599006,
      "incr_op_margin_yoy": 0.4072774072774073,
      "rev_growth_yoy": 0.9558264370386939,
      "rev_growth_yoy_accel": 0.046498167397108325,
      "op_leverage_ratio": 1.8570088585094067,
      "fcf_margin_change": -0.17479675155050234
    },
    {
      "date": "2023-06-30T00:00:00",
      "quarter_label": "2023-06 (Q2)",
      "revenue": 20810000,
      "gross_profit": 12015000,
      "operating_income": -13625000,
      "net_income": -13804000,
      "opex": 25640000,
      "cogs": 8795000,
      "rd": 7401000,
      "sga": 18239000,
      "fcf": -9369000,
      "ocf": -7546000,
      "capex": -1823000,
      "gross_margin": 0.5773666506487266,
      "op_margin": -0.6547333012974531,
      "fcf_margin": -0.4502162421912542,
      "incr_op_margin_yoy": 0.2293121693121693,
      "rev_growth_yoy": 0.8318661971830986,
      "rev_growth_yoy_accel": -0.12396023985559523,
      "op_leverage_ratio": 2.0465813369190946,
      "fcf_margin_change": 0.6082204894686464
    },
    {
      "date": "2023-09-30T00:00:00",
      "quarter_label": "2023-09 (Q3)",
      "revenue": 22199000,
      "gross_profit": 13731000,
      "operating_income": -12512000,
      "net_income": -12415000,
      "opex": 26243000,
      "cogs": 8468000,
      "rd": 7101000,
      "sga": 19142000,
      "fcf": -8635000,
      "ocf": -7982000,
      "capex": -653000,
      "gross_margin": 0.6185413757376459,
      "op_margin": -0.5636289922969503,
      "fcf_margin": -0.38898148565250684,
      "incr_op_margin_yoy": 0.3595575959933222,
      "rev_growth_yoy": 0.7597304795877923,
      "rev_growth_yoy_accel": -0.07213571759530635,
      "op_leverage_ratio": 2.83812078483125,
      "fcf_margin_change": 0.06123475653874738
    },
    {
      "date": "2023-12-31T00:00:00",
      "quarter_label": "2023-12 (Q4)",
      "revenue": 28580000,
      "gross_profit": 17654000,
      "operating_income": -10852000,
      "net_income": -9177000,
      "opex": 28506000,
      "cogs": 10926000,
      "rd": 7341000,
      "sga": 21165000,
      "fcf": -9892000,
      "ocf": -8301000,
      "capex": -1591000,
      "gross_margin": 0.617704688593422,
      "op_margin": -0.37970608817354795,
      "fcf_margin": -0.34611616515045485,
      "incr_op_margin_yoy": 0.3312520012808197,
      "rev_growth_yoy": 0.7764793635007459,
      "rev_growth_yoy_accel": 0.016748883912953594,
      "op_leverage_ratio": 3.3333756599331674,
      "fcf_margin_change": 0.042865320502051996
    },
    {
      "date": "2024-03-31T00:00:00",
      "quarter_label": "2024-03 (Q1)",
      "revenue": 29512000,
      "gross_profit": 20685000,
      "operating_income": -10670000,
      "net_income": -9100000,
      "opex": 31355000,
      "cogs": 8827000,
      "rd": 8031000,
      "sga": 23324000,
      "fcf": -11276000,
      "ocf": -9309000,
      "capex": -1967000,
      "gross_margin": 0.7009013282732448,
      "op_margin": -0.3615478449444294,
      "fcf_margin": -0.38208186500406616,
      "incr_op_margin_yoy": 0.20186309573317807,
      "rev_growth_yoy": 0.6874606895763051,
      "rev_growth_yoy_accel": -0.08901867392444074,
      "op_leverage_ratio": 0.3262853085106409,
      "fcf_margin_change": -0.03596569985361131
    },
    {
      "date": "2024-06-30T00:00:00",
      "quarter_label": "2024-06 (Q2)",
      "revenue": 34887000,
      "gross_profit": 24250000,
      "operating_income": -8333000,
      "net_income": -6079000,
      "opex": 32583000,
      "cogs": 10637000,
      "rd": 8291000,
      "sga": 24292000,
      "fcf": -5550000,
      "ocf": -4027000,
      "capex": -1523000,
      "gross_margin": 0.6951013271419153,
      "op_margin": -0.2388568807865394,
      "fcf_margin": -0.15908504600567547,
      "incr_op_margin_yoy": 0.3759323719542516,
      "rev_growth_yoy": 0.676453628063431,
      "rev_growth_yoy_accel": -0.011007061512874117,
      "op_leverage_ratio": 4.650378099385177,
      "fcf_margin_change": 0.2229968189983907
    },
    {
      "date": "2024-09-30T00:00:00",
      "quarter_label": "2024-09 (Q3)",
      "revenue": 35314000,
      "gross_profit": 25220000,
      "operating_income": -9226000,
      "net_income": -6338000,
      "opex": 34446000,
      "cogs": 10094000,
      "rd": 8838000,
      "sga": 25608000,
      "fcf": -453000,
      "ocf": 650000,
      "capex": -1103000,
      "gross_margin": 0.7141643540805346,
      "op_margin": -0.2612561590304129,
      "fcf_margin": -0.01282777368748938,
      "incr_op_margin_yoy": 0.25055280213495995,
      "rev_growth_yoy": 0.5907923780350466,
      "rev_growth_yoy_accel": -0.08566125002838443,
      "op_leverage_ratio": 0.2140634217849974,
      "fcf_margin_change": 0.14625727231818608
    },
    {
      "date": "2024-12-31T00:00:00",
      "quarter_label": "2024-12 (Q4)",
      "revenue": 40214000,
      "gross_profit": 28788000,
      "operating_income": -8628000,
      "net_income": -5938000,
      "opex": 37416000,
      "cogs": 11426000,
      "rd": 9207000,
      "sga": 28209000,
      "fcf": -5107000,
      "ocf": -4260000,
      "capex": -847000,
      "gross_margin": 0.7158700949917939,
      "op_margin": -0.21455214601879943,
      "fcf_margin": -0.1269955736808077,
      "incr_op_margin_yoy": 0.19116383015299984,
      "rev_growth_yoy": 0.4070678796361092,
      "rev_growth_yoy_accel": -0.1837244983989374,
      "op_leverage_ratio": 1.609279634425469,
      "fcf_margin_change": -0.1141677999933183
    },
    {
      "date": "2025-03-31T00:00:00",
      "quarter_label": "2025-03 (Q1)",
      "revenue": 37895000,
      "gross_profit": 28329000,
      "operating_income": -10674000,
      "net_income": -8190000,
      "opex": 39003000,
      "cogs": 9566000,
      "rd": 10367000,
      "sga": 28636000,
      "fcf": -9407000,
      "ocf": -8832000,
      "capex": -575000,
      "gross_margin": 0.7475656419052645,
      "op_margin": -0.2816730439371949,
      "fcf_margin": -0.24823855389893126,
      "incr_op_margin_yoy": -0.00047715614934987476,
      "rev_growth_yoy": 0.2840539441583085,
      "rev_growth_yoy_accel": -0.1230139354778007,
      "fcf_margin_change": -0.12124298021812357
    },
    {
      "date": "2025-06-30T00:00:00",
      "quarter_label": "2025-06 (Q2)",
      "revenue": 33637000,
      "gross_profit": 25190000,
      "operating_income": -14003000,
      "net_income": -11786000,
      "opex": 39193000,
      "cogs": 8447000,
      "rd": 10217000,
      "sga": 28976000,
      "fcf": -5913000,
      "ocf": -4376000,
      "capex": -1537000,
      "gross_margin": 0.7488777239349526,
      "op_margin": -0.4162975295061985,
      "fcf_margin": -0.1757885661622618,
      "incr_op_margin_yoy": 4.536,
      "rev_growth_yoy": -0.035829965316593576,
      "rev_growth_yoy_accel": -0.3198839094749021,
      "fcf_margin_change": 0.07244998773666947
    },
    {
      "date": "2025-09-30T00:00:00",
      "quarter_label": "2025-09 (Q3)",
      "revenue": 30340000,
      "gross_profit": 24227000,
      "operating_income": -12178000,
      "net_income": -9816000,
      "opex": 36405000,
      "cogs": 6113000,
      "rd": 9060000,
      "sga": 27345000,
      "fcf": -1768000,
      "ocf": -1187000,
      "capex": -581000,
      "gross_margin": 0.7985168094924192,
      "op_margin": -0.4013843111404087,
      "fcf_margin": -0.05827290705339486,
      "incr_op_margin_yoy": 0.5934861278648975,
      "rev_growth_yoy": -0.1408506541315059,
      "rev_growth_yoy_accel": -0.10502068881491233,
      "fcf_margin_change": 0.11751565910886694
    }
  ],
  "signals": [
    {
      "quarter": "2025-09 (Q3)",
      "signal": "FCF MARGIN EXPANSION",
      "detail": "FCF margin: -17.6% -> -5.8% (+11.8%)",
      "severity": "MEDIUM"
    },
    {
      "quarter": "2025-09 (Q3)",
      "signal": "YoY REVENUE GROWTH DECELERATION",
      "detail": "YoY growth: -14.1% vs prior quarter YoY: -3.6% (decel: -10.5%)",
      "severity": "WARNING"
    },
    {
      "quarter": "2025-06 (Q2)",
      "signal": "FCF MARGIN EXPANSION",
      "detail": "FCF margin: -24.8% -> -17.6% (+7.2%)",
      "severity": "MEDIUM"
    },
    {
      "quarter": "2025-06 (Q2)",
      "signal": "YoY REVENUE GROWTH DECELERATION",
      "detail": "YoY growth: -3.6% vs prior quarter YoY: +28.4% (decel: -32.0%)",
      "severity": "WARNING"
    },
    {
      "quarter": "2025-03 (Q1)",
      "signal": "YoY REVENUE GROWTH DECELERATION",
      "detail": "YoY growth: +28.4% vs prior quarter YoY: +40.7% (decel: -12.3%)",
      "severity": "WARNING"
    },
    {
      "quarter": "2024-12 (Q4)",
      "signal": "OPERATING LEVERAGE",
      "detail": "Rev growth +13.9% vs OpEx growth +8.6% (leverage: 1.6x)",
      "severity": "MEDIUM"
    },
    {
      "quarter": "2024-12 (Q4)",
      "signal": "YoY REVENUE GROWTH DECELERATION",
      "detail": "YoY growth: +40.7% vs prior quarter YoY: +59.1% (decel: -18.4%)",
      "severity": "WARNING"
    },
    {
      "quarter": "2024-09 (Q3)",
      "signal": "FCF MARGIN EXPANSION",
      "detail": "FCF margin: -15.9% -> -1.3% (+14.6%)",
      "severity": "MEDIUM"
    },
    {
      "quarter": "2024-09 (Q3)",
      "signal": "YoY REVENUE GROWTH DECELERATION",
      "detail": "YoY growth: +59.1% vs prior quarter YoY: +67.6% (decel: -8.6%)",
      "severity": "WARNING"
    },
    {
      "quarter": "2024-06 (Q2)",
      "signal": "FCF MARGIN EXPANSION",
      "detail": "FCF margin: -38.2% -> -15.9% (+22.3%)",
      "severity": "MEDIUM"
    },
    {
      "quarter": "2024-06 (Q2)",
      "signal": "OPERATING LEVERAGE",
      "detail": "Rev growth +18.2% vs OpEx growth +3.9% (leverage: 4.7x)",
      "severity": "MEDIUM"
    },
    {
      "quarter": "2024-03 (Q1)",
      "signal": "GROSS MARGIN INFLECTION",
      "detail": "GM: +61.9% -> +61.8% -> +70.1% (reversal +8.3%)",
      "severity": "HIGH"
    },
    {
      "quarter": "2024-03 (Q1)",
      "signal": "YoY REVENUE GROWTH DECELERATION",
      "detail": "YoY growth: +68.7% vs prior quarter YoY: +77.6% (decel: -8.9%)",
      "severity": "WARNING"
    },
    {
      "quarter": "2023-12 (Q4)",
      "signal": "OPERATING LEVERAGE",
      "detail": "Rev growth +28.7% vs OpEx growth +8.6% (leverage: 3.3x)",
      "severity": "MEDIUM"
    },
    {
      "quarter": "2023-09 (Q3)",
      "signal": "FCF MARGIN EXPANSION",
      "detail": "FCF margin: -45.0% -> -38.9% (+6.1%)",
      "severity": "MEDIUM"
    },
    {
      "quarter": "2023-09 (Q3)",
      "signal": "OPERATING LEVERAGE",
      "detail": "Rev growth +6.7% vs OpEx growth +2.4% (leverage: 2.8x)",
      "severity": "MEDIUM"
    },
    {
      "quarter": "2023-09 (Q3)",
      "signal": "GROSS MARGIN INFLECTION",
      "detail": "GM: +59.3% -> +57.7% -> +61.9% (reversal +4.1%)",
      "severity": "MEDIUM"
    },
    {
      "quarter": "2023-09 (Q3)",
      "signal": "YoY REVENUE GROWTH DECELERATION",
      "detail": "YoY growth: +76.0% vs prior quarter YoY: +83.2% (decel: -7.2%)",
      "severity": "WARNING"
    },
    {
      "quarter": "2023-06 (Q2)",
      "signal": "FCF MARGIN EXPANSION",
      "detail": "FCF margin: -105.8% -> -45.0% (+60.8%)",
      "severity": "MEDIUM"
    },
    {
      "quarter": "2023-06 (Q2)",
      "signal": "OPERATING LEVERAGE",
      "detail": "Rev growth +19.0% vs OpEx growth +9.3% (leverage: 2.0x)",
      "severity": "MEDIUM"
    },
    {
      "quarter": "2023-06 (Q2)",
      "signal": "YoY REVENUE GROWTH DECELERATION",
      "detail": "YoY growth: +83.2% vs prior quarter YoY: +95.6% (decel: -12.4%)",
      "severity": "WARNING"
    },
    {
      "quarter": "2023-03 (Q1)",
      "signal": "OPERATING LEVERAGE",
      "detail": "Rev growth +8.7% vs OpEx growth +4.7% (leverage: 1.9x)",
      "severity": "MEDIUM"
    },
    {
      "quarter": "2022-12 (Q4)",
      "signal": "FCF MARGIN EXPANSION",
      "detail": "FCF margin: -125.0% -> -88.4% (+36.6%)",
      "severity": "MEDIUM"
    },
    {
      "quarter": "2022-12 (Q4)",
      "signal": "OPERATING LEVERAGE",
      "detail": "Rev growth +27.5% vs OpEx growth +5.2% (leverage: 5.3x)",
      "severity": "MEDIUM"
    },
    {
      "quarter": "2022-12 (Q4)",
      "signal": "YoY REVENUE GROWTH DECELERATION",
      "detail": "YoY growth: +90.9% vs prior quarter YoY: +118.0% (decel: -27.1%)",
      "severity": "WARNING"
    },
    {
      "quarter": "2022-09 (Q3)",
      "signal": "FCF MARGIN EXPANSION",
      "detail": "FCF margin: -140.0% -> -125.0% (+15.0%)",
      "severity": "MEDIUM"
    },
    {
      "quarter": "2022-09 (Q3)",
      "signal": "OPERATING LEVERAGE",
      "detail": "Rev growth +11.0% vs OpEx growth +3.6% (leverage: 3.1x)",
      "severity": "MEDIUM"
    },
    {
      "quarter": "2022-09 (Q3)",
      "signal": "YoY REVENUE GROWTH DECELERATION",
      "detail": "YoY growth: +118.0% vs prior quarter YoY: +132.0% (decel: -14.0%)",
      "severity": "WARNING"
    },
    {
      "quarter": "2022-06 (Q2)",
      "signal": "FCF MARGIN EXPANSION",
      "detail": "FCF margin: -171.7% -> -140.0% (+31.7%)",
      "severity": "MEDIUM"
    },
    {
      "quarter": "2022-06 (Q2)",
      "signal": "OPERATING LEVERAGE",
      "detail": "Rev growth +27.0% vs OpEx growth +1.2% (leverage: 22.8x)",
      "severity": "MEDIUM"
    },
    {
      "quarter": "2022-06 (Q2)",
      "signal": "YoY REVENUE GROWTH DECELERATION",
      "detail": "YoY growth: +132.0% vs prior quarter YoY: +156.7% (decel: -24.7%)",
      "severity": "WARNING"
    },
    {
      "quarter": "2022-03 (Q1)",
      "signal": "YoY REVENUE GROWTH ACCELERATION",
      "detail": "YoY growth: +156.7% vs prior quarter YoY: +71.5% (accel: +85.2%)",
      "severity": "HIGH"
    },
    {
      "quarter": "2021-12 (Q4)",
      "signal": "FCF MARGIN EXPANSION",
      "detail": "FCF margin: -242.1% -> -107.8% (+134.3%)",
      "severity": "MEDIUM"
    },
    {
      "quarter": "2021-12 (Q4)",
      "signal": "OPERATING LEVERAGE",
      "detail": "Rev growth +45.6% vs OpEx growth +21.3% (leverage: 2.1x)",
      "severity": "MEDIUM"
    },
    {
      "quarter": "2021-09 (Q3)",
      "signal": "FCF MARGIN EXPANSION",
      "detail": "FCF margin: -261.4% -> -242.1% (+19.3%)",
      "severity": "MEDIUM"
    },
    {
      "quarter": "2021-09 (Q3)",
      "signal": "OPERATING LEVERAGE",
      "detail": "Rev growth +18.2% vs OpEx growth +10.6% (leverage: 1.7x)",
      "severity": "MEDIUM"
    },
    {
      "quarter": "2021-09 (Q3)",
      "signal": "GROSS MARGIN INFLECTION",
      "detail": "GM: +32.1% -> -16.6% -> +23.2% (reversal +39.8%)",
      "severity": "HIGH"
    },
    {
      "quarter": "2021-06 (Q2)",
      "signal": "FCF MARGIN EXPANSION",
      "detail": "FCF margin: -308.6% -> -261.4% (+47.1%)",
      "severity": "MEDIUM"
    },
    {
      "quarter": "2021-06 (Q2)",
      "signal": "OPERATING LEVERAGE",
      "detail": "Rev growth +40.6% vs OpEx growth +6.6% (leverage: 6.1x)",
      "severity": "MEDIUM"
    }
  ],
  "data_quality": {
    "n_quarters": 20,
    "coverage": {
      "revenue": [
        20,
        20
      ],
      "gross_profit": [
        20,
        20
      ],
      "op_income": [
        20,
        20
      ],
      "fcf": [
        20,
        20
      ]
    },
    "gaps": [],
    "warnings": []
  },
  "market_cap": null,
  "source": "SEC EDGAR",
  "last_updated": "2026-02-02T22:36:51.968670"
}