{
  "ticker": "RYAM",
  "name": "Rayonier Advanced Materials Inc.",
  "quarters": [
    {
      "date": "2020-12-31T00:00:00",
      "quarter_label": "2020-12 (Q4)",
      "revenue": 508415000,
      "gross_profit": 57139000,
      "operating_income": 37112000,
      "net_income": 8685000,
      "opex": 20027000,
      "cogs": 451276000,
      "rd": null,
      "sga": 22955000,
      "fcf": 40906000,
      "ocf": 61395000,
      "capex": -20489000,
      "gross_margin": 0.11238653462230658,
      "op_margin": 0.07299548597110628,
      "fcf_margin": 0.08045789364987264
    },
    {
      "date": "2021-03-27T00:00:00",
      "quarter_label": "2021-03 (Q1)",
      "revenue": 465141000,
      "gross_profit": 84160000,
      "operating_income": 54796000,
      "net_income": -27027000,
      "opex": 29364000,
      "cogs": 380981000,
      "rd": null,
      "sga": 17748000,
      "fcf": 18690000,
      "ocf": 38215000,
      "capex": -19525000,
      "gross_margin": 0.18093438333752562,
      "op_margin": 0.11780513865688039,
      "fcf_margin": 0.04018136436048424,
      "fcf_margin_change": -0.04027652928938841
    },
    {
      "date": "2021-06-26T00:00:00",
      "quarter_label": "2021-06 (Q2)",
      "revenue": 341019000,
      "gross_profit": 22279000,
      "operating_income": 1377000,
      "net_income": 122228000,
      "opex": 20902000,
      "cogs": 318740000,
      "rd": null,
      "sga": 18235000,
      "fcf": 148204000,
      "ocf": 148204000,
      "capex": null,
      "gross_margin": 0.06533067072509156,
      "op_margin": 0.004037898181626243,
      "fcf_margin": 0.43459162099472465,
      "fcf_margin_change": 0.3944102566342404
    },
    {
      "date": "2021-09-25T00:00:00",
      "quarter_label": "2021-09 (Q3)",
      "revenue": 374014000,
      "gross_profit": 19336000,
      "operating_income": 2826000,
      "net_income": -4758000,
      "opex": 16510000,
      "cogs": 354678000,
      "rd": null,
      "sga": 17473000,
      "fcf": 20480000,
      "ocf": 20480000,
      "capex": null,
      "gross_margin": 0.05169859951766512,
      "op_margin": 0.007555866892683161,
      "fcf_margin": 0.05475730854994733,
      "op_leverage_ratio": Infinity,
      "fcf_margin_change": -0.37983431244477733
    },
    {
      "date": "2021-12-31T00:00:00",
      "quarter_label": "2021-12 (Q4)",
      "revenue": 373847000,
      "gross_profit": 12683000,
      "operating_income": -14175000,
      "net_income": -24028000,
      "opex": 26858000,
      "cogs": 361164000,
      "rd": null,
      "sga": 24241000,
      "fcf": 26325000,
      "ocf": 26325000,
      "capex": null,
      "gross_margin": 0.03392564337817342,
      "op_margin": -0.037916580847244995,
      "fcf_margin": 0.07041650728774071,
      "incr_op_margin_yoy": 0.38112329825812974,
      "rev_growth_yoy": -0.26468141183875377,
      "fcf_margin_change": 0.01565919873779338
    },
    {
      "date": "2022-03-26T00:00:00",
      "quarter_label": "2022-03 (Q1)",
      "revenue": 351716000,
      "gross_profit": 5927000,
      "operating_income": -15792000,
      "net_income": -24851000,
      "opex": 21719000,
      "cogs": 345789000,
      "rd": null,
      "sga": 20107000,
      "fcf": -23520000,
      "ocf": -23520000,
      "capex": null,
      "gross_margin": 0.016851664411058922,
      "op_margin": -0.04489986238897292,
      "fcf_margin": -0.0668721354729384,
      "incr_op_margin_yoy": 0.6223319374035706,
      "rev_growth_yoy": -0.24385078933054707,
      "rev_growth_yoy_accel": 0.020830622508206692,
      "fcf_margin_change": -0.1372886427606791
    },
    {
      "date": "2022-06-25T00:00:00",
      "quarter_label": "2022-06 (Q2)",
      "revenue": 399220000,
      "gross_profit": 26695000,
      "operating_income": -2897000,
      "net_income": -23267000,
      "opex": 29592000,
      "cogs": 372525000,
      "rd": null,
      "sga": 28029000,
      "fcf": -12762000,
      "ocf": -12762000,
      "capex": null,
      "gross_margin": 0.06686789239016082,
      "op_margin": -0.007256650468413406,
      "fcf_margin": -0.031967336305796304,
      "incr_op_margin_yoy": -0.07343516434425525,
      "rev_growth_yoy": 0.1706679099991496,
      "rev_growth_yoy_accel": 0.41451869932969665,
      "op_leverage_ratio": 0.37259552001888896,
      "fcf_margin_change": 0.03490479916714209
    },
    {
      "date": "2022-09-24T00:00:00",
      "quarter_label": "2022-09 (Q3)",
      "revenue": 466346000,
      "gross_profit": 46542000,
      "operating_income": 28529000,
      "net_income": 29607000,
      "opex": 18013000,
      "cogs": 419804000,
      "rd": null,
      "sga": 19905000,
      "fcf": 43730000,
      "ocf": 43730000,
      "capex": null,
      "gross_margin": 0.09980143498604041,
      "op_margin": 0.06117560781050979,
      "fcf_margin": 0.09377157732670592,
      "incr_op_margin_yoy": 0.2783758610232639,
      "rev_growth_yoy": 0.2468677643082879,
      "rev_growth_yoy_accel": 0.07619985430913831,
      "op_leverage_ratio": Infinity,
      "fcf_margin_change": 0.12573891363250222
    },
    {
      "date": "2022-12-31T00:00:00",
      "quarter_label": "2022-12 (Q4)",
      "revenue": 499985000,
      "gross_profit": 43919000,
      "operating_income": 16296000,
      "net_income": 3592000,
      "opex": 27623000,
      "cogs": 456066000,
      "rd": null,
      "sga": 23434000,
      "fcf": 61365000,
      "ocf": 61365000,
      "capex": null,
      "gross_margin": 0.08784063521905656,
      "op_margin": 0.03259297778933368,
      "fcf_margin": 0.12273368201046031,
      "incr_op_margin_yoy": 0.2415687580269229,
      "rev_growth_yoy": 0.3374054091647118,
      "rev_growth_yoy_accel": 0.09053764485642388,
      "op_leverage_ratio": 0.13520647246177672,
      "fcf_margin_change": 0.02896210468375439
    },
    {
      "date": "2023-04-01T00:00:00",
      "quarter_label": "2023-04 (Q2)",
      "revenue": 466761000,
      "gross_profit": 37440000,
      "operating_income": 16594000,
      "net_income": 1607000,
      "opex": 20846000,
      "cogs": 429321000,
      "rd": null,
      "sga": 19495000,
      "fcf": 51389000,
      "ocf": 51389000,
      "capex": null,
      "gross_margin": 0.08021235707353443,
      "op_margin": 0.0355513849700382,
      "fcf_margin": 0.11009703038600055,
      "incr_op_margin_yoy": 0.28150723629883956,
      "rev_growth_yoy": 0.3270962936005186,
      "rev_growth_yoy_accel": -0.010309115564193172,
      "fcf_margin_change": -0.01263665162445976
    },
    {
      "date": "2023-07-01T00:00:00",
      "quarter_label": "2023-07 (Q3)",
      "revenue": 385413000,
      "gross_profit": 14628000,
      "operating_income": -6456000,
      "net_income": -16750000,
      "opex": 21084000,
      "cogs": 370785000,
      "rd": null,
      "sga": 17996000,
      "fcf": null,
      "ocf": null,
      "capex": null,
      "gross_margin": 0.03795409080648551,
      "op_margin": -0.016750862062255296,
      "fcf_margin": null,
      "incr_op_margin_yoy": 0.25776779894256535,
      "rev_growth_yoy": -0.03458494063423676,
      "rev_growth_yoy_accel": -0.3616812342347554
    },
    {
      "date": "2023-09-30T00:00:00",
      "quarter_label": "2023-09 (Q3)",
      "revenue": 368670000,
      "gross_profit": 8732000,
      "operating_income": -14440000,
      "net_income": -25100000,
      "opex": 23172000,
      "cogs": 359938000,
      "rd": null,
      "sga": 21162000,
      "fcf": null,
      "ocf": null,
      "capex": null,
      "gross_margin": 0.023685138470719073,
      "op_margin": -0.039167819459136895,
      "fcf_margin": null,
      "incr_op_margin_yoy": 0.43991359187517914,
      "rev_growth_yoy": -0.20944963610709644,
      "rev_growth_yoy_accel": -0.17486469547285968
    },
    {
      "date": "2023-12-31T00:00:00",
      "quarter_label": "2023-12 (Q4)",
      "revenue": 422486000,
      "gross_profit": 27354000,
      "operating_income": -60962000,
      "net_income": -61592000,
      "opex": 88316000,
      "cogs": 395132000,
      "rd": null,
      "sga": 17059000,
      "fcf": 54135000,
      "ocf": 54135000,
      "capex": null,
      "gross_margin": 0.0647453406740105,
      "op_margin": -0.1442935387208097,
      "fcf_margin": 0.12813442338917738,
      "incr_op_margin_yoy": 0.9968902824552575,
      "rev_growth_yoy": -0.1550026500795024,
      "rev_growth_yoy_accel": 0.05444698602759404,
      "op_leverage_ratio": 0.051923351098384016
    },
    {
      "date": "2024-03-30T00:00:00",
      "quarter_label": "2024-03 (Q1)",
      "revenue": 387656000,
      "gross_profit": 36761000,
      "operating_income": 17075000,
      "net_income": -1570000,
      "opex": 19686000,
      "cogs": 350895000,
      "rd": null,
      "sga": 21075000,
      "fcf": 11265000,
      "ocf": 11265000,
      "capex": null,
      "gross_margin": 0.09482892048620427,
      "op_margin": 0.044046783746414346,
      "fcf_margin": 0.029059269042656377,
      "incr_op_margin_yoy": -0.006080525883319639,
      "rev_growth_yoy": -0.16947645583071422,
      "rev_growth_yoy_accel": -0.014473805751211821,
      "fcf_margin_change": -0.099075154346521
    },
    {
      "date": "2024-06-29T00:00:00",
      "quarter_label": "2024-06 (Q2)",
      "revenue": 419045000,
      "gross_profit": 48309000,
      "operating_income": 28197000,
      "net_income": 11390000,
      "opex": 20112000,
      "cogs": 370736000,
      "rd": null,
      "sga": 21809000,
      "fcf": 87593000,
      "ocf": 87593000,
      "capex": null,
      "gross_margin": 0.11528356143134985,
      "op_margin": 0.0672887160090205,
      "fcf_margin": 0.20903005643785275,
      "incr_op_margin_yoy": 1.0303579923882018,
      "rev_growth_yoy": 0.08726223557586278,
      "rev_growth_yoy_accel": 0.256738691406577,
      "op_leverage_ratio": 3.741785188087478,
      "fcf_margin_change": 0.17997078739519637
    },
    {
      "date": "2024-09-28T00:00:00",
      "quarter_label": "2024-09 (Q3)",
      "revenue": 401103000,
      "gross_profit": 43569000,
      "operating_income": -16800000,
      "net_income": -32598000,
      "opex": 60369000,
      "cogs": 357534000,
      "rd": null,
      "sga": 22685000,
      "fcf": 49832000,
      "ocf": 49832000,
      "capex": null,
      "gross_margin": 0.10862297215428456,
      "op_margin": -0.04188450348164935,
      "fcf_margin": 0.12423741532723515,
      "incr_op_margin_yoy": -0.0727653932722844,
      "rev_growth_yoy": 0.08797298396940353,
      "rev_growth_yoy_accel": 0.0007107483935407527,
      "fcf_margin_change": -0.0847926411106176
    },
    {
      "date": "2024-12-31T00:00:00",
      "quarter_label": "2024-12 (Q4)",
      "revenue": 422504000,
      "gross_profit": 36943000,
      "operating_income": 11009000,
      "net_income": -15966000,
      "opex": 25934000,
      "cogs": 385561000,
      "rd": null,
      "sga": 26689000,
      "fcf": 54920000,
      "ocf": 54920000,
      "capex": null,
      "gross_margin": 0.08743822543691894,
      "op_margin": 0.02605655804442088,
      "fcf_margin": 0.12998693503493458,
      "rev_growth_yoy": 4.2604962057914345e-05,
      "rev_growth_yoy_accel": -0.08793037900734561,
      "op_leverage_ratio": Infinity,
      "fcf_margin_change": 0.005749519707699435
    },
    {
      "date": "2025-03-29T00:00:00",
      "quarter_label": "2025-03 (Q1)",
      "revenue": 355967000,
      "gross_profit": 24054000,
      "operating_income": -15093000,
      "net_income": -31970000,
      "opex": 39147000,
      "cogs": 331913000,
      "rd": null,
      "sga": 23259000,
      "fcf": 39616000,
      "ocf": 39616000,
      "capex": null,
      "gross_margin": 0.06757367958265795,
      "op_margin": -0.042399997752600664,
      "fcf_margin": 0.11129121519691432,
      "incr_op_margin_yoy": 1.015115655274701,
      "rev_growth_yoy": -0.08174515549868956,
      "rev_growth_yoy_accel": -0.08178776046074748,
      "fcf_margin_change": -0.018695719838020264
    },
    {
      "date": "2025-06-28T00:00:00",
      "quarter_label": "2025-06 (Q2)",
      "revenue": 340048000,
      "gross_profit": 23641000,
      "operating_income": -1339000,
      "net_income": -363197000,
      "opex": 24980000,
      "cogs": 316407000,
      "rd": null,
      "sga": 17965000,
      "fcf": -30178000,
      "ocf": -30178000,
      "capex": null,
      "gross_margin": 0.06952253799463605,
      "op_margin": -0.003937679386439561,
      "fcf_margin": -0.0887462946407566,
      "incr_op_margin_yoy": 0.37388761598541714,
      "rev_growth_yoy": -0.18851674641148325,
      "rev_growth_yoy_accel": -0.10677159091279369,
      "fcf_margin_change": -0.20003750983767093
    },
    {
      "date": "2025-09-27T00:00:00",
      "quarter_label": "2025-09 (Q3)",
      "revenue": 352837000,
      "gross_profit": 34071000,
      "operating_income": 9738000,
      "net_income": -4454000,
      "opex": 24333000,
      "cogs": 318766000,
      "rd": null,
      "sga": 23655000,
      "fcf": -17787000,
      "ocf": -17787000,
      "capex": null,
      "gross_margin": 0.09656300217947664,
      "op_margin": 0.027599146348030394,
      "fcf_margin": -0.05041137975892551,
      "incr_op_margin_yoy": -0.5498280362988439,
      "rev_growth_yoy": -0.1203331812526957,
      "rev_growth_yoy_accel": 0.06818356515878755,
      "op_leverage_ratio": Infinity,
      "fcf_margin_change": 0.03833491488183109
    }
  ],
  "signals": [
    {
      "quarter": "2025-09 (Q3)",
      "signal": "YoY REVENUE GROWTH ACCELERATION",
      "detail": "YoY growth: -12.0% vs prior quarter YoY: -18.9% (accel: +6.8%)",
      "severity": "MEDIUM"
    },
    {
      "quarter": "2025-09 (Q3)",
      "signal": "OP MARGIN TURNED POSITIVE (YoY)",
      "detail": "Op margin: -4.2% (year-ago) -> +2.8%",
      "severity": "HIGH"
    },
    {
      "quarter": "2025-09 (Q3)",
      "signal": "OP MARGIN TURNED POSITIVE (QoQ)",
      "detail": "Op margin: -0.4% -> +2.8%",
      "severity": "HIGH"
    },
    {
      "quarter": "2025-06 (Q2)",
      "signal": "YoY REVENUE GROWTH DECELERATION",
      "detail": "YoY growth: -18.9% vs prior quarter YoY: -8.2% (decel: -10.7%)",
      "severity": "WARNING"
    },
    {
      "quarter": "2025-03 (Q1)",
      "signal": "YoY REVENUE GROWTH DECELERATION",
      "detail": "YoY growth: -8.2% vs prior quarter YoY: +0.0% (decel: -8.2%)",
      "severity": "WARNING"
    },
    {
      "quarter": "2024-12 (Q4)",
      "signal": "YoY REVENUE GROWTH DECELERATION",
      "detail": "YoY growth: +0.0% vs prior quarter YoY: +8.8% (decel: -8.8%)",
      "severity": "WARNING"
    },
    {
      "quarter": "2024-12 (Q4)",
      "signal": "OP MARGIN TURNED POSITIVE (YoY)",
      "detail": "Op margin: -14.4% (year-ago) -> +2.6%",
      "severity": "HIGH"
    },
    {
      "quarter": "2024-12 (Q4)",
      "signal": "OP MARGIN TURNED POSITIVE (QoQ)",
      "detail": "Op margin: -4.2% -> +2.6%",
      "severity": "HIGH"
    },
    {
      "quarter": "2024-06 (Q2)",
      "signal": "FCF MARGIN EXPANSION",
      "detail": "FCF margin: +2.9% -> +20.9% (+18.0%)",
      "severity": "MEDIUM"
    },
    {
      "quarter": "2024-06 (Q2)",
      "signal": "OPERATING LEVERAGE",
      "detail": "Rev growth +8.1% vs OpEx growth +2.2% (leverage: 3.7x)",
      "severity": "MEDIUM"
    },
    {
      "quarter": "2024-06 (Q2)",
      "signal": "YoY REVENUE GROWTH ACCELERATION",
      "detail": "YoY growth: +8.7% vs prior quarter YoY: -16.9% (accel: +25.7%)",
      "severity": "HIGH"
    },
    {
      "quarter": "2024-06 (Q2)",
      "signal": "OP MARGIN TURNED POSITIVE (YoY)",
      "detail": "Op margin: -1.7% (year-ago) -> +6.7%",
      "severity": "HIGH"
    },
    {
      "quarter": "2024-03 (Q1)",
      "signal": "OP MARGIN TURNED POSITIVE (QoQ)",
      "detail": "Op margin: -14.4% -> +4.4%",
      "severity": "HIGH"
    },
    {
      "quarter": "2023-12 (Q4)",
      "signal": "GROSS MARGIN INFLECTION",
      "detail": "GM: +3.8% -> +2.4% -> +6.5% (reversal +4.1%)",
      "severity": "MEDIUM"
    },
    {
      "quarter": "2023-12 (Q4)",
      "signal": "YoY REVENUE GROWTH ACCELERATION",
      "detail": "YoY growth: -15.5% vs prior quarter YoY: -20.9% (accel: +5.4%)",
      "severity": "MEDIUM"
    },
    {
      "quarter": "2023-09 (Q3)",
      "signal": "YoY REVENUE GROWTH DECELERATION",
      "detail": "YoY growth: -20.9% vs prior quarter YoY: -3.5% (decel: -17.5%)",
      "severity": "WARNING"
    },
    {
      "quarter": "2023-07 (Q3)",
      "signal": "YoY REVENUE GROWTH DECELERATION",
      "detail": "YoY growth: -3.5% vs prior quarter YoY: +32.7% (decel: -36.2%)",
      "severity": "WARNING"
    },
    {
      "quarter": "2023-04 (Q2)",
      "signal": "OP MARGIN TURNED POSITIVE (YoY)",
      "detail": "Op margin: -4.5% (year-ago) -> +3.6%",
      "severity": "HIGH"
    },
    {
      "quarter": "2022-12 (Q4)",
      "signal": "YoY REVENUE GROWTH ACCELERATION",
      "detail": "YoY growth: +33.7% vs prior quarter YoY: +24.7% (accel: +9.1%)",
      "severity": "MEDIUM"
    },
    {
      "quarter": "2022-12 (Q4)",
      "signal": "OP MARGIN TURNED POSITIVE (YoY)",
      "detail": "Op margin: -3.8% (year-ago) -> +3.3%",
      "severity": "HIGH"
    },
    {
      "quarter": "2022-09 (Q3)",
      "signal": "FCF TURNED POSITIVE",
      "detail": "FCF margin: -3.2% -> +9.4%",
      "severity": "HIGH"
    },
    {
      "quarter": "2022-09 (Q3)",
      "signal": "YoY REVENUE GROWTH ACCELERATION",
      "detail": "YoY growth: +24.7% vs prior quarter YoY: +17.1% (accel: +7.6%)",
      "severity": "MEDIUM"
    },
    {
      "quarter": "2022-09 (Q3)",
      "signal": "INCREMENTAL MARGIN (YoY)",
      "detail": "YoY Incr OPM: +27.8% vs year-ago OPM: +0.8%",
      "severity": "HIGH"
    },
    {
      "quarter": "2022-09 (Q3)",
      "signal": "OP MARGIN TURNED POSITIVE (QoQ)",
      "detail": "Op margin: -0.7% -> +6.1%",
      "severity": "HIGH"
    },
    {
      "quarter": "2022-06 (Q2)",
      "signal": "GROSS MARGIN INFLECTION",
      "detail": "GM: +3.4% -> +1.7% -> +6.7% (reversal +5.0%)",
      "severity": "HIGH"
    },
    {
      "quarter": "2022-06 (Q2)",
      "signal": "YoY REVENUE GROWTH ACCELERATION",
      "detail": "YoY growth: +17.1% vs prior quarter YoY: -24.4% (accel: +41.5%)",
      "severity": "HIGH"
    },
    {
      "quarter": "2021-06 (Q2)",
      "signal": "FCF MARGIN EXPANSION",
      "detail": "FCF margin: +4.0% -> +43.5% (+39.4%)",
      "severity": "MEDIUM"
    }
  ],
  "data_quality": {
    "n_quarters": 20,
    "coverage": {
      "revenue": [
        20,
        20
      ],
      "gross_profit": [
        20,
        20
      ],
      "op_income": [
        20,
        20
      ],
      "fcf": [
        18,
        20
      ]
    },
    "gaps": [],
    "warnings": []
  },
  "market_cap": null,
  "source": "SEC EDGAR",
  "last_updated": "2026-02-02T22:20:48.886191"
}