{
  "ticker": "RYI",
  "name": "RYERSON HOLDING CORPORATION",
  "quarters": [
    {
      "date": "2020-12-31T00:00:00",
      "quarter_label": "2020-12 (Q4)",
      "revenue": 853000000,
      "gross_profit": 153900000,
      "operating_income": 4800000,
      "net_income": -16700000,
      "opex": 149100000,
      "cogs": 699100000,
      "rd": null,
      "sga": 149100000,
      "fcf": -26900000,
      "ocf": -18800000,
      "capex": -8100000,
      "gross_margin": 0.18042203985932004,
      "op_margin": 0.005627198124267292,
      "fcf_margin": -0.03153575615474795
    },
    {
      "date": "2021-03-31T00:00:00",
      "quarter_label": "2021-03 (Q1)",
      "revenue": 1147300000,
      "gross_profit": 197900000,
      "operating_income": 46400000,
      "net_income": 25300000,
      "opex": 151500000,
      "cogs": 949400000,
      "rd": null,
      "sga": 171800000,
      "fcf": -53800000,
      "ocf": -47300000,
      "capex": -6500000,
      "gross_margin": 0.17249193759260872,
      "op_margin": 0.04044277869781226,
      "fcf_margin": -0.04689270461082542,
      "op_leverage_ratio": 21.434217467760842,
      "fcf_margin_change": -0.01535694845607747
    },
    {
      "date": "2021-06-30T00:00:00",
      "quarter_label": "2021-06 (Q2)",
      "revenue": 1419000000,
      "gross_profit": 257000000,
      "operating_income": 166100000,
      "net_income": 112900000,
      "opex": 90900000,
      "cogs": 1162000000,
      "rd": null,
      "sga": 178300000,
      "fcf": -10600000,
      "ocf": -3800000,
      "capex": -6800000,
      "gross_margin": 0.18111346018322763,
      "op_margin": 0.11705426356589148,
      "fcf_margin": -0.007470049330514447,
      "op_leverage_ratio": Infinity,
      "fcf_margin_change": 0.03942265528031097
    },
    {
      "date": "2021-09-30T00:00:00",
      "quarter_label": "2021-09 (Q3)",
      "revenue": 1575100000,
      "gross_profit": 364600000,
      "operating_income": 184400000,
      "net_income": 49700000,
      "opex": 180200000,
      "cogs": 1210500000,
      "rd": null,
      "sga": 180200000,
      "fcf": -32400000,
      "ocf": -20700000,
      "capex": -11700000,
      "gross_margin": 0.23147736651641165,
      "op_margin": 0.11707193194082915,
      "fcf_margin": -0.020570122531902737,
      "op_leverage_ratio": 0.11197805814071862,
      "fcf_margin_change": -0.01310007320138829
    },
    {
      "date": "2021-12-31T00:00:00",
      "quarter_label": "2021-12 (Q4)",
      "revenue": 1533900000,
      "gross_profit": 327300000,
      "operating_income": 148300000,
      "net_income": 106400000,
      "opex": 179000000,
      "cogs": 1206600000,
      "rd": null,
      "sga": 180900000,
      "fcf": 72500000,
      "ocf": 106800000,
      "capex": -34300000,
      "gross_margin": 0.21337766477606102,
      "op_margin": 0.09668166112523632,
      "fcf_margin": 0.04726514114349045,
      "incr_op_margin_yoy": 0.21075047730944338,
      "rev_growth_yoy": 0.7982415005861665,
      "fcf_margin_change": 0.06783526367539319
    },
    {
      "date": "2022-03-31T00:00:00",
      "quarter_label": "2022-03 (Q1)",
      "revenue": 1748800000,
      "gross_profit": 410100000,
      "operating_income": 234800000,
      "net_income": 163600000,
      "opex": 175300000,
      "cogs": 1338700000,
      "rd": null,
      "sga": 175300000,
      "fcf": 63700000,
      "ocf": 82500000,
      "capex": -18800000,
      "gross_margin": 0.23450365965233302,
      "op_margin": 0.13426349496797804,
      "fcf_margin": 0.036424977127172915,
      "incr_op_margin_yoy": 0.31321695760598506,
      "rev_growth_yoy": 0.524274383334786,
      "rev_growth_yoy_accel": -0.27396711725138045,
      "op_leverage_ratio": Infinity,
      "fcf_margin_change": -0.010840164016317537
    },
    {
      "date": "2022-06-30T00:00:00",
      "quarter_label": "2022-06 (Q2)",
      "revenue": 1743500000,
      "gross_profit": 465900000,
      "operating_income": 286800000,
      "net_income": 196400000,
      "opex": 179100000,
      "cogs": 1277600000,
      "rd": null,
      "sga": 182900000,
      "fcf": 61500000,
      "ocf": 85500000,
      "capex": -24000000,
      "gross_margin": 0.267221106968741,
      "op_margin": 0.1644967020361342,
      "fcf_margin": 0.03527387439059363,
      "incr_op_margin_yoy": 0.3719568567026194,
      "rev_growth_yoy": 0.22868217054263565,
      "rev_growth_yoy_accel": -0.2955922127921504,
      "fcf_margin_change": -0.0011511027365792847
    },
    {
      "date": "2022-09-30T00:00:00",
      "quarter_label": "2022-09 (Q3)",
      "revenue": 1543100000,
      "gross_profit": 271000000,
      "operating_income": 84500000,
      "net_income": 55100000,
      "opex": 186500000,
      "cogs": 1272100000,
      "rd": null,
      "sga": 186500000,
      "fcf": 123200000,
      "ocf": 151600000,
      "capex": -28400000,
      "gross_margin": 0.1756205041798976,
      "op_margin": 0.05475989890480202,
      "fcf_margin": 0.07983928455706046,
      "incr_op_margin_yoy": 3.121875,
      "rev_growth_yoy": -0.020316170401879247,
      "rev_growth_yoy_accel": -0.2489983409445149,
      "fcf_margin_change": 0.04456541016646683
    },
    {
      "date": "2022-12-31T00:00:00",
      "quarter_label": "2022-12 (Q4)",
      "revenue": 1288200000,
      "gross_profit": 163100000,
      "operating_income": -27400000,
      "net_income": -24100000,
      "opex": 190500000,
      "cogs": 1125100000,
      "rd": null,
      "sga": 190500000,
      "fcf": 147700000,
      "ocf": 181600000,
      "capex": -33900000,
      "gross_margin": 0.12661077472442167,
      "op_margin": -0.02126998913212234,
      "fcf_margin": 0.11465610929979816,
      "incr_op_margin_yoy": 0.7150997150997151,
      "rev_growth_yoy": -0.1601799335028359,
      "rev_growth_yoy_accel": -0.13986376310095666,
      "fcf_margin_change": 0.0348168247427377
    },
    {
      "date": "2023-03-31T00:00:00",
      "quarter_label": "2023-03 (Q1)",
      "revenue": 1406100000,
      "gross_profit": 264200000,
      "operating_income": 70000000,
      "net_income": 47300000,
      "opex": 194200000,
      "cogs": 1141900000,
      "rd": null,
      "sga": 194200000,
      "fcf": 52600000,
      "ocf": 80400000,
      "capex": -27800000,
      "gross_margin": 0.18789559775264916,
      "op_margin": 0.04978308797382832,
      "fcf_margin": 0.03740843467747671,
      "incr_op_margin_yoy": 0.48088707324190255,
      "rev_growth_yoy": -0.1959629460201281,
      "rev_growth_yoy_accel": -0.035783012517292184,
      "op_leverage_ratio": 4.7122005564017675,
      "fcf_margin_change": -0.07724767462232146
    },
    {
      "date": "2023-06-30T00:00:00",
      "quarter_label": "2023-06 (Q2)",
      "revenue": 1343500000,
      "gross_profit": 260900000,
      "operating_income": 58300000,
      "net_income": 37600000,
      "opex": 202600000,
      "cogs": 1082600000,
      "rd": null,
      "sga": 202600000,
      "fcf": 69000000,
      "ocf": 115300000,
      "capex": -46300000,
      "gross_margin": 0.1941942687011537,
      "op_margin": 0.04339411983624861,
      "fcf_margin": 0.051358392259024936,
      "incr_op_margin_yoy": 0.57125,
      "rev_growth_yoy": -0.2294235732721537,
      "rev_growth_yoy_accel": -0.033460627252025615,
      "fcf_margin_change": 0.013949957581548225
    },
    {
      "date": "2023-09-30T00:00:00",
      "quarter_label": "2023-09 (Q3)",
      "revenue": 1246700000,
      "gross_profit": 249300000,
      "operating_income": 56300000,
      "net_income": 35000000,
      "opex": 193000000,
      "cogs": 997400000,
      "rd": null,
      "sga": 193000000,
      "fcf": 56900000,
      "ocf": 79300000,
      "capex": -22400000,
      "gross_margin": 0.19996791529638244,
      "op_margin": 0.04515922034170209,
      "fcf_margin": 0.04564049089596535,
      "incr_op_margin_yoy": 0.0951417004048583,
      "rev_growth_yoy": -0.19208087615838249,
      "rev_growth_yoy_accel": 0.03734269711377122,
      "fcf_margin_change": -0.005717901363059587
    },
    {
      "date": "2023-12-31T00:00:00",
      "quarter_label": "2023-12 (Q4)",
      "revenue": 1112400000,
      "gross_profit": 247200000,
      "operating_income": 43500000,
      "net_income": 25800000,
      "opex": 203700000,
      "cogs": 865200000,
      "rd": null,
      "sga": 203700000,
      "fcf": 64700000,
      "ocf": 90100000,
      "capex": -25400000,
      "gross_margin": 0.2222222222222222,
      "op_margin": 0.03910463861920173,
      "fcf_margin": 0.05816253146350234,
      "incr_op_margin_yoy": -0.4032992036405006,
      "rev_growth_yoy": -0.13646949231485794,
      "rev_growth_yoy_accel": 0.05561138384352454,
      "fcf_margin_change": 0.012522040567536988
    },
    {
      "date": "2024-03-31T00:00:00",
      "quarter_label": "2024-03 (Q1)",
      "revenue": 1239200000,
      "gross_profit": 217600000,
      "operating_income": 800000,
      "net_income": -7600000,
      "opex": 216800000,
      "cogs": 1021600000,
      "rd": null,
      "sga": 216800000,
      "fcf": -69600000,
      "ocf": -47800000,
      "capex": -21800000,
      "gross_margin": 0.17559715945771465,
      "op_margin": 0.0006455777921239509,
      "fcf_margin": -0.05616526791478373,
      "incr_op_margin_yoy": 0.41461953265428403,
      "rev_growth_yoy": -0.11869710546902781,
      "rev_growth_yoy_accel": 0.01777238684583013,
      "op_leverage_ratio": 1.7724663817452673,
      "fcf_margin_change": -0.11432779937828608
    },
    {
      "date": "2024-06-30T00:00:00",
      "quarter_label": "2024-06 (Q2)",
      "revenue": 1225500000,
      "gross_profit": 223500000,
      "operating_income": 22800000,
      "net_income": 9900000,
      "opex": 200700000,
      "cogs": 1002000000,
      "rd": null,
      "sga": 199000000,
      "fcf": 3200000,
      "ocf": 25900000,
      "capex": -22700000,
      "gross_margin": 0.18237454100367198,
      "op_margin": 0.018604651162790697,
      "fcf_margin": 0.0026111791105671153,
      "incr_op_margin_yoy": 0.3008474576271186,
      "rev_growth_yoy": -0.08783029400818756,
      "rev_growth_yoy_accel": 0.03086681146084025,
      "fcf_margin_change": 0.05877644702535085
    },
    {
      "date": "2024-09-30T00:00:00",
      "quarter_label": "2024-09 (Q3)",
      "revenue": 1126600000,
      "gross_profit": 202000000,
      "operating_income": 5300000,
      "net_income": -6600000,
      "opex": 196700000,
      "cogs": 924600000,
      "rd": null,
      "sga": 196900000,
      "fcf": 103000000,
      "ocf": 134600000,
      "capex": -31600000,
      "gross_margin": 0.1793005503284218,
      "op_margin": 0.004704420379904137,
      "fcf_margin": 0.09142552813775963,
      "incr_op_margin_yoy": 0.42464612822647796,
      "rev_growth_yoy": -0.09633432261169488,
      "rev_growth_yoy_accel": -0.00850402860350731,
      "fcf_margin_change": 0.08881434902719251
    },
    {
      "date": "2024-12-31T00:00:00",
      "quarter_label": "2024-12 (Q4)",
      "revenue": 1007400000,
      "gross_profit": 191100000,
      "operating_income": 2600000,
      "net_income": -4300000,
      "opex": 188500000,
      "cogs": 816300000,
      "rd": null,
      "sga": 188500000,
      "fcf": 68700000,
      "ocf": 92200000,
      "capex": -23500000,
      "gross_margin": 0.1896962477665277,
      "op_margin": 0.0025809013301568394,
      "fcf_margin": 0.06819535437760572,
      "incr_op_margin_yoy": 0.38952380952380955,
      "rev_growth_yoy": -0.09439050701186623,
      "rev_growth_yoy_accel": 0.0019438155998286466,
      "fcf_margin_change": -0.023230173760153905
    },
    {
      "date": "2025-03-31T00:00:00",
      "quarter_label": "2025-03 (Q1)",
      "revenue": 1135700000,
      "gross_profit": 204400000,
      "operating_income": 2300000,
      "net_income": -5600000,
      "opex": 202100000,
      "cogs": 931300000,
      "rd": null,
      "sga": 202100000,
      "fcf": -49200000,
      "ocf": -41200000,
      "capex": -8000000,
      "gross_margin": 0.17997710663027208,
      "op_margin": 0.002025182706700713,
      "fcf_margin": -0.04332129963898917,
      "incr_op_margin_yoy": -0.014492753623188406,
      "rev_growth_yoy": -0.08352162685603615,
      "rev_growth_yoy_accel": 0.010868880155830082,
      "op_leverage_ratio": 1.765213157925469,
      "fcf_margin_change": -0.11151665401659488
    },
    {
      "date": "2025-06-30T00:00:00",
      "quarter_label": "2025-06 (Q2)",
      "revenue": 1169300000,
      "gross_profit": 209400000,
      "operating_income": 5800000,
      "net_income": 1900000,
      "opex": 203600000,
      "cogs": 959900000,
      "rd": null,
      "sga": 203600000,
      "fcf": 13900000,
      "ocf": 23800000,
      "capex": -9900000,
      "gross_margin": 0.17908150175318566,
      "op_margin": 0.004960232617805525,
      "fcf_margin": 0.011887454032327034,
      "incr_op_margin_yoy": 0.302491103202847,
      "rev_growth_yoy": -0.04585883312933497,
      "rev_growth_yoy_accel": 0.03766279372670118,
      "op_leverage_ratio": 3.9861230958879985,
      "fcf_margin_change": 0.0552087536713162
    },
    {
      "date": "2025-09-30T00:00:00",
      "quarter_label": "2025-09 (Q3)",
      "revenue": 1161500000,
      "gross_profit": 199500000,
      "operating_income": -1000000,
      "net_income": -14800000,
      "opex": 200500000,
      "cogs": 962000000,
      "rd": null,
      "sga": 200500000,
      "fcf": -21100000,
      "ocf": -8300000,
      "capex": -12800000,
      "gross_margin": 0.1717606543263022,
      "op_margin": -0.0008609556607834697,
      "fcf_margin": -0.018166164442531208,
      "incr_op_margin_yoy": -0.18051575931232092,
      "rev_growth_yoy": 0.03097816438842535,
      "rev_growth_yoy_accel": 0.07683699751776032,
      "fcf_margin_change": -0.03005361847485824
    }
  ],
  "signals": [
    {
      "quarter": "2025-09 (Q3)",
      "signal": "YoY REVENUE GROWTH ACCELERATION",
      "detail": "YoY growth: +3.1% vs prior quarter YoY: -4.6% (accel: +7.7%)",
      "severity": "MEDIUM"
    },
    {
      "quarter": "2025-06 (Q2)",
      "signal": "FCF TURNED POSITIVE",
      "detail": "FCF margin: -4.3% -> +1.2%",
      "severity": "HIGH"
    },
    {
      "quarter": "2025-06 (Q2)",
      "signal": "OPERATING LEVERAGE",
      "detail": "Rev growth +3.0% vs OpEx growth +0.7% (leverage: 4.0x)",
      "severity": "MEDIUM"
    },
    {
      "quarter": "2025-06 (Q2)",
      "signal": "INCREMENTAL MARGIN (YoY)",
      "detail": "YoY Incr OPM: +30.2% vs year-ago OPM: +1.9%",
      "severity": "HIGH"
    },
    {
      "quarter": "2025-03 (Q1)",
      "signal": "OPERATING LEVERAGE",
      "detail": "Rev growth +12.7% vs OpEx growth +7.2% (leverage: 1.8x)",
      "severity": "MEDIUM"
    },
    {
      "quarter": "2024-12 (Q4)",
      "signal": "INCREMENTAL MARGIN (YoY)",
      "detail": "YoY Incr OPM: +39.0% vs year-ago OPM: +3.9%",
      "severity": "HIGH"
    },
    {
      "quarter": "2024-09 (Q3)",
      "signal": "FCF MARGIN EXPANSION",
      "detail": "FCF margin: +0.3% -> +9.1% (+8.9%)",
      "severity": "MEDIUM"
    },
    {
      "quarter": "2024-09 (Q3)",
      "signal": "INCREMENTAL MARGIN (YoY)",
      "detail": "YoY Incr OPM: +42.5% vs year-ago OPM: +4.5%",
      "severity": "HIGH"
    },
    {
      "quarter": "2024-06 (Q2)",
      "signal": "FCF TURNED POSITIVE",
      "detail": "FCF margin: -5.6% -> +0.3%",
      "severity": "HIGH"
    },
    {
      "quarter": "2024-06 (Q2)",
      "signal": "INCREMENTAL MARGIN (YoY)",
      "detail": "YoY Incr OPM: +30.1% vs year-ago OPM: +4.3%",
      "severity": "HIGH"
    },
    {
      "quarter": "2024-03 (Q1)",
      "signal": "OPERATING LEVERAGE",
      "detail": "Rev growth +11.4% vs OpEx growth +6.4% (leverage: 1.8x)",
      "severity": "MEDIUM"
    },
    {
      "quarter": "2024-03 (Q1)",
      "signal": "INCREMENTAL MARGIN (YoY)",
      "detail": "YoY Incr OPM: +41.5% vs year-ago OPM: +5.0%",
      "severity": "HIGH"
    },
    {
      "quarter": "2023-12 (Q4)",
      "signal": "YoY REVENUE GROWTH ACCELERATION",
      "detail": "YoY growth: -13.6% vs prior quarter YoY: -19.2% (accel: +5.6%)",
      "severity": "MEDIUM"
    },
    {
      "quarter": "2023-12 (Q4)",
      "signal": "OP MARGIN TURNED POSITIVE (YoY)",
      "detail": "Op margin: -2.1% (year-ago) -> +3.9%",
      "severity": "HIGH"
    },
    {
      "quarter": "2023-06 (Q2)",
      "signal": "INCREMENTAL MARGIN (YoY)",
      "detail": "YoY Incr OPM: +57.1% vs year-ago OPM: +16.4%",
      "severity": "HIGH"
    },
    {
      "quarter": "2023-03 (Q1)",
      "signal": "OPERATING LEVERAGE",
      "detail": "Rev growth +9.2% vs OpEx growth +1.9% (leverage: 4.7x)",
      "severity": "MEDIUM"
    },
    {
      "quarter": "2023-03 (Q1)",
      "signal": "GROSS MARGIN INFLECTION",
      "detail": "GM: +17.6% -> +12.7% -> +18.8% (reversal +6.1%)",
      "severity": "HIGH"
    },
    {
      "quarter": "2023-03 (Q1)",
      "signal": "INCREMENTAL MARGIN (YoY)",
      "detail": "YoY Incr OPM: +48.1% vs year-ago OPM: +13.4%",
      "severity": "HIGH"
    },
    {
      "quarter": "2023-03 (Q1)",
      "signal": "OP MARGIN TURNED POSITIVE (QoQ)",
      "detail": "Op margin: -2.1% -> +5.0%",
      "severity": "HIGH"
    },
    {
      "quarter": "2022-12 (Q4)",
      "signal": "YoY REVENUE GROWTH DECELERATION",
      "detail": "YoY growth: -16.0% vs prior quarter YoY: -2.0% (decel: -14.0%)",
      "severity": "WARNING"
    },
    {
      "quarter": "2022-09 (Q3)",
      "signal": "YoY REVENUE GROWTH DECELERATION",
      "detail": "YoY growth: -2.0% vs prior quarter YoY: +22.9% (decel: -24.9%)",
      "severity": "WARNING"
    },
    {
      "quarter": "2022-09 (Q3)",
      "signal": "INCREMENTAL MARGIN (YoY)",
      "detail": "YoY Incr OPM: +312.2% vs year-ago OPM: +11.7%",
      "severity": "HIGH"
    },
    {
      "quarter": "2022-06 (Q2)",
      "signal": "YoY REVENUE GROWTH DECELERATION",
      "detail": "YoY growth: +22.9% vs prior quarter YoY: +52.4% (decel: -29.6%)",
      "severity": "WARNING"
    },
    {
      "quarter": "2022-06 (Q2)",
      "signal": "INCREMENTAL MARGIN (YoY)",
      "detail": "YoY Incr OPM: +37.2% vs year-ago OPM: +11.7%",
      "severity": "HIGH"
    },
    {
      "quarter": "2022-03 (Q1)",
      "signal": "GROSS MARGIN INFLECTION",
      "detail": "GM: +23.1% -> +21.3% -> +23.5% (reversal +2.1%)",
      "severity": "MEDIUM"
    },
    {
      "quarter": "2022-03 (Q1)",
      "signal": "YoY REVENUE GROWTH DECELERATION",
      "detail": "YoY growth: +52.4% vs prior quarter YoY: +79.8% (decel: -27.4%)",
      "severity": "WARNING"
    },
    {
      "quarter": "2022-03 (Q1)",
      "signal": "INCREMENTAL MARGIN (YoY)",
      "detail": "YoY Incr OPM: +31.3% vs year-ago OPM: +4.0%",
      "severity": "HIGH"
    },
    {
      "quarter": "2021-12 (Q4)",
      "signal": "FCF TURNED POSITIVE",
      "detail": "FCF margin: -2.1% -> +4.7%",
      "severity": "HIGH"
    },
    {
      "quarter": "2021-12 (Q4)",
      "signal": "INCREMENTAL MARGIN (YoY)",
      "detail": "YoY Incr OPM: +21.1% vs year-ago OPM: +0.6%",
      "severity": "HIGH"
    },
    {
      "quarter": "2021-03 (Q1)",
      "signal": "OPERATING LEVERAGE",
      "detail": "Rev growth +34.5% vs OpEx growth +1.6% (leverage: 21.4x)",
      "severity": "MEDIUM"
    }
  ],
  "data_quality": {
    "n_quarters": 20,
    "coverage": {
      "revenue": [
        20,
        20
      ],
      "gross_profit": [
        20,
        20
      ],
      "op_income": [
        20,
        20
      ],
      "fcf": [
        20,
        20
      ]
    },
    "gaps": [],
    "warnings": []
  },
  "market_cap": null,
  "source": "SEC EDGAR",
  "last_updated": "2026-02-02T22:04:43.564969"
}