{
  "ticker": "RYN",
  "name": "RAYONIER INC.",
  "quarters": [
    {
      "date": "2020-12-31T00:00:00",
      "quarter_label": "2020-12 (Q4)",
      "revenue": 205519000,
      "gross_profit": 38416000,
      "operating_income": 22369000,
      "net_income": 10254000,
      "opex": 183150000,
      "cogs": 167103000,
      "rd": null,
      "sga": 13609000,
      "fcf": 66190000,
      "ocf": 66190000,
      "capex": null,
      "gross_margin": 0.1869218904334879,
      "op_margin": 0.10884151830244405,
      "fcf_margin": 0.3220626803361246
    },
    {
      "date": "2021-03-31T00:00:00",
      "quarter_label": "2021-03 (Q1)",
      "revenue": 191447000,
      "gross_profit": 40069000,
      "operating_income": 28485000,
      "net_income": 10848000,
      "opex": 162962000,
      "cogs": 151378000,
      "rd": null,
      "sga": 14032000,
      "fcf": 53868000,
      "ocf": 53868000,
      "capex": null,
      "gross_margin": 0.20929552304293095,
      "op_margin": 0.14878791519323886,
      "fcf_margin": 0.2813729126076669,
      "fcf_margin_change": -0.040689767728457726
    },
    {
      "date": "2021-06-30T00:00:00",
      "quarter_label": "2021-06 (Q2)",
      "revenue": 291431000,
      "gross_profit": 97181000,
      "operating_income": 84444000,
      "net_income": 57206000,
      "opex": 206987000,
      "cogs": 194250000,
      "rd": null,
      "sga": 14693000,
      "fcf": 110714000,
      "ocf": 110714000,
      "capex": null,
      "gross_margin": 0.3334614368409675,
      "op_margin": 0.289756408892671,
      "fcf_margin": 0.37989781457703536,
      "op_leverage_ratio": 1.9331649991441047,
      "fcf_margin_change": 0.09852490196936847
    },
    {
      "date": "2021-09-30T00:00:00",
      "quarter_label": "2021-09 (Q3)",
      "revenue": 364726000,
      "gross_profit": 131418000,
      "operating_income": 123314000,
      "net_income": 75831000,
      "opex": 241412000,
      "cogs": 233308000,
      "rd": null,
      "sga": 13174000,
      "fcf": 112862000,
      "ocf": 112862000,
      "capex": null,
      "gross_margin": 0.3603198017141635,
      "op_margin": 0.33810038220472355,
      "fcf_margin": 0.309443253291512,
      "op_leverage_ratio": 1.512194742489809,
      "fcf_margin_change": -0.07045456128552335
    },
    {
      "date": "2021-12-31T00:00:00",
      "quarter_label": "2021-12 (Q4)",
      "revenue": 261993000,
      "gross_profit": 44815000,
      "operating_income": 33533000,
      "net_income": 8665000,
      "opex": 228460000,
      "cogs": 217178000,
      "rd": null,
      "sga": 15892000,
      "fcf": 47666000,
      "ocf": 47666000,
      "capex": null,
      "gross_margin": 0.17105418847068432,
      "op_margin": 0.12799196925108686,
      "fcf_margin": 0.18193615859965726,
      "incr_op_margin_yoy": 0.19768388993164995,
      "rev_growth_yoy": 0.2747872459480632,
      "fcf_margin_change": -0.12750709469185476
    },
    {
      "date": "2022-03-31T00:00:00",
      "quarter_label": "2022-03 (Q1)",
      "revenue": 222041000,
      "gross_profit": 61062000,
      "operating_income": 45318000,
      "net_income": 29317000,
      "opex": 176723000,
      "cogs": 160979000,
      "rd": null,
      "sga": 14760000,
      "fcf": 49667000,
      "ocf": 49667000,
      "capex": null,
      "gross_margin": 0.2750032651627402,
      "op_margin": 0.2040974414635135,
      "fcf_margin": 0.22368391423205625,
      "incr_op_margin_yoy": 0.5502059227299471,
      "rev_growth_yoy": 0.15980401886684042,
      "rev_growth_yoy_accel": -0.11498322708122277,
      "fcf_margin_change": 0.04174775563239899
    },
    {
      "date": "2022-06-30T00:00:00",
      "quarter_label": "2022-06 (Q2)",
      "revenue": 246346000,
      "gross_profit": 52023000,
      "operating_income": 35468000,
      "net_income": 24104000,
      "opex": 210878000,
      "cogs": 194323000,
      "rd": null,
      "sga": 17356000,
      "fcf": 98863000,
      "ocf": 98863000,
      "capex": null,
      "gross_margin": 0.21117858621613503,
      "op_margin": 0.14397635845518092,
      "fcf_margin": 0.40131765890251925,
      "incr_op_margin_yoy": 1.0863036486636353,
      "rev_growth_yoy": -0.15470214218803077,
      "rev_growth_yoy_accel": -0.31450616105487117,
      "op_leverage_ratio": 0.5663712980597073,
      "fcf_margin_change": 0.177633744670463
    },
    {
      "date": "2022-09-30T00:00:00",
      "quarter_label": "2022-09 (Q3)",
      "revenue": 195287000,
      "gross_profit": 43208000,
      "operating_income": 40903000,
      "net_income": 20578000,
      "opex": 154384000,
      "cogs": 152079000,
      "rd": null,
      "sga": 16886000,
      "fcf": 61359000,
      "ocf": 61359000,
      "capex": null,
      "gross_margin": 0.22125384690225156,
      "op_margin": 0.20945070588416023,
      "fcf_margin": 0.31419910183473554,
      "incr_op_margin_yoy": 0.4863756278070574,
      "rev_growth_yoy": -0.46456518043682105,
      "rev_growth_yoy_accel": -0.30986303824879025,
      "fcf_margin_change": -0.08711855706778371
    },
    {
      "date": "2022-12-31T00:00:00",
      "quarter_label": "2022-12 (Q4)",
      "revenue": 245398000,
      "gross_profit": 64495000,
      "operating_income": 44133000,
      "net_income": 33078000,
      "opex": 201265000,
      "cogs": 180903000,
      "rd": null,
      "sga": 15668000,
      "fcf": 59301000,
      "ocf": 59301000,
      "capex": null,
      "gross_margin": 0.2628179528765516,
      "op_margin": 0.17984254150400575,
      "fcf_margin": 0.24165233620485904,
      "incr_op_margin_yoy": -0.6387466104248267,
      "rev_growth_yoy": -0.0633413869836217,
      "rev_growth_yoy_accel": 0.40122379345319936,
      "op_leverage_ratio": 0.8450164390145015,
      "fcf_margin_change": -0.0725467656298765
    },
    {
      "date": "2023-03-31T00:00:00",
      "quarter_label": "2023-03 (Q1)",
      "revenue": 179082000,
      "gross_profit": 29916000,
      "operating_income": 10622000,
      "net_income": 8300000,
      "opex": 168460000,
      "cogs": 149166000,
      "rd": null,
      "sga": 16778000,
      "fcf": 63951000,
      "ocf": 63951000,
      "capex": null,
      "gross_margin": 0.1670519650216102,
      "op_margin": 0.05931361052478753,
      "fcf_margin": 0.3571045666231112,
      "incr_op_margin_yoy": 0.8076538094462161,
      "rev_growth_yoy": -0.1934732774577668,
      "rev_growth_yoy_accel": -0.13013189047414508,
      "fcf_margin_change": 0.11545223041825214
    },
    {
      "date": "2023-06-30T00:00:00",
      "quarter_label": "2023-06 (Q2)",
      "revenue": 208865000,
      "gross_profit": 40455000,
      "operating_income": 20102000,
      "net_income": 19023000,
      "opex": 188763000,
      "cogs": 168410000,
      "rd": null,
      "sga": 18952000,
      "fcf": 62372000,
      "ocf": 62372000,
      "capex": null,
      "gross_margin": 0.1936897038757092,
      "op_margin": 0.09624398534938836,
      "fcf_margin": 0.29862351279534627,
      "incr_op_margin_yoy": 0.4099677169766015,
      "rev_growth_yoy": -0.1521477921297687,
      "rev_growth_yoy_accel": 0.041325485327998096,
      "op_leverage_ratio": 1.3799173884519653,
      "fcf_margin_change": -0.05848105382776492
    },
    {
      "date": "2023-09-30T00:00:00",
      "quarter_label": "2023-09 (Q3)",
      "revenue": 201579000,
      "gross_profit": 55957000,
      "operating_income": 35356000,
      "net_income": 19237000,
      "opex": 166223000,
      "cogs": 145622000,
      "rd": null,
      "sga": 18947000,
      "fcf": 82613000,
      "ocf": 82613000,
      "capex": null,
      "gross_margin": 0.27759340010616185,
      "op_margin": 0.175395254465991,
      "fcf_margin": 0.4098293969113846,
      "incr_op_margin_yoy": -0.8815956770502225,
      "rev_growth_yoy": 0.03221924654482889,
      "rev_growth_yoy_accel": 0.18436703867459758,
      "fcf_margin_change": 0.11120588411603832
    },
    {
      "date": "2023-12-31T00:00:00",
      "quarter_label": "2023-12 (Q4)",
      "revenue": 467407000,
      "gross_profit": 168034000,
      "operating_income": 145203000,
      "net_income": 126932000,
      "opex": 322204000,
      "cogs": 299373000,
      "rd": null,
      "sga": 20096000,
      "fcf": 89439000,
      "ocf": 89439000,
      "capex": null,
      "gross_margin": 0.35950253205450494,
      "op_margin": 0.31065645144381665,
      "fcf_margin": 0.19135143461693985,
      "incr_op_margin_yoy": 0.45525181411564397,
      "rev_growth_yoy": 0.904689524772003,
      "rev_growth_yoy_accel": 0.8724702782271742,
      "op_leverage_ratio": 1.4053187907233224,
      "fcf_margin_change": -0.21847796229444474
    },
    {
      "date": "2024-03-31T00:00:00",
      "quarter_label": "2024-03 (Q1)",
      "revenue": 168097000,
      "gross_profit": 34917000,
      "operating_income": 16210000,
      "net_income": 1357000,
      "opex": 151887000,
      "cogs": 133180000,
      "rd": null,
      "sga": 18978000,
      "fcf": 52298000,
      "ocf": 52298000,
      "capex": null,
      "gross_margin": 0.20771935251670168,
      "op_margin": 0.09643241699732892,
      "fcf_margin": 0.31111798544887775,
      "incr_op_margin_yoy": -0.5086936731907146,
      "rev_growth_yoy": -0.061340614913838354,
      "rev_growth_yoy_accel": -0.9660301396858414,
      "fcf_margin_change": 0.1197665508319379
    },
    {
      "date": "2024-06-30T00:00:00",
      "quarter_label": "2024-06 (Q2)",
      "revenue": 173609000,
      "gross_profit": 34938000,
      "operating_income": 12441000,
      "net_income": 1903000,
      "opex": 161168000,
      "cogs": 138671000,
      "rd": null,
      "sga": 20603000,
      "fcf": 55329000,
      "ocf": 55329000,
      "capex": null,
      "gross_margin": 0.20124532714317805,
      "op_margin": 0.0716610313981418,
      "fcf_margin": 0.318698915378811,
      "incr_op_margin_yoy": 0.2172963467211255,
      "rev_growth_yoy": -0.16879802743398847,
      "rev_growth_yoy_accel": -0.10745741252015012,
      "op_leverage_ratio": 0.5366301602748328,
      "fcf_margin_change": 0.0075809299299332555
    },
    {
      "date": "2024-09-30T00:00:00",
      "quarter_label": "2024-09 (Q3)",
      "revenue": 194993000,
      "gross_profit": 47791000,
      "operating_income": 27606000,
      "net_income": 28758000,
      "opex": 167387000,
      "cogs": 147202000,
      "rd": null,
      "sga": 18271000,
      "fcf": 66151000,
      "ocf": 66151000,
      "capex": null,
      "gross_margin": 0.2450908494151072,
      "op_margin": 0.14157431292405367,
      "fcf_margin": 0.3392480755719436,
      "incr_op_margin_yoy": 1.176738536289098,
      "rev_growth_yoy": -0.03267205413262294,
      "rev_growth_yoy_accel": 0.13612597330136553,
      "op_leverage_ratio": 3.1920888413864184,
      "fcf_margin_change": 0.020549160193132576
    },
    {
      "date": "2024-12-31T00:00:00",
      "quarter_label": "2024-12 (Q4)",
      "revenue": 726297000,
      "gross_profit": 360517000,
      "operating_income": 346209000,
      "net_income": 327129000,
      "opex": 380088000,
      "cogs": 365780000,
      "rd": null,
      "sga": 16569000,
      "fcf": 87814000,
      "ocf": 87814000,
      "capex": null,
      "gross_margin": 0.4963768265599335,
      "op_margin": 0.47667689664145657,
      "fcf_margin": 0.12090646113091476,
      "incr_op_margin_yoy": 0.7764146934991696,
      "rev_growth_yoy": 0.553885585795677,
      "rev_growth_yoy_accel": 0.5865576399283,
      "op_leverage_ratio": 2.144254146648105,
      "fcf_margin_change": -0.21834161444102884
    },
    {
      "date": "2025-03-31T00:00:00",
      "quarter_label": "2025-03 (Q1)",
      "revenue": 82922000,
      "gross_profit": 17970000,
      "operating_income": 59000,
      "net_income": -3424000,
      "opex": 82863000,
      "cogs": 64952000,
      "rd": null,
      "sga": 16692000,
      "fcf": 27699000,
      "ocf": 27699000,
      "capex": null,
      "gross_margin": 0.21670967897542268,
      "op_margin": 0.000711512023347242,
      "fcf_margin": 0.3340368056728009,
      "incr_op_margin_yoy": 0.18962136777223362,
      "rev_growth_yoy": -0.5067014878314307,
      "rev_growth_yoy_accel": -1.0605870736271077,
      "fcf_margin_change": 0.21313034454188617
    },
    {
      "date": "2025-06-30T00:00:00",
      "quarter_label": "2025-06 (Q2)",
      "revenue": 106538000,
      "gross_profit": 31632000,
      "operating_income": 14545000,
      "net_income": 408708000,
      "opex": 91993000,
      "cogs": 74906000,
      "rd": null,
      "sga": 16922000,
      "fcf": 60988000,
      "ocf": 60988000,
      "capex": null,
      "gross_margin": 0.2969081454504496,
      "op_margin": 0.13652405714392987,
      "fcf_margin": 0.5724530214571326,
      "incr_op_margin_yoy": -0.03136974251166674,
      "rev_growth_yoy": -0.3863336578172791,
      "rev_growth_yoy_accel": 0.12036783001415158,
      "op_leverage_ratio": 2.584797035274549,
      "fcf_margin_change": 0.2384162157843317
    },
    {
      "date": "2025-09-30T00:00:00",
      "quarter_label": "2025-09 (Q3)",
      "revenue": 177531000,
      "gross_profit": 58405000,
      "operating_income": 41710000,
      "net_income": 43187000,
      "opex": 135821000,
      "cogs": 119126000,
      "rd": null,
      "sga": 17008000,
      "fcf": 116185000,
      "ocf": 116185000,
      "capex": null,
      "gross_margin": 0.3289847970213653,
      "op_margin": 0.2349448828655277,
      "fcf_margin": 0.6544490821321347,
      "incr_op_margin_yoy": -0.8076967128622151,
      "rev_growth_yoy": -0.08955193263347914,
      "rev_growth_yoy_accel": 0.2967817251837999,
      "op_leverage_ratio": 1.3986663231537142,
      "fcf_margin_change": 0.08199606067500209
    }
  ],
  "signals": [
    {
      "quarter": "2025-09 (Q3)",
      "signal": "FCF MARGIN EXPANSION",
      "detail": "FCF margin: +57.2% -> +65.4% (+8.2%)",
      "severity": "MEDIUM"
    },
    {
      "quarter": "2025-09 (Q3)",
      "signal": "YoY REVENUE GROWTH ACCELERATION",
      "detail": "YoY growth: -9.0% vs prior quarter YoY: -38.6% (accel: +29.7%)",
      "severity": "HIGH"
    },
    {
      "quarter": "2025-06 (Q2)",
      "signal": "FCF MARGIN EXPANSION",
      "detail": "FCF margin: +33.4% -> +57.2% (+23.8%)",
      "severity": "MEDIUM"
    },
    {
      "quarter": "2025-06 (Q2)",
      "signal": "OPERATING LEVERAGE",
      "detail": "Rev growth +28.5% vs OpEx growth +11.0% (leverage: 2.6x)",
      "severity": "MEDIUM"
    },
    {
      "quarter": "2025-06 (Q2)",
      "signal": "GROSS MARGIN INFLECTION",
      "detail": "GM: +49.6% -> +21.7% -> +29.7% (reversal +8.0%)",
      "severity": "HIGH"
    },
    {
      "quarter": "2025-06 (Q2)",
      "signal": "YoY REVENUE GROWTH ACCELERATION",
      "detail": "YoY growth: -38.6% vs prior quarter YoY: -50.7% (accel: +12.0%)",
      "severity": "MEDIUM"
    },
    {
      "quarter": "2025-03 (Q1)",
      "signal": "FCF MARGIN EXPANSION",
      "detail": "FCF margin: +12.1% -> +33.4% (+21.3%)",
      "severity": "MEDIUM"
    },
    {
      "quarter": "2025-03 (Q1)",
      "signal": "YoY REVENUE GROWTH DECELERATION",
      "detail": "YoY growth: -50.7% vs prior quarter YoY: +55.4% (decel: -106.1%)",
      "severity": "WARNING"
    },
    {
      "quarter": "2024-12 (Q4)",
      "signal": "OPERATING LEVERAGE",
      "detail": "Rev growth +272.5% vs OpEx growth +127.1% (leverage: 2.1x)",
      "severity": "MEDIUM"
    },
    {
      "quarter": "2024-12 (Q4)",
      "signal": "YoY REVENUE GROWTH ACCELERATION",
      "detail": "YoY growth: +55.4% vs prior quarter YoY: -3.3% (accel: +58.7%)",
      "severity": "HIGH"
    },
    {
      "quarter": "2024-12 (Q4)",
      "signal": "INCREMENTAL MARGIN (YoY)",
      "detail": "YoY Incr OPM: +77.6% vs year-ago OPM: +31.1%",
      "severity": "HIGH"
    },
    {
      "quarter": "2024-09 (Q3)",
      "signal": "OPERATING LEVERAGE",
      "detail": "Rev growth +12.3% vs OpEx growth +3.9% (leverage: 3.2x)",
      "severity": "MEDIUM"
    },
    {
      "quarter": "2024-09 (Q3)",
      "signal": "GROSS MARGIN INFLECTION",
      "detail": "GM: +20.8% -> +20.1% -> +24.5% (reversal +4.4%)",
      "severity": "MEDIUM"
    },
    {
      "quarter": "2024-09 (Q3)",
      "signal": "YoY REVENUE GROWTH ACCELERATION",
      "detail": "YoY growth: -3.3% vs prior quarter YoY: -16.9% (accel: +13.6%)",
      "severity": "MEDIUM"
    },
    {
      "quarter": "2024-09 (Q3)",
      "signal": "INCREMENTAL MARGIN (YoY)",
      "detail": "YoY Incr OPM: +117.7% vs year-ago OPM: +17.5%",
      "severity": "HIGH"
    },
    {
      "quarter": "2024-06 (Q2)",
      "signal": "YoY REVENUE GROWTH DECELERATION",
      "detail": "YoY growth: -16.9% vs prior quarter YoY: -6.1% (decel: -10.7%)",
      "severity": "WARNING"
    },
    {
      "quarter": "2024-06 (Q2)",
      "signal": "INCREMENTAL MARGIN (YoY)",
      "detail": "YoY Incr OPM: +21.7% vs year-ago OPM: +9.6%",
      "severity": "MEDIUM"
    },
    {
      "quarter": "2024-03 (Q1)",
      "signal": "FCF MARGIN EXPANSION",
      "detail": "FCF margin: +19.1% -> +31.1% (+12.0%)",
      "severity": "MEDIUM"
    },
    {
      "quarter": "2024-03 (Q1)",
      "signal": "YoY REVENUE GROWTH DECELERATION",
      "detail": "YoY growth: -6.1% vs prior quarter YoY: +90.5% (decel: -96.6%)",
      "severity": "WARNING"
    },
    {
      "quarter": "2023-12 (Q4)",
      "signal": "YoY REVENUE GROWTH ACCELERATION",
      "detail": "YoY growth: +90.5% vs prior quarter YoY: +3.2% (accel: +87.2%)",
      "severity": "HIGH"
    },
    {
      "quarter": "2023-12 (Q4)",
      "signal": "INCREMENTAL MARGIN (YoY)",
      "detail": "YoY Incr OPM: +45.5% vs year-ago OPM: +18.0%",
      "severity": "HIGH"
    },
    {
      "quarter": "2023-09 (Q3)",
      "signal": "FCF MARGIN EXPANSION",
      "detail": "FCF margin: +29.9% -> +41.0% (+11.1%)",
      "severity": "MEDIUM"
    },
    {
      "quarter": "2023-09 (Q3)",
      "signal": "YoY REVENUE GROWTH ACCELERATION",
      "detail": "YoY growth: +3.2% vs prior quarter YoY: -15.2% (accel: +18.4%)",
      "severity": "HIGH"
    },
    {
      "quarter": "2023-06 (Q2)",
      "signal": "GROSS MARGIN INFLECTION",
      "detail": "GM: +26.3% -> +16.7% -> +19.4% (reversal +2.7%)",
      "severity": "MEDIUM"
    },
    {
      "quarter": "2023-06 (Q2)",
      "signal": "INCREMENTAL MARGIN (YoY)",
      "detail": "YoY Incr OPM: +41.0% vs year-ago OPM: +14.4%",
      "severity": "HIGH"
    },
    {
      "quarter": "2023-03 (Q1)",
      "signal": "FCF MARGIN EXPANSION",
      "detail": "FCF margin: +24.2% -> +35.7% (+11.5%)",
      "severity": "MEDIUM"
    },
    {
      "quarter": "2023-03 (Q1)",
      "signal": "YoY REVENUE GROWTH DECELERATION",
      "detail": "YoY growth: -19.3% vs prior quarter YoY: -6.3% (decel: -13.0%)",
      "severity": "WARNING"
    },
    {
      "quarter": "2023-03 (Q1)",
      "signal": "INCREMENTAL MARGIN (YoY)",
      "detail": "YoY Incr OPM: +80.8% vs year-ago OPM: +20.4%",
      "severity": "HIGH"
    },
    {
      "quarter": "2022-12 (Q4)",
      "signal": "YoY REVENUE GROWTH ACCELERATION",
      "detail": "YoY growth: -6.3% vs prior quarter YoY: -46.5% (accel: +40.1%)",
      "severity": "HIGH"
    },
    {
      "quarter": "2022-09 (Q3)",
      "signal": "YoY REVENUE GROWTH DECELERATION",
      "detail": "YoY growth: -46.5% vs prior quarter YoY: -15.5% (decel: -31.0%)",
      "severity": "WARNING"
    },
    {
      "quarter": "2022-09 (Q3)",
      "signal": "INCREMENTAL MARGIN (YoY)",
      "detail": "YoY Incr OPM: +48.6% vs year-ago OPM: +33.8%",
      "severity": "MEDIUM"
    },
    {
      "quarter": "2022-06 (Q2)",
      "signal": "FCF MARGIN EXPANSION",
      "detail": "FCF margin: +22.4% -> +40.1% (+17.8%)",
      "severity": "MEDIUM"
    },
    {
      "quarter": "2022-06 (Q2)",
      "signal": "YoY REVENUE GROWTH DECELERATION",
      "detail": "YoY growth: -15.5% vs prior quarter YoY: +16.0% (decel: -31.5%)",
      "severity": "WARNING"
    },
    {
      "quarter": "2022-06 (Q2)",
      "signal": "INCREMENTAL MARGIN (YoY)",
      "detail": "YoY Incr OPM: +108.6% vs year-ago OPM: +29.0%",
      "severity": "HIGH"
    },
    {
      "quarter": "2022-03 (Q1)",
      "signal": "GROSS MARGIN INFLECTION",
      "detail": "GM: +36.0% -> +17.1% -> +27.5% (reversal +10.4%)",
      "severity": "HIGH"
    },
    {
      "quarter": "2022-03 (Q1)",
      "signal": "YoY REVENUE GROWTH DECELERATION",
      "detail": "YoY growth: +16.0% vs prior quarter YoY: +27.5% (decel: -11.5%)",
      "severity": "WARNING"
    },
    {
      "quarter": "2022-03 (Q1)",
      "signal": "INCREMENTAL MARGIN (YoY)",
      "detail": "YoY Incr OPM: +55.0% vs year-ago OPM: +14.9%",
      "severity": "HIGH"
    },
    {
      "quarter": "2021-09 (Q3)",
      "signal": "OPERATING LEVERAGE",
      "detail": "Rev growth +25.2% vs OpEx growth +16.6% (leverage: 1.5x)",
      "severity": "MEDIUM"
    },
    {
      "quarter": "2021-06 (Q2)",
      "signal": "FCF MARGIN EXPANSION",
      "detail": "FCF margin: +28.1% -> +38.0% (+9.9%)",
      "severity": "MEDIUM"
    },
    {
      "quarter": "2021-06 (Q2)",
      "signal": "OPERATING LEVERAGE",
      "detail": "Rev growth +52.2% vs OpEx growth +27.0% (leverage: 1.9x)",
      "severity": "MEDIUM"
    }
  ],
  "data_quality": {
    "n_quarters": 20,
    "coverage": {
      "revenue": [
        20,
        20
      ],
      "gross_profit": [
        20,
        20
      ],
      "op_income": [
        20,
        20
      ],
      "fcf": [
        20,
        20
      ]
    },
    "gaps": [],
    "warnings": []
  },
  "market_cap": null,
  "source": "SEC EDGAR",
  "last_updated": "2026-02-02T21:15:08.497657"
}