{
  "ticker": "RYTM",
  "name": "RHYTHM PHARMACEUTICALS,\u00a0INC.",
  "quarters": [
    {
      "date": "2021-03-31T00:00:00",
      "quarter_label": "2021-03 (Q1)",
      "revenue": 35000,
      "gross_profit": 31000,
      "operating_income": -34398000,
      "net_income": 43750000,
      "opex": 34433000,
      "cogs": 4000,
      "rd": 19911000,
      "sga": 14518000,
      "fcf": -33543000,
      "ocf": -33531000,
      "capex": -12000,
      "gross_margin": 0.8857142857142857,
      "op_margin": -982.8,
      "fcf_margin": -958.3714285714286
    },
    {
      "date": "2021-06-30T00:00:00",
      "quarter_label": "2021-06 (Q2)",
      "revenue": 274000,
      "gross_profit": 137000,
      "operating_income": -40432000,
      "net_income": -35389000,
      "opex": 40706000,
      "cogs": 137000,
      "rd": 25104000,
      "sga": 15465000,
      "fcf": -32088000,
      "ocf": -31840000,
      "capex": -248000,
      "gross_margin": 0.5,
      "op_margin": -147.56204379562044,
      "fcf_margin": -117.1094890510949,
      "op_leverage_ratio": 37.48257611987884,
      "fcf_margin_change": 841.2619395203337
    },
    {
      "date": "2021-09-30T00:00:00",
      "quarter_label": "2021-09 (Q3)",
      "revenue": 1028000,
      "gross_profit": 806000,
      "operating_income": -44240000,
      "net_income": -35107000,
      "opex": 45268000,
      "cogs": 222000,
      "rd": 27539000,
      "sga": 17507000,
      "fcf": -40266000,
      "ocf": -40160000,
      "capex": -106000,
      "gross_margin": 0.7840466926070039,
      "op_margin": -43.03501945525292,
      "fcf_margin": -39.1692607003891,
      "op_leverage_ratio": 24.55409491931123,
      "fcf_margin_change": 77.9402283507058
    },
    {
      "date": "2021-12-31T00:00:00",
      "quarter_label": "2021-12 (Q4)",
      "revenue": 1817000,
      "gross_profit": 1581000,
      "operating_income": -50989000,
      "net_income": -42866000,
      "opex": 52806000,
      "cogs": 236000,
      "rd": 31574000,
      "sga": 20996000,
      "fcf": -40540000,
      "ocf": -40472000,
      "capex": -68000,
      "gross_margin": 0.8701155751238305,
      "op_margin": -28.062190423775455,
      "fcf_margin": -22.311502476609796,
      "op_leverage_ratio": 4.6091311157063615,
      "fcf_margin_change": 16.857758223779307
    },
    {
      "date": "2022-03-31T00:00:00",
      "quarter_label": "2022-03 (Q1)",
      "revenue": 1498000,
      "gross_profit": 1268000,
      "operating_income": -52691000,
      "net_income": -52764000,
      "opex": 54189000,
      "cogs": 230000,
      "rd": 32510000,
      "sga": 21449000,
      "fcf": -53759000,
      "ocf": -53632000,
      "capex": -127000,
      "gross_margin": 0.8464619492656876,
      "op_margin": -35.17423230974633,
      "fcf_margin": -35.887182910547395,
      "incr_op_margin_yoy": -12.503759398496241,
      "rev_growth_yoy": 41.8,
      "fcf_margin_change": -13.575680433937599
    },
    {
      "date": "2022-06-30T00:00:00",
      "quarter_label": "2022-06 (Q2)",
      "revenue": 9066000,
      "gross_profit": 8688000,
      "operating_income": -45096000,
      "net_income": -45001000,
      "opex": 54162000,
      "cogs": 378000,
      "rd": 31456000,
      "sga": 22328000,
      "fcf": -38869000,
      "ocf": -38809000,
      "capex": -60000,
      "gross_margin": 0.9583057577763071,
      "op_margin": -4.974189278623428,
      "fcf_margin": -4.287337304213545,
      "incr_op_margin_yoy": -0.5304822565969063,
      "rev_growth_yoy": 32.08759124087591,
      "rev_growth_yoy_accel": -9.712408759124088,
      "op_leverage_ratio": Infinity,
      "fcf_margin_change": 31.59984560633385
    },
    {
      "date": "2022-09-30T00:00:00",
      "quarter_label": "2022-09 (Q3)",
      "revenue": 4284000,
      "gross_profit": 3787000,
      "operating_income": -39267000,
      "net_income": -40861000,
      "opex": 43551000,
      "cogs": 497000,
      "rd": 21116000,
      "sga": 21938000,
      "fcf": -47082000,
      "ocf": -46987000,
      "capex": -95000,
      "gross_margin": 0.8839869281045751,
      "op_margin": -9.165966386554622,
      "fcf_margin": -10.990196078431373,
      "incr_op_margin_yoy": 1.5273341523341524,
      "rev_growth_yoy": 3.167315175097276,
      "rev_growth_yoy_accel": -28.920276065778634,
      "fcf_margin_change": -6.702858774217828
    },
    {
      "date": "2022-12-31T00:00:00",
      "quarter_label": "2022-12 (Q4)",
      "revenue": 8790000,
      "gross_profit": 7762000,
      "operating_income": -42103000,
      "net_income": -42493000,
      "opex": 50893000,
      "cogs": 1028000,
      "rd": 23548000,
      "sga": 26317000,
      "fcf": -33999000,
      "ocf": -34000000,
      "capex": 1000,
      "gross_margin": 0.8830489192263936,
      "op_margin": -4.789874857792946,
      "fcf_margin": -3.8679180887372016,
      "incr_op_margin_yoy": 1.2743438978918686,
      "rev_growth_yoy": 3.837644468904788,
      "rev_growth_yoy_accel": 0.6703292938075118,
      "op_leverage_ratio": 6.239150713404403,
      "fcf_margin_change": 7.122277989694171
    },
    {
      "date": "2023-03-31T00:00:00",
      "quarter_label": "2023-03 (Q1)",
      "revenue": 11469000,
      "gross_profit": 10048000,
      "operating_income": -52531000,
      "net_income": -52179000,
      "opex": 64000000,
      "cogs": 1421000,
      "rd": 37945000,
      "sga": 24634000,
      "fcf": -36480000,
      "ocf": -36433000,
      "capex": -47000,
      "gross_margin": 0.8761007934431947,
      "op_margin": -4.580259830848374,
      "fcf_margin": -3.180748103583573,
      "incr_op_margin_yoy": 0.01604653495135894,
      "rev_growth_yoy": 6.6562082777036045,
      "rev_growth_yoy_accel": 2.8185638087988165,
      "op_leverage_ratio": 1.1834191458020373,
      "fcf_margin_change": 0.6871699851536284
    },
    {
      "date": "2023-06-30T00:00:00",
      "quarter_label": "2023-06 (Q2)",
      "revenue": 19221000,
      "gross_profit": 16985000,
      "operating_income": -46604000,
      "net_income": -46703000,
      "opex": 65825000,
      "cogs": 2236000,
      "rd": 33543000,
      "sga": 30046000,
      "fcf": -41090000,
      "ocf": -41090000,
      "capex": null,
      "gross_margin": 0.883668903803132,
      "op_margin": -2.4246397169762237,
      "fcf_margin": -2.137765985120441,
      "incr_op_margin_yoy": -0.14849827671097982,
      "rev_growth_yoy": 1.1201191264063535,
      "rev_growth_yoy_accel": -5.536089151297251,
      "op_leverage_ratio": 23.703109155472106,
      "fcf_margin_change": 1.042982118463132
    },
    {
      "date": "2023-09-30T00:00:00",
      "quarter_label": "2023-09 (Q3)",
      "revenue": 22504000,
      "gross_profit": 20092000,
      "operating_income": -43953000,
      "net_income": -44163000,
      "opex": 66457000,
      "cogs": 2412000,
      "rd": 33570000,
      "sga": 30475000,
      "fcf": -29252000,
      "ocf": -29251000,
      "capex": -1000,
      "gross_margin": 0.8928190543903306,
      "op_margin": -1.9531194454319232,
      "fcf_margin": -1.2998578030572343,
      "incr_op_margin_yoy": -0.2571899012074643,
      "rev_growth_yoy": 4.253034547152194,
      "rev_growth_yoy_accel": 3.1329154207458405,
      "op_leverage_ratio": 17.78970283359643,
      "fcf_margin_change": 0.8379081820632068
    },
    {
      "date": "2023-12-31T00:00:00",
      "quarter_label": "2023-12 (Q4)",
      "revenue": 24234000,
      "gross_profit": 21001000,
      "operating_income": -41265000,
      "net_income": -41633000,
      "opex": 65499000,
      "cogs": 3233000,
      "rd": 29892000,
      "sga": 32374000,
      "fcf": -29382000,
      "ocf": -29383000,
      "capex": 1000,
      "gross_margin": 0.8665923908558224,
      "op_margin": -1.7027729636048528,
      "fcf_margin": -1.2124288190146075,
      "incr_op_margin_yoy": 0.05426055426055426,
      "rev_growth_yoy": 1.7569965870307167,
      "rev_growth_yoy_accel": -2.4960379601214777,
      "op_leverage_ratio": Infinity,
      "fcf_margin_change": 0.08742898404262678
    },
    {
      "date": "2024-03-31T00:00:00",
      "quarter_label": "2024-03 (Q1)",
      "revenue": 25967000,
      "gross_profit": 23160000,
      "operating_income": -139887000,
      "net_income": -141372000,
      "opex": 165854000,
      "cogs": 2807000,
      "rd": 128665000,
      "sga": 34382000,
      "fcf": -40743000,
      "ocf": -40743000,
      "capex": null,
      "gross_margin": 0.8919012592906381,
      "op_margin": -5.387106712365695,
      "fcf_margin": -1.5690299225940616,
      "incr_op_margin_yoy": -6.025382811422265,
      "rev_growth_yoy": 1.2641032348068706,
      "rev_growth_yoy_accel": -0.4928933522238461,
      "op_leverage_ratio": 0.046673365013474265,
      "fcf_margin_change": -0.35660110357945407
    },
    {
      "date": "2024-06-30T00:00:00",
      "quarter_label": "2024-06 (Q2)",
      "revenue": 29078000,
      "gross_profit": 26131000,
      "operating_income": -40478000,
      "net_income": -32261000,
      "opex": 69556000,
      "cogs": 2947000,
      "rd": 30194000,
      "sga": 36415000,
      "fcf": -29076000,
      "ocf": -29076000,
      "capex": null,
      "gross_margin": 0.8986519017814155,
      "op_margin": -1.3920489717312057,
      "fcf_margin": -0.9999312194786436,
      "incr_op_margin_yoy": 0.6214872679314193,
      "rev_growth_yoy": 0.5128245148535456,
      "rev_growth_yoy_accel": -0.751278719953325,
      "op_leverage_ratio": Infinity,
      "fcf_margin_change": 0.569098703115418
    },
    {
      "date": "2024-09-30T00:00:00",
      "quarter_label": "2024-09 (Q3)",
      "revenue": 33251000,
      "gross_profit": 29423000,
      "operating_income": -43885000,
      "net_income": -43641000,
      "opex": 77136000,
      "cogs": 3828000,
      "rd": 37931000,
      "sga": 35377000,
      "fcf": -25215000,
      "ocf": -25215000,
      "capex": null,
      "gross_margin": 0.8848756428378094,
      "op_margin": -1.3198099305284052,
      "fcf_margin": -0.7583230579531443,
      "incr_op_margin_yoy": 0.006327347166651159,
      "rev_growth_yoy": 0.47755954496978315,
      "rev_growth_yoy_accel": -0.03526496988376249,
      "op_leverage_ratio": 1.3168892294240528,
      "fcf_margin_change": 0.24160816152549935
    },
    {
      "date": "2024-12-31T00:00:00",
      "quarter_label": "2024-12 (Q4)",
      "revenue": 41830000,
      "gross_profit": 38043000,
      "operating_income": -41255000,
      "net_income": -43292000,
      "opex": 83085000,
      "cogs": 3787000,
      "rd": 41168000,
      "sga": 38130000,
      "fcf": -18845000,
      "ocf": -18845000,
      "capex": null,
      "gross_margin": 0.9094668897920153,
      "op_margin": -0.986253884771695,
      "fcf_margin": -0.4505139851781018,
      "incr_op_margin_yoy": 0.0005683109797681291,
      "rev_growth_yoy": 0.7260873153420814,
      "rev_growth_yoy_accel": 0.24852777037229823,
      "op_leverage_ratio": 3.345377272483306,
      "fcf_margin_change": 0.30780907277504244
    },
    {
      "date": "2025-03-31T00:00:00",
      "quarter_label": "2025-03 (Q1)",
      "revenue": 32704000,
      "gross_profit": 29056000,
      "operating_income": -47004000,
      "net_income": -49498000,
      "opex": 79708000,
      "cogs": 3648000,
      "rd": 36973000,
      "sga": 39087000,
      "fcf": -40351000,
      "ocf": -40351000,
      "capex": null,
      "gross_margin": 0.8884540117416829,
      "op_margin": -1.4372553816046967,
      "fcf_margin": -1.2338246086105675,
      "incr_op_margin_yoy": 13.7869971797536,
      "rev_growth_yoy": 0.2594446797858821,
      "rev_growth_yoy_accel": -0.4666426355561993,
      "fcf_margin_change": -0.7833106234324657
    },
    {
      "date": "2025-06-30T00:00:00",
      "quarter_label": "2025-06 (Q2)",
      "revenue": 48502000,
      "gross_profit": 42959000,
      "operating_income": -45296000,
      "net_income": -46632000,
      "opex": 93798000,
      "cogs": 5543000,
      "rd": 42308000,
      "sga": 45947000,
      "fcf": -23313000,
      "ocf": -23313000,
      "capex": null,
      "gross_margin": 0.8857160529462702,
      "op_margin": -0.9338996330048246,
      "fcf_margin": -0.480660591315822,
      "incr_op_margin_yoy": -0.24804365733113673,
      "rev_growth_yoy": 0.6679964234128895,
      "rev_growth_yoy_accel": 0.40855174362700736,
      "op_leverage_ratio": 2.73270124333506,
      "fcf_margin_change": 0.7531640172947456
    },
    {
      "date": "2025-09-30T00:00:00",
      "quarter_label": "2025-09 (Q3)",
      "revenue": 51298000,
      "gross_profit": 45799000,
      "operating_income": -52653000,
      "net_income": -52904000,
      "opex": 103951000,
      "cogs": 5499000,
      "rd": 46027000,
      "sga": 52425000,
      "fcf": -26622000,
      "ocf": -26622000,
      "capex": null,
      "gross_margin": 0.8928028383172834,
      "op_margin": -1.0264142851573161,
      "fcf_margin": -0.5189676010760653,
      "incr_op_margin_yoy": -0.48584252230287583,
      "rev_growth_yoy": 0.5427505939670987,
      "rev_growth_yoy_accel": -0.12524582944579077,
      "op_leverage_ratio": 0.5325700161411888,
      "fcf_margin_change": -0.038307009760243316
    }
  ],
  "signals": [
    {
      "quarter": "2025-09 (Q3)",
      "signal": "YoY REVENUE GROWTH DECELERATION",
      "detail": "YoY growth: +54.3% vs prior quarter YoY: +66.8% (decel: -12.5%)",
      "severity": "WARNING"
    },
    {
      "quarter": "2025-06 (Q2)",
      "signal": "FCF MARGIN EXPANSION",
      "detail": "FCF margin: -123.4% -> -48.1% (+75.3%)",
      "severity": "MEDIUM"
    },
    {
      "quarter": "2025-06 (Q2)",
      "signal": "OPERATING LEVERAGE",
      "detail": "Rev growth +48.3% vs OpEx growth +17.7% (leverage: 2.7x)",
      "severity": "MEDIUM"
    },
    {
      "quarter": "2025-06 (Q2)",
      "signal": "YoY REVENUE GROWTH ACCELERATION",
      "detail": "YoY growth: +66.8% vs prior quarter YoY: +25.9% (accel: +40.9%)",
      "severity": "HIGH"
    },
    {
      "quarter": "2025-03 (Q1)",
      "signal": "YoY REVENUE GROWTH DECELERATION",
      "detail": "YoY growth: +25.9% vs prior quarter YoY: +72.6% (decel: -46.7%)",
      "severity": "WARNING"
    },
    {
      "quarter": "2024-12 (Q4)",
      "signal": "FCF MARGIN EXPANSION",
      "detail": "FCF margin: -75.8% -> -45.1% (+30.8%)",
      "severity": "MEDIUM"
    },
    {
      "quarter": "2024-12 (Q4)",
      "signal": "OPERATING LEVERAGE",
      "detail": "Rev growth +25.8% vs OpEx growth +7.7% (leverage: 3.3x)",
      "severity": "MEDIUM"
    },
    {
      "quarter": "2024-12 (Q4)",
      "signal": "GROSS MARGIN INFLECTION",
      "detail": "GM: +89.9% -> +88.5% -> +90.9% (reversal +2.5%)",
      "severity": "MEDIUM"
    },
    {
      "quarter": "2024-12 (Q4)",
      "signal": "YoY REVENUE GROWTH ACCELERATION",
      "detail": "YoY growth: +72.6% vs prior quarter YoY: +47.8% (accel: +24.9%)",
      "severity": "HIGH"
    },
    {
      "quarter": "2024-09 (Q3)",
      "signal": "FCF MARGIN EXPANSION",
      "detail": "FCF margin: -100.0% -> -75.8% (+24.2%)",
      "severity": "MEDIUM"
    },
    {
      "quarter": "2024-06 (Q2)",
      "signal": "FCF MARGIN EXPANSION",
      "detail": "FCF margin: -156.9% -> -100.0% (+56.9%)",
      "severity": "MEDIUM"
    },
    {
      "quarter": "2024-06 (Q2)",
      "signal": "YoY REVENUE GROWTH DECELERATION",
      "detail": "YoY growth: +51.3% vs prior quarter YoY: +126.4% (decel: -75.1%)",
      "severity": "WARNING"
    },
    {
      "quarter": "2024-03 (Q1)",
      "signal": "GROSS MARGIN INFLECTION",
      "detail": "GM: +89.3% -> +86.7% -> +89.2% (reversal +2.5%)",
      "severity": "MEDIUM"
    },
    {
      "quarter": "2024-03 (Q1)",
      "signal": "YoY REVENUE GROWTH DECELERATION",
      "detail": "YoY growth: +126.4% vs prior quarter YoY: +175.7% (decel: -49.3%)",
      "severity": "WARNING"
    },
    {
      "quarter": "2023-12 (Q4)",
      "signal": "FCF MARGIN EXPANSION",
      "detail": "FCF margin: -130.0% -> -121.2% (+8.7%)",
      "severity": "MEDIUM"
    },
    {
      "quarter": "2023-12 (Q4)",
      "signal": "YoY REVENUE GROWTH DECELERATION",
      "detail": "YoY growth: +175.7% vs prior quarter YoY: +425.3% (decel: -249.6%)",
      "severity": "WARNING"
    },
    {
      "quarter": "2023-09 (Q3)",
      "signal": "FCF MARGIN EXPANSION",
      "detail": "FCF margin: -213.8% -> -130.0% (+83.8%)",
      "severity": "MEDIUM"
    },
    {
      "quarter": "2023-09 (Q3)",
      "signal": "OPERATING LEVERAGE",
      "detail": "Rev growth +17.1% vs OpEx growth +1.0% (leverage: 17.8x)",
      "severity": "MEDIUM"
    },
    {
      "quarter": "2023-09 (Q3)",
      "signal": "YoY REVENUE GROWTH ACCELERATION",
      "detail": "YoY growth: +425.3% vs prior quarter YoY: +112.0% (accel: +313.3%)",
      "severity": "HIGH"
    },
    {
      "quarter": "2023-06 (Q2)",
      "signal": "FCF MARGIN EXPANSION",
      "detail": "FCF margin: -318.1% -> -213.8% (+104.3%)",
      "severity": "MEDIUM"
    },
    {
      "quarter": "2023-06 (Q2)",
      "signal": "OPERATING LEVERAGE",
      "detail": "Rev growth +67.6% vs OpEx growth +2.9% (leverage: 23.7x)",
      "severity": "MEDIUM"
    },
    {
      "quarter": "2023-06 (Q2)",
      "signal": "YoY REVENUE GROWTH DECELERATION",
      "detail": "YoY growth: +112.0% vs prior quarter YoY: +665.6% (decel: -553.6%)",
      "severity": "WARNING"
    },
    {
      "quarter": "2023-03 (Q1)",
      "signal": "FCF MARGIN EXPANSION",
      "detail": "FCF margin: -386.8% -> -318.1% (+68.7%)",
      "severity": "MEDIUM"
    },
    {
      "quarter": "2023-03 (Q1)",
      "signal": "YoY REVENUE GROWTH ACCELERATION",
      "detail": "YoY growth: +665.6% vs prior quarter YoY: +383.8% (accel: +281.9%)",
      "severity": "HIGH"
    },
    {
      "quarter": "2022-12 (Q4)",
      "signal": "FCF MARGIN EXPANSION",
      "detail": "FCF margin: -1099.0% -> -386.8% (+712.2%)",
      "severity": "MEDIUM"
    },
    {
      "quarter": "2022-12 (Q4)",
      "signal": "OPERATING LEVERAGE",
      "detail": "Rev growth +105.2% vs OpEx growth +16.9% (leverage: 6.2x)",
      "severity": "MEDIUM"
    },
    {
      "quarter": "2022-12 (Q4)",
      "signal": "YoY REVENUE GROWTH ACCELERATION",
      "detail": "YoY growth: +383.8% vs prior quarter YoY: +316.7% (accel: +67.0%)",
      "severity": "HIGH"
    },
    {
      "quarter": "2022-09 (Q3)",
      "signal": "YoY REVENUE GROWTH DECELERATION",
      "detail": "YoY growth: +316.7% vs prior quarter YoY: +3208.8% (decel: -2892.0%)",
      "severity": "WARNING"
    },
    {
      "quarter": "2022-06 (Q2)",
      "signal": "FCF MARGIN EXPANSION",
      "detail": "FCF margin: -3588.7% -> -428.7% (+3160.0%)",
      "severity": "MEDIUM"
    },
    {
      "quarter": "2022-06 (Q2)",
      "signal": "GROSS MARGIN INFLECTION",
      "detail": "GM: +87.0% -> +84.6% -> +95.8% (reversal +11.2%)",
      "severity": "HIGH"
    },
    {
      "quarter": "2022-06 (Q2)",
      "signal": "YoY REVENUE GROWTH DECELERATION",
      "detail": "YoY growth: +3208.8% vs prior quarter YoY: +4180.0% (decel: -971.2%)",
      "severity": "WARNING"
    },
    {
      "quarter": "2021-12 (Q4)",
      "signal": "FCF MARGIN EXPANSION",
      "detail": "FCF margin: -3916.9% -> -2231.2% (+1685.8%)",
      "severity": "MEDIUM"
    },
    {
      "quarter": "2021-12 (Q4)",
      "signal": "OPERATING LEVERAGE",
      "detail": "Rev growth +76.8% vs OpEx growth +16.7% (leverage: 4.6x)",
      "severity": "MEDIUM"
    },
    {
      "quarter": "2021-09 (Q3)",
      "signal": "FCF MARGIN EXPANSION",
      "detail": "FCF margin: -11710.9% -> -3916.9% (+7794.0%)",
      "severity": "MEDIUM"
    },
    {
      "quarter": "2021-09 (Q3)",
      "signal": "OPERATING LEVERAGE",
      "detail": "Rev growth +275.2% vs OpEx growth +11.2% (leverage: 24.6x)",
      "severity": "MEDIUM"
    },
    {
      "quarter": "2021-09 (Q3)",
      "signal": "GROSS MARGIN INFLECTION",
      "detail": "GM: +88.6% -> +50.0% -> +78.4% (reversal +28.4%)",
      "severity": "HIGH"
    },
    {
      "quarter": "2021-06 (Q2)",
      "signal": "FCF MARGIN EXPANSION",
      "detail": "FCF margin: -95837.1% -> -11710.9% (+84126.2%)",
      "severity": "MEDIUM"
    },
    {
      "quarter": "2021-06 (Q2)",
      "signal": "OPERATING LEVERAGE",
      "detail": "Rev growth +682.9% vs OpEx growth +18.2% (leverage: 37.5x)",
      "severity": "MEDIUM"
    }
  ],
  "data_quality": {
    "n_quarters": 19,
    "coverage": {
      "revenue": [
        19,
        19
      ],
      "gross_profit": [
        19,
        19
      ],
      "op_income": [
        19,
        19
      ],
      "fcf": [
        19,
        19
      ]
    },
    "gaps": [],
    "warnings": []
  },
  "market_cap": null,
  "source": "SEC EDGAR",
  "last_updated": "2026-02-02T20:50:53.684003"
}