{
  "ticker": "S",
  "name": "SENTINELONE, INC.",
  "quarters": [
    {
      "date": "2021-01-31T00:00:00",
      "quarter_label": "2021-01 (Q1)",
      "revenue": 29868000,
      "gross_profit": 16033000,
      "operating_income": -37043000,
      "net_income": -37841000,
      "opex": 53076000,
      "cogs": 13835000,
      "rd": 20178000,
      "sga": null,
      "fcf": -24943000,
      "ocf": -23294000,
      "capex": -1649000,
      "gross_margin": 0.5367952323556984,
      "op_margin": -1.240223650729878,
      "fcf_margin": -0.8351078076871569
    },
    {
      "date": "2021-04-30T00:00:00",
      "quarter_label": "2021-04 (Q2)",
      "revenue": 37395000,
      "gross_profit": 19112000,
      "operating_income": -61612000,
      "net_income": -62634000,
      "opex": 80724000,
      "cogs": 18283000,
      "rd": 27820000,
      "sga": null,
      "fcf": -31578000,
      "ocf": -30798000,
      "capex": -780000,
      "gross_margin": 0.5110843695681241,
      "op_margin": -1.647599946516914,
      "fcf_margin": -0.8444444444444444,
      "op_leverage_ratio": 0.48378259306225163,
      "fcf_margin_change": -0.009336636757287575
    },
    {
      "date": "2021-07-31T00:00:00",
      "quarter_label": "2021-07 (Q3)",
      "revenue": 45750000,
      "gross_profit": 26962000,
      "operating_income": -67155000,
      "net_income": -68163000,
      "opex": 94117000,
      "cogs": 18788000,
      "rd": 31037000,
      "sga": null,
      "fcf": -42898000,
      "ocf": -41993000,
      "capex": -905000,
      "gross_margin": 0.5893333333333334,
      "op_margin": -1.4678688524590164,
      "fcf_margin": -0.9376612021857923,
      "op_leverage_ratio": 1.3466592593810567,
      "fcf_margin_change": -0.09321675774134786
    },
    {
      "date": "2021-10-31T00:00:00",
      "quarter_label": "2021-10 (Q4)",
      "revenue": 56018000,
      "gross_profit": 35661000,
      "operating_income": -67374000,
      "net_income": -68595000,
      "opex": 103035000,
      "cogs": 20357000,
      "rd": 34773000,
      "sga": null,
      "fcf": -18795000,
      "ocf": -17212000,
      "capex": -1583000,
      "gross_margin": 0.6365989503373916,
      "op_margin": -1.2027205541076083,
      "fcf_margin": -0.33551715520011427,
      "op_leverage_ratio": 2.368619874827971,
      "fcf_margin_change": 0.602144046985678
    },
    {
      "date": "2022-01-31T00:00:00",
      "quarter_label": "2022-01 (Q1)",
      "revenue": 65636000,
      "gross_profit": 41387000,
      "operating_income": -71091000,
      "net_income": -71709000,
      "opex": 112478000,
      "cogs": 24249000,
      "rd": 42644000,
      "sga": null,
      "fcf": -5970000,
      "ocf": -5585000,
      "capex": -385000,
      "gross_margin": 0.630553354866232,
      "op_margin": -1.08310987872509,
      "fcf_margin": -0.09095618258272899,
      "incr_op_margin_yoy": -0.9519123238649072,
      "rev_growth_yoy": 1.1975358242935583,
      "op_leverage_ratio": 1.873406226173039,
      "fcf_margin_change": 0.2445609726173853
    },
    {
      "date": "2022-04-30T00:00:00",
      "quarter_label": "2022-04 (Q2)",
      "revenue": 78255000,
      "gross_profit": 51116000,
      "operating_income": -90296000,
      "net_income": -89834000,
      "opex": 141412000,
      "cogs": 27139000,
      "rd": 45881000,
      "sga": null,
      "fcf": -52159000,
      "ocf": -49351000,
      "capex": -2808000,
      "gross_margin": 0.6531978787297936,
      "op_margin": -1.1538687623794006,
      "fcf_margin": -0.6665261005686538,
      "incr_op_margin_yoy": -0.7020068526676456,
      "rev_growth_yoy": 1.09265944645006,
      "rev_growth_yoy_accel": -0.10487637784349824,
      "op_leverage_ratio": 0.7473808095904089,
      "fcf_margin_change": -0.5755699179859248
    },
    {
      "date": "2022-07-31T00:00:00",
      "quarter_label": "2022-07 (Q3)",
      "revenue": 102505000,
      "gross_profit": 66244000,
      "operating_income": -108192000,
      "net_income": -96306000,
      "opex": 174436000,
      "cogs": 36261000,
      "rd": 54989000,
      "sga": null,
      "fcf": -63419000,
      "ocf": -62126000,
      "capex": -1293000,
      "gross_margin": 0.6462514023706161,
      "op_margin": -1.05548022047705,
      "fcf_margin": -0.6186917711331155,
      "incr_op_margin_yoy": -0.7230552374240155,
      "rev_growth_yoy": 1.2405464480874318,
      "rev_growth_yoy_accel": 0.14788700163737167,
      "op_leverage_ratio": 1.3269551249666292,
      "fcf_margin_change": 0.047834329435538336
    },
    {
      "date": "2022-10-31T00:00:00",
      "quarter_label": "2022-10 (Q4)",
      "revenue": 115323000,
      "gross_profit": 74317000,
      "operating_income": -104058000,
      "net_income": -98858000,
      "opex": 178375000,
      "cogs": 41006000,
      "rd": 52234000,
      "sga": null,
      "fcf": -60467000,
      "ocf": -59741000,
      "capex": -726000,
      "gross_margin": 0.644424789504262,
      "op_margin": -0.9023178377253454,
      "fcf_margin": -0.5243273241244157,
      "incr_op_margin_yoy": -0.618565045105809,
      "rev_growth_yoy": 1.0586775679245957,
      "rev_growth_yoy_accel": -0.1818688801628361,
      "op_leverage_ratio": 5.537648119233658,
      "fcf_margin_change": 0.09436444700869973
    },
    {
      "date": "2023-01-31T00:00:00",
      "quarter_label": "2023-01 (Q1)",
      "revenue": 126096000,
      "gross_profit": 86325000,
      "operating_income": -100030000,
      "net_income": -93680000,
      "opex": 186355000,
      "cogs": 39771000,
      "rd": 53904000,
      "sga": null,
      "fcf": -22195000,
      "ocf": -22069000,
      "capex": -126000,
      "gross_margin": 0.6845974495622383,
      "op_margin": -0.7932844816647634,
      "fcf_margin": -0.1760166856997843,
      "incr_op_margin_yoy": -0.47864703936486935,
      "rev_growth_yoy": 0.9211408373453592,
      "rev_growth_yoy_accel": -0.13753673057923643,
      "op_leverage_ratio": 2.08810254675997,
      "fcf_margin_change": 0.34831063842463145
    },
    {
      "date": "2023-04-30T00:00:00",
      "quarter_label": "2023-04 (Q2)",
      "revenue": 133393000,
      "gross_profit": 90810000,
      "operating_income": -115377000,
      "net_income": -106869000,
      "opex": 206187000,
      "cogs": 42583000,
      "rd": 55263000,
      "sga": null,
      "fcf": -28521000,
      "ocf": -28059000,
      "capex": -462000,
      "gross_margin": 0.6807703552660185,
      "op_margin": -0.8649404391534788,
      "fcf_margin": -0.21381181921090311,
      "incr_op_margin_yoy": -0.45487685443795567,
      "rev_growth_yoy": 0.7045939556577855,
      "rev_growth_yoy_accel": -0.21654688168757374,
      "op_leverage_ratio": 0.5437729150949694,
      "fcf_margin_change": -0.03779513351111882
    },
    {
      "date": "2023-07-31T00:00:00",
      "quarter_label": "2023-07 (Q3)",
      "revenue": 149421000,
      "gross_profit": 104754000,
      "operating_income": -100357000,
      "net_income": -89538000,
      "opex": 205111000,
      "cogs": 44667000,
      "rd": 54161000,
      "sga": null,
      "fcf": -11935000,
      "ocf": -11903000,
      "capex": -32000,
      "gross_margin": 0.7010661152046901,
      "op_margin": -0.6716391939553342,
      "fcf_margin": -0.07987498410531317,
      "incr_op_margin_yoy": 0.16700059681132237,
      "rev_growth_yoy": 0.45769474659772696,
      "rev_growth_yoy_accel": -0.24689920906005852,
      "op_leverage_ratio": Infinity,
      "fcf_margin_change": 0.13393683510558996
    },
    {
      "date": "2023-10-31T00:00:00",
      "quarter_label": "2023-10 (Q4)",
      "revenue": 164165000,
      "gross_profit": 120400000,
      "operating_income": -81468000,
      "net_income": -70304000,
      "opex": 201868000,
      "cogs": 43765000,
      "rd": 52306000,
      "sga": null,
      "fcf": -22853000,
      "ocf": -22230000,
      "capex": -623000,
      "gross_margin": 0.7334084609996041,
      "op_margin": -0.4962568147899979,
      "fcf_margin": -0.1392075046447172,
      "incr_op_margin_yoy": 0.46251177265468246,
      "rev_growth_yoy": 0.42352349487959906,
      "rev_growth_yoy_accel": -0.034171251718127904,
      "op_leverage_ratio": Infinity,
      "fcf_margin_change": -0.059332520539404035
    },
    {
      "date": "2024-01-31T00:00:00",
      "quarter_label": "2024-01 (Q1)",
      "revenue": 174175000,
      "gross_profit": 125909000,
      "operating_income": -81214000,
      "net_income": -71982000,
      "opex": 207123000,
      "cogs": 48266000,
      "rd": 56446000,
      "sga": null,
      "fcf": -6369000,
      "ocf": -6182000,
      "capex": -187000,
      "gross_margin": 0.7228879001004737,
      "op_margin": -0.4662781685086838,
      "fcf_margin": -0.03656667145112674,
      "incr_op_margin_yoy": 0.391355893425404,
      "rev_growth_yoy": 0.38128885928181705,
      "rev_growth_yoy_accel": -0.04223463559778201,
      "op_leverage_ratio": 2.342331001075912,
      "fcf_margin_change": 0.10264083319359046
    },
    {
      "date": "2024-04-30T00:00:00",
      "quarter_label": "2024-04 (Q2)",
      "revenue": 186355000,
      "gross_profit": 136218000,
      "operating_income": -80600000,
      "net_income": -70105000,
      "opex": 216818000,
      "cogs": 50137000,
      "rd": 58321000,
      "sga": null,
      "fcf": 41117000,
      "ocf": 42003000,
      "capex": -886000,
      "gross_margin": 0.7309597274020015,
      "op_margin": -0.4325078479246599,
      "fcf_margin": 0.22063802956722384,
      "incr_op_margin_yoy": 0.6566406102488577,
      "rev_growth_yoy": 0.397037325796706,
      "rev_growth_yoy_accel": 0.015748466514888926,
      "op_leverage_ratio": 1.4939703677833458,
      "fcf_margin_change": 0.2572047010183506
    },
    {
      "date": "2024-07-31T00:00:00",
      "quarter_label": "2024-07 (Q3)",
      "revenue": 198937000,
      "gross_profit": 148238000,
      "operating_income": -79381000,
      "net_income": -69184000,
      "opex": 227619000,
      "cogs": 50699000,
      "rd": 63602000,
      "sga": null,
      "fcf": 1747000,
      "ocf": 2300000,
      "capex": -553000,
      "gross_margin": 0.7451504747734208,
      "op_margin": -0.3990258222452334,
      "fcf_margin": 0.008781674600501667,
      "incr_op_margin_yoy": 0.4236206478713951,
      "rev_growth_yoy": 0.33138581591610283,
      "rev_growth_yoy_accel": -0.06565150988060314,
      "op_leverage_ratio": 1.3553142331969312,
      "fcf_margin_change": -0.21185635496672217
    },
    {
      "date": "2024-10-31T00:00:00",
      "quarter_label": "2024-10 (Q4)",
      "revenue": 210648000,
      "gross_profit": 157388000,
      "operating_income": -89120000,
      "net_income": -78364000,
      "opex": 246508000,
      "cogs": 53260000,
      "rd": 70453000,
      "sga": null,
      "fcf": -7401000,
      "ocf": -7174000,
      "capex": -227000,
      "gross_margin": 0.7471611408605826,
      "op_margin": -0.4230754623827428,
      "fcf_margin": -0.03513444229235502,
      "incr_op_margin_yoy": -0.16461932319342557,
      "rev_growth_yoy": 0.28314805226448997,
      "rev_growth_yoy_accel": -0.048237763651612864,
      "op_leverage_ratio": 0.7093784008886367,
      "fcf_margin_change": -0.04391611689285668
    },
    {
      "date": "2025-01-31T00:00:00",
      "quarter_label": "2025-01 (Q1)",
      "revenue": 225521000,
      "gross_profit": 168511000,
      "operating_income": -80258000,
      "net_income": -70788000,
      "opex": 248769000,
      "cogs": 57010000,
      "rd": 74626000,
      "sga": null,
      "fcf": -3595000,
      "ocf": -3401000,
      "capex": -194000,
      "gross_margin": 0.747207577121421,
      "op_margin": -0.3558781665565513,
      "fcf_margin": -0.015940865817373993,
      "incr_op_margin_yoy": 0.018618782378374166,
      "rev_growth_yoy": 0.29479546433185017,
      "rev_growth_yoy_accel": 0.011647412067360197,
      "op_leverage_ratio": 7.697889871754967,
      "fcf_margin_change": 0.019193576474981024
    },
    {
      "date": "2025-04-30T00:00:00",
      "quarter_label": "2025-04 (Q2)",
      "revenue": 229029000,
      "gross_profit": 172497000,
      "operating_income": -87483000,
      "net_income": -208193000,
      "opex": 259980000,
      "cogs": 56532000,
      "rd": 72253000,
      "sga": null,
      "fcf": 52128000,
      "ocf": 52274000,
      "capex": -146000,
      "gross_margin": 0.7531666295534627,
      "op_margin": -0.38197346187600695,
      "fcf_margin": 0.22760436451279095,
      "incr_op_margin_yoy": -0.161292590336036,
      "rev_growth_yoy": 0.22899305089748062,
      "rev_growth_yoy_accel": -0.06580241343436954,
      "op_leverage_ratio": 0.34516321370282105,
      "fcf_margin_change": 0.24354523033016495
    },
    {
      "date": "2025-07-31T00:00:00",
      "quarter_label": "2025-07 (Q3)",
      "revenue": 242183000,
      "gross_profit": 181709000,
      "operating_income": -80618000,
      "net_income": -72019000,
      "opex": 262327000,
      "cogs": 60474000,
      "rd": 79091000,
      "sga": null,
      "fcf": -1307000,
      "ocf": -1043000,
      "capex": -264000,
      "gross_margin": 0.7502962635692844,
      "op_margin": -0.33288050771524014,
      "fcf_margin": -0.0053967454363023,
      "incr_op_margin_yoy": -0.028603801507653886,
      "rev_growth_yoy": 0.2173854034191729,
      "rev_growth_yoy_accel": -0.011607647478307725,
      "op_leverage_ratio": 6.362007994317531,
      "fcf_margin_change": -0.23300110994909326
    },
    {
      "date": "2025-10-31T00:00:00",
      "quarter_label": "2025-10 (Q4)",
      "revenue": 258913000,
      "gross_profit": 191062000,
      "operating_income": -73311000,
      "net_income": -60291000,
      "opex": 264373000,
      "cogs": 67851000,
      "rd": 83146000,
      "sga": null,
      "fcf": 20905000,
      "ocf": 21014000,
      "capex": -109000,
      "gross_margin": 0.7379389988142735,
      "op_margin": -0.283149165936048,
      "fcf_margin": 0.08074140734532449,
      "incr_op_margin_yoy": 0.3275458406712939,
      "rev_growth_yoy": 0.22912631498993583,
      "rev_growth_yoy_accel": 0.01174091157076293,
      "op_leverage_ratio": 8.8570612823021,
      "fcf_margin_change": 0.08613815278162679
    }
  ],
  "signals": [
    {
      "quarter": "2025-10 (Q4)",
      "signal": "FCF TURNED POSITIVE",
      "detail": "FCF margin: -0.5% -> +8.1%",
      "severity": "HIGH"
    },
    {
      "quarter": "2025-10 (Q4)",
      "signal": "OPERATING LEVERAGE",
      "detail": "Rev growth +6.9% vs OpEx growth +0.8% (leverage: 8.9x)",
      "severity": "MEDIUM"
    },
    {
      "quarter": "2025-07 (Q3)",
      "signal": "OPERATING LEVERAGE",
      "detail": "Rev growth +5.7% vs OpEx growth +0.9% (leverage: 6.4x)",
      "severity": "MEDIUM"
    },
    {
      "quarter": "2025-04 (Q2)",
      "signal": "FCF TURNED POSITIVE",
      "detail": "FCF margin: -1.6% -> +22.8%",
      "severity": "HIGH"
    },
    {
      "quarter": "2025-04 (Q2)",
      "signal": "YoY REVENUE GROWTH DECELERATION",
      "detail": "YoY growth: +22.9% vs prior quarter YoY: +29.5% (decel: -6.6%)",
      "severity": "WARNING"
    },
    {
      "quarter": "2025-01 (Q1)",
      "signal": "OPERATING LEVERAGE",
      "detail": "Rev growth +7.1% vs OpEx growth +0.9% (leverage: 7.7x)",
      "severity": "MEDIUM"
    },
    {
      "quarter": "2024-07 (Q3)",
      "signal": "YoY REVENUE GROWTH DECELERATION",
      "detail": "YoY growth: +33.1% vs prior quarter YoY: +39.7% (decel: -6.6%)",
      "severity": "WARNING"
    },
    {
      "quarter": "2024-04 (Q2)",
      "signal": "FCF TURNED POSITIVE",
      "detail": "FCF margin: -3.7% -> +22.1%",
      "severity": "HIGH"
    },
    {
      "quarter": "2024-01 (Q1)",
      "signal": "FCF MARGIN EXPANSION",
      "detail": "FCF margin: -13.9% -> -3.7% (+10.3%)",
      "severity": "MEDIUM"
    },
    {
      "quarter": "2024-01 (Q1)",
      "signal": "OPERATING LEVERAGE",
      "detail": "Rev growth +6.1% vs OpEx growth +2.6% (leverage: 2.3x)",
      "severity": "MEDIUM"
    },
    {
      "quarter": "2023-07 (Q3)",
      "signal": "FCF MARGIN EXPANSION",
      "detail": "FCF margin: -21.4% -> -8.0% (+13.4%)",
      "severity": "MEDIUM"
    },
    {
      "quarter": "2023-07 (Q3)",
      "signal": "GROSS MARGIN INFLECTION",
      "detail": "GM: +68.5% -> +68.1% -> +70.1% (reversal +2.0%)",
      "severity": "MEDIUM"
    },
    {
      "quarter": "2023-07 (Q3)",
      "signal": "YoY REVENUE GROWTH DECELERATION",
      "detail": "YoY growth: +45.8% vs prior quarter YoY: +70.5% (decel: -24.7%)",
      "severity": "WARNING"
    },
    {
      "quarter": "2023-04 (Q2)",
      "signal": "YoY REVENUE GROWTH DECELERATION",
      "detail": "YoY growth: +70.5% vs prior quarter YoY: +92.1% (decel: -21.7%)",
      "severity": "WARNING"
    },
    {
      "quarter": "2023-01 (Q1)",
      "signal": "FCF MARGIN EXPANSION",
      "detail": "FCF margin: -52.4% -> -17.6% (+34.8%)",
      "severity": "MEDIUM"
    },
    {
      "quarter": "2023-01 (Q1)",
      "signal": "OPERATING LEVERAGE",
      "detail": "Rev growth +9.3% vs OpEx growth +4.5% (leverage: 2.1x)",
      "severity": "MEDIUM"
    },
    {
      "quarter": "2023-01 (Q1)",
      "signal": "GROSS MARGIN INFLECTION",
      "detail": "GM: +64.6% -> +64.4% -> +68.5% (reversal +4.0%)",
      "severity": "MEDIUM"
    },
    {
      "quarter": "2023-01 (Q1)",
      "signal": "YoY REVENUE GROWTH DECELERATION",
      "detail": "YoY growth: +92.1% vs prior quarter YoY: +105.9% (decel: -13.8%)",
      "severity": "WARNING"
    },
    {
      "quarter": "2022-10 (Q4)",
      "signal": "FCF MARGIN EXPANSION",
      "detail": "FCF margin: -61.9% -> -52.4% (+9.4%)",
      "severity": "MEDIUM"
    },
    {
      "quarter": "2022-10 (Q4)",
      "signal": "OPERATING LEVERAGE",
      "detail": "Rev growth +12.5% vs OpEx growth +2.3% (leverage: 5.5x)",
      "severity": "MEDIUM"
    },
    {
      "quarter": "2022-10 (Q4)",
      "signal": "YoY REVENUE GROWTH DECELERATION",
      "detail": "YoY growth: +105.9% vs prior quarter YoY: +124.1% (decel: -18.2%)",
      "severity": "WARNING"
    },
    {
      "quarter": "2022-07 (Q3)",
      "signal": "YoY REVENUE GROWTH ACCELERATION",
      "detail": "YoY growth: +124.1% vs prior quarter YoY: +109.3% (accel: +14.8%)",
      "severity": "MEDIUM"
    },
    {
      "quarter": "2022-04 (Q2)",
      "signal": "GROSS MARGIN INFLECTION",
      "detail": "GM: +63.7% -> +63.1% -> +65.3% (reversal +2.3%)",
      "severity": "MEDIUM"
    },
    {
      "quarter": "2022-04 (Q2)",
      "signal": "YoY REVENUE GROWTH DECELERATION",
      "detail": "YoY growth: +109.3% vs prior quarter YoY: +119.8% (decel: -10.5%)",
      "severity": "WARNING"
    },
    {
      "quarter": "2022-01 (Q1)",
      "signal": "FCF MARGIN EXPANSION",
      "detail": "FCF margin: -33.6% -> -9.1% (+24.5%)",
      "severity": "MEDIUM"
    },
    {
      "quarter": "2022-01 (Q1)",
      "signal": "OPERATING LEVERAGE",
      "detail": "Rev growth +17.2% vs OpEx growth +9.2% (leverage: 1.9x)",
      "severity": "MEDIUM"
    },
    {
      "quarter": "2021-10 (Q4)",
      "signal": "FCF MARGIN EXPANSION",
      "detail": "FCF margin: -93.8% -> -33.6% (+60.2%)",
      "severity": "MEDIUM"
    },
    {
      "quarter": "2021-10 (Q4)",
      "signal": "OPERATING LEVERAGE",
      "detail": "Rev growth +22.4% vs OpEx growth +9.5% (leverage: 2.4x)",
      "severity": "MEDIUM"
    },
    {
      "quarter": "2021-07 (Q3)",
      "signal": "GROSS MARGIN INFLECTION",
      "detail": "GM: +53.7% -> +51.1% -> +58.9% (reversal +7.8%)",
      "severity": "HIGH"
    }
  ],
  "data_quality": {
    "n_quarters": 20,
    "coverage": {
      "revenue": [
        20,
        20
      ],
      "gross_profit": [
        20,
        20
      ],
      "op_income": [
        20,
        20
      ],
      "fcf": [
        20,
        20
      ]
    },
    "gaps": [],
    "warnings": []
  },
  "market_cap": null,
  "source": "SEC EDGAR",
  "last_updated": "2026-02-02T21:02:34.126138"
}