{
  "ticker": "SAH",
  "name": "SONIC AUTOMOTIVE, INC.",
  "quarters": [
    {
      "date": "2020-12-31T00:00:00",
      "quarter_label": "2020-12 (Q4)",
      "revenue": 2798555000,
      "gross_profit": 389117000,
      "operating_income": 105837000,
      "net_income": 57339000,
      "opex": 283280000,
      "cogs": 2409438000,
      "rd": null,
      "sga": 258978000,
      "fcf": -27040000,
      "ocf": 8104000,
      "capex": -35144000,
      "gross_margin": 0.13904211280464382,
      "op_margin": 0.0378184455906709,
      "fcf_margin": -0.00966212920596522
    },
    {
      "date": "2021-03-31T00:00:00",
      "quarter_label": "2021-03 (Q1)",
      "revenue": 2786798000,
      "gross_profit": 400893000,
      "operating_income": 87850000,
      "net_income": 54222000,
      "opex": 313043000,
      "cogs": 2385905000,
      "rd": null,
      "sga": 289356000,
      "fcf": 22600000,
      "ocf": 90300000,
      "capex": -67700000,
      "gross_margin": 0.1438543446636606,
      "op_margin": 0.031523633933998804,
      "fcf_margin": 0.008109665644944485,
      "fcf_margin_change": 0.017771794850909704
    },
    {
      "date": "2021-06-30T00:00:00",
      "quarter_label": "2021-06 (Q2)",
      "revenue": 3352246000,
      "gross_profit": 510808000,
      "operating_income": 165427000,
      "net_income": 113845000,
      "opex": 345381000,
      "cogs": 2841438000,
      "rd": null,
      "sga": 320620000,
      "fcf": -162300000,
      "ocf": -124900000,
      "capex": -37400000,
      "gross_margin": 0.15237783861924215,
      "op_margin": 0.0493481087008531,
      "fcf_margin": -0.04841530126369008,
      "op_leverage_ratio": 1.9641652458613952,
      "fcf_margin_change": -0.056524966908634566
    },
    {
      "date": "2021-09-30T00:00:00",
      "quarter_label": "2021-09 (Q3)",
      "revenue": 3072812000,
      "gross_profit": 472019000,
      "operating_income": 125407000,
      "net_income": 84485000,
      "opex": 346612000,
      "cogs": 2600793000,
      "rd": null,
      "sga": 321373000,
      "fcf": 224500000,
      "ocf": 301000000,
      "capex": -76500000,
      "gross_margin": 0.15361141521186458,
      "op_margin": 0.04081180365085791,
      "fcf_margin": 0.07306011562048052,
      "fcf_margin_change": 0.1214754168841706
    },
    {
      "date": "2021-12-31T00:00:00",
      "quarter_label": "2021-12 (Q4)",
      "revenue": 3184544000,
      "gross_profit": 530580000,
      "operating_income": 159716000,
      "net_income": 96348000,
      "opex": 370864000,
      "cogs": 2653964000,
      "rd": null,
      "sga": 343351000,
      "fcf": 519600000,
      "ocf": 39900000,
      "capex": 479700000,
      "gross_margin": 0.16661098103841554,
      "op_margin": 0.05015349136328467,
      "fcf_margin": 0.16316307766512253,
      "incr_op_margin_yoy": 0.13958687941884354,
      "rev_growth_yoy": 0.1379243931243088,
      "op_leverage_ratio": 0.5196819313431632,
      "fcf_margin_change": 0.09010296204464201
    },
    {
      "date": "2022-03-31T00:00:00",
      "quarter_label": "2022-03 (Q1)",
      "revenue": 3586600000,
      "gross_profit": 571300000,
      "operating_income": 154400000,
      "net_income": 97300000,
      "opex": 416900000,
      "cogs": 3015300000,
      "rd": null,
      "sga": 387000000,
      "fcf": 193700000,
      "ocf": 252500000,
      "capex": -58800000,
      "gross_margin": 0.15928734734846373,
      "op_margin": 0.043049127307199016,
      "fcf_margin": 0.05400658004795628,
      "incr_op_margin_yoy": 0.08320809400326581,
      "rev_growth_yoy": 0.2869967611574287,
      "rev_growth_yoy_accel": 0.14907236803311993,
      "op_leverage_ratio": 1.0170829887224004,
      "fcf_margin_change": -0.10915649761716625
    },
    {
      "date": "2022-06-30T00:00:00",
      "quarter_label": "2022-06 (Q2)",
      "revenue": 3652800000,
      "gross_profit": 588800000,
      "operating_income": 154800000,
      "net_income": 94800000,
      "opex": 434000000,
      "cogs": 3064000000,
      "rd": null,
      "sga": 402800000,
      "fcf": 12200000,
      "ocf": 53800000,
      "capex": -41600000,
      "gross_margin": 0.16119141480508103,
      "op_margin": 0.042378449408672796,
      "fcf_margin": 0.003339903635567236,
      "incr_op_margin_yoy": -0.0353580388216427,
      "rev_growth_yoy": 0.08965750126929825,
      "rev_growth_yoy_accel": -0.19733925988813047,
      "op_leverage_ratio": 0.4499982553644283,
      "fcf_margin_change": -0.05066667641238905
    },
    {
      "date": "2022-09-30T00:00:00",
      "quarter_label": "2022-09 (Q3)",
      "revenue": 3448100000,
      "gross_profit": 580700000,
      "operating_income": 148900000,
      "net_income": 87300000,
      "opex": 431800000,
      "cogs": 2867400000,
      "rd": null,
      "sga": 399000000,
      "fcf": 241800000,
      "ocf": 339100000,
      "capex": -97300000,
      "gross_margin": 0.16841158899103853,
      "op_margin": 0.04318320234331951,
      "fcf_margin": 0.07012557640439662,
      "incr_op_margin_yoy": 0.06259992325893714,
      "rev_growth_yoy": 0.12213178027162092,
      "rev_growth_yoy_accel": 0.032474279002322665,
      "fcf_margin_change": 0.06678567276882938
    },
    {
      "date": "2022-12-31T00:00:00",
      "quarter_label": "2022-12 (Q4)",
      "revenue": 3590600000,
      "gross_profit": 576100000,
      "operating_income": -144100000,
      "net_income": -190900000,
      "opex": 720200000,
      "cogs": 3014500000,
      "rd": null,
      "sga": 366300000,
      "fcf": 185400000,
      "ocf": -239300000,
      "capex": 424700000,
      "gross_margin": 0.16044672199632373,
      "op_margin": -0.040132568372973874,
      "fcf_margin": 0.05163482426335431,
      "incr_op_margin_yoy": -0.7482120692712335,
      "rev_growth_yoy": 0.1275083654049057,
      "rev_growth_yoy_accel": 0.005376585133284789,
      "op_leverage_ratio": 0.06187602322226062,
      "fcf_margin_change": -0.01849075214104231
    },
    {
      "date": "2023-03-31T00:00:00",
      "quarter_label": "2023-03 (Q1)",
      "revenue": 3491200000,
      "gross_profit": 553500000,
      "operating_income": 106400000,
      "net_income": 47700000,
      "opex": 447100000,
      "cogs": 2937700000,
      "rd": null,
      "sga": 412800000,
      "fcf": -71200000,
      "ocf": -34000000,
      "capex": -37200000,
      "gross_margin": 0.15854147571035748,
      "op_margin": 0.030476626947754354,
      "fcf_margin": -0.020394133822181484,
      "incr_op_margin_yoy": 0.5031446540880503,
      "rev_growth_yoy": -0.026599007416494732,
      "rev_growth_yoy_accel": -0.15410737282140044,
      "fcf_margin_change": -0.0720289580855358
    },
    {
      "date": "2023-06-30T00:00:00",
      "quarter_label": "2023-06 (Q2)",
      "revenue": 3652900000,
      "gross_profit": 568900000,
      "operating_income": 78300000,
      "net_income": 23400000,
      "opex": 490600000,
      "cogs": 3084000000,
      "rd": null,
      "sga": 391900000,
      "fcf": -23200000,
      "ocf": 15100000,
      "capex": -38300000,
      "gross_margin": 0.15573927564400886,
      "op_margin": 0.021435024227326235,
      "fcf_margin": -0.006351118289578144,
      "rev_growth_yoy": 2.7376259307928164e-05,
      "rev_growth_yoy_accel": 0.02662638367580266,
      "op_leverage_ratio": 0.4760479550554695,
      "fcf_margin_change": 0.01404301553260334
    },
    {
      "date": "2023-09-30T00:00:00",
      "quarter_label": "2023-09 (Q3)",
      "revenue": 3643500000,
      "gross_profit": 582200000,
      "operating_income": 137400000,
      "net_income": 68400000,
      "opex": 444800000,
      "cogs": 3061300000,
      "rd": null,
      "sga": 409600000,
      "fcf": 45000000,
      "ocf": 123100000,
      "capex": -78100000,
      "gross_margin": 0.1597914093591327,
      "op_margin": 0.03771099217785097,
      "fcf_margin": 0.012350761630300536,
      "incr_op_margin_yoy": -0.05885363357215967,
      "rev_growth_yoy": 0.056668890113395785,
      "rev_growth_yoy_accel": 0.05664151385408786,
      "fcf_margin_change": 0.018701879919878678
    },
    {
      "date": "2023-12-31T00:00:00",
      "quarter_label": "2023-12 (Q4)",
      "revenue": 3584800000,
      "gross_profit": 541100000,
      "operating_income": 101500000,
      "net_income": 38700000,
      "opex": 439600000,
      "cogs": 3043700000,
      "rd": null,
      "sga": 386300000,
      "fcf": 237300000,
      "ocf": -119900000,
      "capex": 357200000,
      "gross_margin": 0.15094286989511269,
      "op_margin": 0.028313992412407944,
      "fcf_margin": 0.06619616157107788,
      "incr_op_margin_yoy": -42.3448275862069,
      "rev_growth_yoy": -0.0016153289143875675,
      "rev_growth_yoy_accel": -0.05828421902778335,
      "fcf_margin_change": 0.05384539994077735
    },
    {
      "date": "2024-03-31T00:00:00",
      "quarter_label": "2024-03 (Q1)",
      "revenue": 3384000000,
      "gross_profit": 536200000,
      "operating_income": 106700000,
      "net_income": 42000000,
      "opex": 429500000,
      "cogs": 2847800000,
      "rd": null,
      "sga": 392200000,
      "fcf": 26300000,
      "ocf": 70100000,
      "capex": -43800000,
      "gross_margin": 0.158451536643026,
      "op_margin": 0.03153073286052009,
      "fcf_margin": 0.007771867612293144,
      "incr_op_margin_yoy": -0.002798507462686567,
      "rev_growth_yoy": -0.0307057745187901,
      "rev_growth_yoy_accel": -0.02909044560440253,
      "fcf_margin_change": -0.05842429395878474
    },
    {
      "date": "2024-06-30T00:00:00",
      "quarter_label": "2024-06 (Q2)",
      "revenue": 3453000000,
      "gross_profit": 539100000,
      "operating_income": 107700000,
      "net_income": 41200000,
      "opex": 431400000,
      "cogs": 2913900000,
      "rd": null,
      "sga": 393000000,
      "fcf": -185200000,
      "ocf": -136400000,
      "capex": -48800000,
      "gross_margin": 0.15612510860121634,
      "op_margin": 0.03119026933101651,
      "fcf_margin": -0.05363452070663192,
      "incr_op_margin_yoy": -0.1470735367683842,
      "rev_growth_yoy": -0.05472364422787374,
      "rev_growth_yoy_accel": -0.024017869709083643,
      "op_leverage_ratio": 4.609229189996268,
      "fcf_margin_change": -0.06140638831892506
    },
    {
      "date": "2024-09-30T00:00:00",
      "quarter_label": "2024-09 (Q3)",
      "revenue": 3491500000,
      "gross_profit": 543600000,
      "operating_income": 113600000,
      "net_income": 74200000,
      "opex": 430000000,
      "cogs": 2947900000,
      "rd": null,
      "sga": 392100000,
      "fcf": 34500000,
      "ocf": 87800000,
      "capex": -53300000,
      "gross_margin": 0.15569239581841615,
      "op_margin": 0.03253615924387799,
      "fcf_margin": 0.009881139911212946,
      "incr_op_margin_yoy": 0.15657894736842104,
      "rev_growth_yoy": -0.04171812817345959,
      "rev_growth_yoy_accel": 0.013005516054414155,
      "op_leverage_ratio": Infinity,
      "fcf_margin_change": 0.06351566061784486
    },
    {
      "date": "2024-12-31T00:00:00",
      "quarter_label": "2024-12 (Q4)",
      "revenue": 3895800000,
      "gross_profit": 573900000,
      "operating_income": 133500000,
      "net_income": 58600000,
      "opex": 440400000,
      "cogs": 3321900000,
      "rd": null,
      "sga": 399600000,
      "fcf": 420900000,
      "ocf": 87700000,
      "capex": 333200000,
      "gross_margin": 0.14731249037424918,
      "op_margin": 0.03426767287848452,
      "fcf_margin": 0.10803942707531188,
      "incr_op_margin_yoy": 0.10289389067524116,
      "rev_growth_yoy": 0.08675518857397903,
      "rev_growth_yoy_accel": 0.12847331674743862,
      "op_leverage_ratio": 4.787698696835172,
      "fcf_margin_change": 0.09815828716409893
    },
    {
      "date": "2025-03-31T00:00:00",
      "quarter_label": "2025-03 (Q1)",
      "revenue": 3651300000,
      "gross_profit": 566400000,
      "operating_income": 145000000,
      "net_income": 70600000,
      "opex": 421400000,
      "cogs": 3084900000,
      "rd": null,
      "sga": 380300000,
      "fcf": 150800000,
      "ocf": 195800000,
      "capex": -45000000,
      "gross_margin": 0.155122832963602,
      "op_margin": 0.03971188343877523,
      "fcf_margin": 0.04130035877632624,
      "incr_op_margin_yoy": 0.14328469884025438,
      "rev_growth_yoy": 0.07898936170212766,
      "rev_growth_yoy_accel": -0.007765826871851372,
      "fcf_margin_change": -0.06673906829898563
    },
    {
      "date": "2025-06-30T00:00:00",
      "quarter_label": "2025-06 (Q2)",
      "revenue": 3657200000,
      "gross_profit": 602200000,
      "operating_income": -23300000,
      "net_income": -45600000,
      "opex": 625500000,
      "cogs": 3055000000,
      "rd": null,
      "sga": 412600000,
      "fcf": 102700000,
      "ocf": 136800000,
      "capex": -34100000,
      "gross_margin": 0.164661489664224,
      "op_margin": -0.006370994203215575,
      "fcf_margin": 0.028081592475117576,
      "incr_op_margin_yoy": -0.6415279138099902,
      "rev_growth_yoy": 0.05913698233420214,
      "rev_growth_yoy_accel": -0.019852379367925513,
      "fcf_margin_change": -0.013218766301208665
    },
    {
      "date": "2025-09-30T00:00:00",
      "quarter_label": "2025-09 (Q3)",
      "revenue": 3973800000,
      "gross_profit": 615500000,
      "operating_income": 122700000,
      "net_income": 46800000,
      "opex": 492800000,
      "cogs": 3358300000,
      "rd": null,
      "sga": 451600000,
      "fcf": 134400000,
      "ocf": 167900000,
      "capex": -33500000,
      "gross_margin": 0.1548895263979063,
      "op_margin": 0.030877245961044842,
      "fcf_margin": 0.03382153102823494,
      "incr_op_margin_yoy": 0.018867924528301886,
      "rev_growth_yoy": 0.13813547186023198,
      "rev_growth_yoy_accel": 0.07899848952602984,
      "op_leverage_ratio": Infinity,
      "fcf_margin_change": 0.005739938553117361
    }
  ],
  "signals": [
    {
      "quarter": "2025-09 (Q3)",
      "signal": "YoY REVENUE GROWTH ACCELERATION",
      "detail": "YoY growth: +13.8% vs prior quarter YoY: +5.9% (accel: +7.9%)",
      "severity": "MEDIUM"
    },
    {
      "quarter": "2025-09 (Q3)",
      "signal": "OP MARGIN TURNED POSITIVE (QoQ)",
      "detail": "Op margin: -0.6% -> +3.1%",
      "severity": "HIGH"
    },
    {
      "quarter": "2025-03 (Q1)",
      "signal": "INCREMENTAL MARGIN (YoY)",
      "detail": "YoY Incr OPM: +14.3% vs year-ago OPM: +3.2%",
      "severity": "MEDIUM"
    },
    {
      "quarter": "2024-12 (Q4)",
      "signal": "FCF MARGIN EXPANSION",
      "detail": "FCF margin: +1.0% -> +10.8% (+9.8%)",
      "severity": "MEDIUM"
    },
    {
      "quarter": "2024-12 (Q4)",
      "signal": "OPERATING LEVERAGE",
      "detail": "Rev growth +11.6% vs OpEx growth +2.4% (leverage: 4.8x)",
      "severity": "MEDIUM"
    },
    {
      "quarter": "2024-12 (Q4)",
      "signal": "YoY REVENUE GROWTH ACCELERATION",
      "detail": "YoY growth: +8.7% vs prior quarter YoY: -4.2% (accel: +12.8%)",
      "severity": "MEDIUM"
    },
    {
      "quarter": "2024-09 (Q3)",
      "signal": "FCF TURNED POSITIVE",
      "detail": "FCF margin: -5.4% -> +1.0%",
      "severity": "HIGH"
    },
    {
      "quarter": "2024-09 (Q3)",
      "signal": "INCREMENTAL MARGIN (YoY)",
      "detail": "YoY Incr OPM: +15.7% vs year-ago OPM: +3.8%",
      "severity": "MEDIUM"
    },
    {
      "quarter": "2024-06 (Q2)",
      "signal": "OPERATING LEVERAGE",
      "detail": "Rev growth +2.0% vs OpEx growth +0.4% (leverage: 4.6x)",
      "severity": "MEDIUM"
    },
    {
      "quarter": "2023-12 (Q4)",
      "signal": "FCF MARGIN EXPANSION",
      "detail": "FCF margin: +1.2% -> +6.6% (+5.4%)",
      "severity": "MEDIUM"
    },
    {
      "quarter": "2023-12 (Q4)",
      "signal": "YoY REVENUE GROWTH DECELERATION",
      "detail": "YoY growth: -0.2% vs prior quarter YoY: +5.7% (decel: -5.8%)",
      "severity": "WARNING"
    },
    {
      "quarter": "2023-12 (Q4)",
      "signal": "OP MARGIN TURNED POSITIVE (YoY)",
      "detail": "Op margin: -4.0% (year-ago) -> +2.8%",
      "severity": "HIGH"
    },
    {
      "quarter": "2023-09 (Q3)",
      "signal": "FCF TURNED POSITIVE",
      "detail": "FCF margin: -0.6% -> +1.2%",
      "severity": "HIGH"
    },
    {
      "quarter": "2023-09 (Q3)",
      "signal": "YoY REVENUE GROWTH ACCELERATION",
      "detail": "YoY growth: +5.7% vs prior quarter YoY: +0.0% (accel: +5.7%)",
      "severity": "MEDIUM"
    },
    {
      "quarter": "2023-03 (Q1)",
      "signal": "YoY REVENUE GROWTH DECELERATION",
      "detail": "YoY growth: -2.7% vs prior quarter YoY: +12.8% (decel: -15.4%)",
      "severity": "WARNING"
    },
    {
      "quarter": "2023-03 (Q1)",
      "signal": "INCREMENTAL MARGIN (YoY)",
      "detail": "YoY Incr OPM: +50.3% vs year-ago OPM: +4.3%",
      "severity": "HIGH"
    },
    {
      "quarter": "2023-03 (Q1)",
      "signal": "OP MARGIN TURNED POSITIVE (QoQ)",
      "detail": "Op margin: -4.0% -> +3.0%",
      "severity": "HIGH"
    },
    {
      "quarter": "2022-09 (Q3)",
      "signal": "FCF MARGIN EXPANSION",
      "detail": "FCF margin: +0.3% -> +7.0% (+6.7%)",
      "severity": "MEDIUM"
    },
    {
      "quarter": "2022-06 (Q2)",
      "signal": "YoY REVENUE GROWTH DECELERATION",
      "detail": "YoY growth: +9.0% vs prior quarter YoY: +28.7% (decel: -19.7%)",
      "severity": "WARNING"
    },
    {
      "quarter": "2022-03 (Q1)",
      "signal": "YoY REVENUE GROWTH ACCELERATION",
      "detail": "YoY growth: +28.7% vs prior quarter YoY: +13.8% (accel: +14.9%)",
      "severity": "MEDIUM"
    },
    {
      "quarter": "2021-12 (Q4)",
      "signal": "FCF MARGIN EXPANSION",
      "detail": "FCF margin: +7.3% -> +16.3% (+9.0%)",
      "severity": "MEDIUM"
    },
    {
      "quarter": "2021-12 (Q4)",
      "signal": "INCREMENTAL MARGIN (YoY)",
      "detail": "YoY Incr OPM: +14.0% vs year-ago OPM: +3.8%",
      "severity": "MEDIUM"
    },
    {
      "quarter": "2021-09 (Q3)",
      "signal": "FCF TURNED POSITIVE",
      "detail": "FCF margin: -4.8% -> +7.3%",
      "severity": "HIGH"
    },
    {
      "quarter": "2021-06 (Q2)",
      "signal": "OPERATING LEVERAGE",
      "detail": "Rev growth +20.3% vs OpEx growth +10.3% (leverage: 2.0x)",
      "severity": "MEDIUM"
    },
    {
      "quarter": "2021-03 (Q1)",
      "signal": "FCF TURNED POSITIVE",
      "detail": "FCF margin: -1.0% -> +0.8%",
      "severity": "HIGH"
    }
  ],
  "data_quality": {
    "n_quarters": 20,
    "coverage": {
      "revenue": [
        20,
        20
      ],
      "gross_profit": [
        20,
        20
      ],
      "op_income": [
        20,
        20
      ],
      "fcf": [
        20,
        20
      ]
    },
    "gaps": [],
    "warnings": []
  },
  "market_cap": null,
  "source": "SEC EDGAR",
  "last_updated": "2026-02-02T21:35:18.432277"
}