{
  "ticker": "SAM",
  "name": "THE BOSTON BEER COMPANY, INC.",
  "quarters": [
    {
      "date": "2020-12-26T00:00:00",
      "quarter_label": "2020-12 (Q4)",
      "revenue": 460937000,
      "gross_profit": 216270000,
      "operating_income": 42125000,
      "net_income": 32817000,
      "opex": 174145000,
      "cogs": 244667000,
      "rd": null,
      "sga": null,
      "fcf": 4832000,
      "ocf": 44487000,
      "capex": -39655000,
      "gross_margin": 0.46919644116224124,
      "op_margin": 0.09138992964331351,
      "fcf_margin": 0.010482994422231239
    },
    {
      "date": "2021-03-27T00:00:00",
      "quarter_label": "2021-03 (Q1)",
      "revenue": 545080000,
      "gross_profit": 249630000,
      "operating_income": 76598000,
      "net_income": 65565000,
      "opex": 173032000,
      "cogs": 295450000,
      "rd": null,
      "sga": null,
      "fcf": -19471000,
      "ocf": 19807000,
      "capex": -39278000,
      "gross_margin": 0.4579694723710281,
      "op_margin": 0.14052616129742423,
      "fcf_margin": -0.03572136200190798,
      "op_leverage_ratio": Infinity,
      "fcf_margin_change": -0.04620435642413922
    },
    {
      "date": "2021-06-26T00:00:00",
      "quarter_label": "2021-06 (Q2)",
      "revenue": 602805000,
      "gross_profit": 275689000,
      "operating_income": 80105000,
      "net_income": 59195000,
      "opex": 195584000,
      "cogs": 327116000,
      "rd": null,
      "sga": null,
      "fcf": -33063000,
      "ocf": 11180000,
      "capex": -44243000,
      "gross_margin": 0.4573435854048988,
      "op_margin": 0.13288708620532344,
      "fcf_margin": -0.0548485828750591,
      "op_leverage_ratio": 0.8125405787390823,
      "fcf_margin_change": -0.01912722087315112
    },
    {
      "date": "2021-09-25T00:00:00",
      "quarter_label": "2021-09 (Q3)",
      "revenue": 561643000,
      "gross_profit": 172696000,
      "operating_income": -75773000,
      "net_income": -58421000,
      "opex": 248469000,
      "cogs": 388947000,
      "rd": null,
      "sga": null,
      "fcf": -17388000,
      "ocf": 19978000,
      "capex": -37366000,
      "gross_margin": 0.3074835794267889,
      "op_margin": -0.13491310316339739,
      "fcf_margin": -0.030959168012420702,
      "fcf_margin_change": 0.0238894148626384
    },
    {
      "date": "2021-12-25T00:00:00",
      "quarter_label": "2021-12 (Q4)",
      "revenue": 348094000,
      "gross_profit": 99777000,
      "operating_income": -72932000,
      "net_income": -51785000,
      "opex": 172709000,
      "cogs": 248317000,
      "rd": null,
      "sga": null,
      "fcf": -21700000,
      "ocf": 5332000,
      "capex": -27032000,
      "gross_margin": 0.2866380920096296,
      "op_margin": -0.20951811866909512,
      "fcf_margin": -0.062339483013209074,
      "incr_op_margin_yoy": 1.0196201802504365,
      "rev_growth_yoy": -0.24481219776238403,
      "fcf_margin_change": -0.031380315000788375
    },
    {
      "date": "2022-03-26T00:00:00",
      "quarter_label": "2022-03 (Q1)",
      "revenue": 430113000,
      "gross_profit": 172952000,
      "operating_income": -2154000,
      "net_income": -1955000,
      "opex": 175106000,
      "cogs": 257161000,
      "rd": null,
      "sga": null,
      "fcf": -64773000,
      "ocf": -41006000,
      "capex": -23767000,
      "gross_margin": 0.4021082831720966,
      "op_margin": -0.005007986273374672,
      "fcf_margin": -0.15059530867469711,
      "incr_op_margin_yoy": 0.6849965642314751,
      "rev_growth_yoy": -0.21091766346224408,
      "rev_growth_yoy_accel": 0.033894534300139945,
      "op_leverage_ratio": 16.977153209703097,
      "fcf_margin_change": -0.08825582566148804
    },
    {
      "date": "2022-06-25T00:00:00",
      "quarter_label": "2022-06 (Q2)",
      "revenue": 616243000,
      "gross_profit": 265775000,
      "operating_income": 71385000,
      "net_income": 53349000,
      "opex": 194390000,
      "cogs": 350468000,
      "rd": null,
      "sga": null,
      "fcf": 135475000,
      "ocf": 162512000,
      "capex": -27037000,
      "gross_margin": 0.431282789419109,
      "op_margin": 0.11583904401348169,
      "fcf_margin": 0.2198402253656431,
      "incr_op_margin_yoy": -0.6489060872153595,
      "rev_growth_yoy": 0.022292449465415847,
      "rev_growth_yoy_accel": 0.23321011292765992,
      "op_leverage_ratio": 3.9295037975464413,
      "fcf_margin_change": 0.37043553404034024
    },
    {
      "date": "2022-09-24T00:00:00",
      "quarter_label": "2022-09 (Q3)",
      "revenue": 596453000,
      "gross_profit": 257746000,
      "operating_income": 38366000,
      "net_income": 27286000,
      "opex": 219380000,
      "cogs": 338707000,
      "rd": null,
      "sga": null,
      "fcf": 83938000,
      "ocf": 103447000,
      "capex": -19509000,
      "gross_margin": 0.432131282766622,
      "op_margin": 0.06432359297379676,
      "fcf_margin": 0.14072860728339032,
      "incr_op_margin_yoy": 3.2789141051422006,
      "rev_growth_yoy": 0.06197887270027402,
      "rev_growth_yoy_accel": 0.03968642323485817,
      "fcf_margin_change": -0.07911161808225278
    },
    {
      "date": "2022-12-31T00:00:00",
      "quarter_label": "2022-12 (Q4)",
      "revenue": 447525000,
      "gross_profit": 165513000,
      "operating_income": -16806000,
      "net_income": -11417000,
      "opex": 182319000,
      "cogs": 282012000,
      "rd": null,
      "sga": null,
      "fcf": -45277000,
      "ocf": -25008000,
      "capex": -20269000,
      "gross_margin": 0.3698407910172616,
      "op_margin": -0.0375532093179152,
      "fcf_margin": -0.10117200156415843,
      "incr_op_margin_yoy": 0.5644718447968944,
      "rev_growth_yoy": 0.285644107626101,
      "rev_growth_yoy_accel": 0.22366523492582696,
      "fcf_margin_change": -0.24190060884754874
    },
    {
      "date": "2023-04-01T00:00:00",
      "quarter_label": "2023-04 (Q2)",
      "revenue": 410000000,
      "gross_profit": 155662000,
      "operating_income": -13944000,
      "net_income": -8956000,
      "opex": 169606000,
      "cogs": 254338000,
      "rd": null,
      "sga": null,
      "fcf": -35134000,
      "ocf": -17822000,
      "capex": -17312000,
      "gross_margin": 0.3796634146341463,
      "op_margin": -0.034009756097560975,
      "fcf_margin": -0.08569268292682927,
      "incr_op_margin_yoy": 0.5861880375876299,
      "rev_growth_yoy": -0.04676212995189636,
      "rev_growth_yoy_accel": -0.33240623757799737,
      "fcf_margin_change": 0.015479318637329154
    },
    {
      "date": "2023-07-01T00:00:00",
      "quarter_label": "2023-07 (Q3)",
      "revenue": 603304000,
      "gross_profit": 274163000,
      "operating_income": 78370000,
      "net_income": 58035000,
      "opex": 195793000,
      "cogs": 329141000,
      "rd": null,
      "sga": null,
      "fcf": 101462000,
      "ocf": 118959000,
      "capex": -17497000,
      "gross_margin": 0.45443590627610625,
      "op_margin": 0.12990134326972802,
      "fcf_margin": 0.16817723734634613,
      "incr_op_margin_yoy": -0.5398407914058273,
      "rev_growth_yoy": -0.02099658738517111,
      "rev_growth_yoy_accel": 0.02576554256672525,
      "op_leverage_ratio": 3.0536021153672412,
      "fcf_margin_change": 0.2538699202731754
    },
    {
      "date": "2023-09-30T00:00:00",
      "quarter_label": "2023-09 (Q3)",
      "revenue": 601599000,
      "gross_profit": 274648000,
      "operating_income": 61502000,
      "net_income": 45295000,
      "opex": 213146000,
      "cogs": 326951000,
      "rd": null,
      "sga": null,
      "fcf": 117296000,
      "ocf": 131264000,
      "capex": -13968000,
      "gross_margin": 0.45653001417887995,
      "op_margin": 0.10223088801676865,
      "fcf_margin": 0.19497372834728782,
      "incr_op_margin_yoy": 4.4959191605130195,
      "rev_growth_yoy": 0.008627670579240946,
      "rev_growth_yoy_accel": 0.029624257964412058,
      "fcf_margin_change": 0.026796491000941697
    },
    {
      "date": "2023-12-30T00:00:00",
      "quarter_label": "2023-12 (Q4)",
      "revenue": 393722000,
      "gross_profit": 147896000,
      "operating_income": -25927000,
      "net_income": -18124000,
      "opex": 173823000,
      "cogs": 245826000,
      "rd": null,
      "sga": null,
      "fcf": 17440000,
      "ocf": 32750000,
      "capex": -15310000,
      "gross_margin": 0.3756356007538314,
      "op_margin": -0.06585103194639873,
      "fcf_margin": 0.044295213373903415,
      "incr_op_margin_yoy": 0.16952586287010019,
      "rev_growth_yoy": -0.12022345120384335,
      "rev_growth_yoy_accel": -0.1288511217830843,
      "fcf_margin_change": -0.15067851497338441
    },
    {
      "date": "2024-03-30T00:00:00",
      "quarter_label": "2024-03 (Q1)",
      "revenue": 426052000,
      "gross_profit": 186348000,
      "operating_income": 15354000,
      "net_income": 12597000,
      "opex": 170994000,
      "cogs": 239704000,
      "rd": null,
      "sga": null,
      "fcf": -20621000,
      "ocf": -4884000,
      "capex": -15737000,
      "gross_margin": 0.43738323021603,
      "op_margin": 0.03603785453418831,
      "fcf_margin": -0.04840019528132716,
      "incr_op_margin_yoy": 1.8251931223523548,
      "rev_growth_yoy": 0.03915121951219512,
      "rev_growth_yoy_accel": 0.15937467071603847,
      "op_leverage_ratio": Infinity,
      "fcf_margin_change": -0.09269540865523057
    },
    {
      "date": "2024-06-29T00:00:00",
      "quarter_label": "2024-06 (Q2)",
      "revenue": 579098000,
      "gross_profit": 266458000,
      "operating_income": 70815000,
      "net_income": 52339000,
      "opex": 195643000,
      "cogs": 312640000,
      "rd": null,
      "sga": null,
      "fcf": 75647000,
      "ocf": 96000000,
      "capex": -20353000,
      "gross_margin": 0.46012591996518726,
      "op_margin": 0.12228500184770108,
      "fcf_margin": 0.13062901270596686,
      "incr_op_margin_yoy": 0.3121126993307444,
      "rev_growth_yoy": -0.04012239269091536,
      "rev_growth_yoy_accel": -0.07927361220311048,
      "op_leverage_ratio": 2.491959282997409,
      "fcf_margin_change": 0.17902920798729402
    },
    {
      "date": "2024-09-28T00:00:00",
      "quarter_label": "2024-09 (Q3)",
      "revenue": 605477000,
      "gross_profit": 280241000,
      "operating_income": 45833000,
      "net_income": 33514000,
      "opex": 234408000,
      "cogs": 325236000,
      "rd": null,
      "sga": null,
      "fcf": 99194000,
      "ocf": 115874000,
      "capex": -16680000,
      "gross_margin": 0.4628433449990669,
      "op_margin": 0.07569734275620708,
      "fcf_margin": 0.16382785803589567,
      "incr_op_margin_yoy": -4.040484785972151,
      "rev_growth_yoy": 0.0064461543320384505,
      "rev_growth_yoy_accel": 0.04656854702295381,
      "op_leverage_ratio": 0.22989566823219834,
      "fcf_margin_change": 0.03319884532992881
    },
    {
      "date": "2024-12-28T00:00:00",
      "quarter_label": "2024-12 (Q4)",
      "revenue": 402299000,
      "gross_profit": 160685000,
      "operating_income": -56029000,
      "net_income": -38755000,
      "opex": 216714000,
      "cogs": 241614000,
      "rd": null,
      "sga": null,
      "fcf": 18395000,
      "ocf": 41902000,
      "capex": -23507000,
      "gross_margin": 0.3994168516451694,
      "op_margin": -0.13927203398467308,
      "fcf_margin": 0.045724697302255285,
      "incr_op_margin_yoy": -3.509618747813921,
      "rev_growth_yoy": 0.021784406256190915,
      "rev_growth_yoy_accel": 0.015338251924152464,
      "fcf_margin_change": -0.11810316073364038
    },
    {
      "date": "2025-03-29T00:00:00",
      "quarter_label": "2025-03 (Q1)",
      "revenue": 453867000,
      "gross_profit": 219263000,
      "operating_income": 33776000,
      "net_income": 24412000,
      "opex": 185487000,
      "cogs": 234604000,
      "rd": null,
      "sga": null,
      "fcf": -7982000,
      "ocf": 1939000,
      "capex": -9921000,
      "gross_margin": 0.48309967457426956,
      "op_margin": 0.07441827671983202,
      "fcf_margin": -0.017586649833541544,
      "incr_op_margin_yoy": 0.6623045119539817,
      "rev_growth_yoy": 0.06528545811309418,
      "rev_growth_yoy_accel": 0.04350105185690326,
      "op_leverage_ratio": Infinity,
      "fcf_margin_change": -0.06331134713579684
    },
    {
      "date": "2025-06-28T00:00:00",
      "quarter_label": "2025-06 (Q2)",
      "revenue": 587949000,
      "gross_profit": 292518000,
      "operating_income": 82069000,
      "net_income": 60433000,
      "opex": 210449000,
      "cogs": 295431000,
      "rd": null,
      "sga": null,
      "fcf": 112245000,
      "ocf": 126480000,
      "capex": -14235000,
      "gross_margin": 0.49752274431966037,
      "op_margin": 0.13958523613442664,
      "fcf_margin": 0.19090941561257865,
      "incr_op_margin_yoy": 1.271494746356344,
      "rev_growth_yoy": 0.015284114260453325,
      "rev_growth_yoy_accel": -0.05000134385264085,
      "op_leverage_ratio": 2.195209485903321,
      "fcf_margin_change": 0.2084960654461202
    },
    {
      "date": "2025-09-27T00:00:00",
      "quarter_label": "2025-09 (Q3)",
      "revenue": 537494000,
      "gross_profit": 273117000,
      "operating_income": 62049000,
      "net_income": 46155000,
      "opex": 211068000,
      "cogs": 264377000,
      "rd": null,
      "sga": null,
      "fcf": 89238000,
      "ocf": 101799000,
      "capex": -12561000,
      "gross_margin": 0.508130323315237,
      "op_margin": 0.11544128864694303,
      "fcf_margin": 0.16602603936043936,
      "incr_op_margin_yoy": -0.23853022079049174,
      "rev_growth_yoy": -0.11228007009349653,
      "rev_growth_yoy_accel": -0.12756418435394984,
      "fcf_margin_change": -0.024883376252139294
    }
  ],
  "signals": [
    {
      "quarter": "2025-09 (Q3)",
      "signal": "YoY REVENUE GROWTH DECELERATION",
      "detail": "YoY growth: -11.2% vs prior quarter YoY: +1.5% (decel: -12.8%)",
      "severity": "WARNING"
    },
    {
      "quarter": "2025-06 (Q2)",
      "signal": "FCF TURNED POSITIVE",
      "detail": "FCF margin: -1.8% -> +19.1%",
      "severity": "HIGH"
    },
    {
      "quarter": "2025-06 (Q2)",
      "signal": "OPERATING LEVERAGE",
      "detail": "Rev growth +29.5% vs OpEx growth +13.5% (leverage: 2.2x)",
      "severity": "MEDIUM"
    },
    {
      "quarter": "2025-06 (Q2)",
      "signal": "YoY REVENUE GROWTH DECELERATION",
      "detail": "YoY growth: +1.5% vs prior quarter YoY: +6.5% (decel: -5.0%)",
      "severity": "WARNING"
    },
    {
      "quarter": "2025-06 (Q2)",
      "signal": "INCREMENTAL MARGIN (YoY)",
      "detail": "YoY Incr OPM: +127.1% vs year-ago OPM: +12.2%",
      "severity": "HIGH"
    },
    {
      "quarter": "2025-03 (Q1)",
      "signal": "GROSS MARGIN INFLECTION",
      "detail": "GM: +46.3% -> +39.9% -> +48.3% (reversal +8.4%)",
      "severity": "HIGH"
    },
    {
      "quarter": "2025-03 (Q1)",
      "signal": "INCREMENTAL MARGIN (YoY)",
      "detail": "YoY Incr OPM: +66.2% vs year-ago OPM: +3.6%",
      "severity": "HIGH"
    },
    {
      "quarter": "2025-03 (Q1)",
      "signal": "OP MARGIN TURNED POSITIVE (QoQ)",
      "detail": "Op margin: -13.9% -> +7.4%",
      "severity": "HIGH"
    },
    {
      "quarter": "2024-06 (Q2)",
      "signal": "FCF TURNED POSITIVE",
      "detail": "FCF margin: -4.8% -> +13.1%",
      "severity": "HIGH"
    },
    {
      "quarter": "2024-06 (Q2)",
      "signal": "OPERATING LEVERAGE",
      "detail": "Rev growth +35.9% vs OpEx growth +14.4% (leverage: 2.5x)",
      "severity": "MEDIUM"
    },
    {
      "quarter": "2024-06 (Q2)",
      "signal": "YoY REVENUE GROWTH DECELERATION",
      "detail": "YoY growth: -4.0% vs prior quarter YoY: +3.9% (decel: -7.9%)",
      "severity": "WARNING"
    },
    {
      "quarter": "2024-06 (Q2)",
      "signal": "INCREMENTAL MARGIN (YoY)",
      "detail": "YoY Incr OPM: +31.2% vs year-ago OPM: +13.0%",
      "severity": "MEDIUM"
    },
    {
      "quarter": "2024-03 (Q1)",
      "signal": "GROSS MARGIN INFLECTION",
      "detail": "GM: +45.7% -> +37.6% -> +43.7% (reversal +6.2%)",
      "severity": "HIGH"
    },
    {
      "quarter": "2024-03 (Q1)",
      "signal": "YoY REVENUE GROWTH ACCELERATION",
      "detail": "YoY growth: +3.9% vs prior quarter YoY: -12.0% (accel: +15.9%)",
      "severity": "HIGH"
    },
    {
      "quarter": "2024-03 (Q1)",
      "signal": "OP MARGIN TURNED POSITIVE (YoY)",
      "detail": "Op margin: -3.4% (year-ago) -> +3.6%",
      "severity": "HIGH"
    },
    {
      "quarter": "2024-03 (Q1)",
      "signal": "OP MARGIN TURNED POSITIVE (QoQ)",
      "detail": "Op margin: -6.6% -> +3.6%",
      "severity": "HIGH"
    },
    {
      "quarter": "2023-12 (Q4)",
      "signal": "YoY REVENUE GROWTH DECELERATION",
      "detail": "YoY growth: -12.0% vs prior quarter YoY: +0.9% (decel: -12.9%)",
      "severity": "WARNING"
    },
    {
      "quarter": "2023-09 (Q3)",
      "signal": "INCREMENTAL MARGIN (YoY)",
      "detail": "YoY Incr OPM: +449.6% vs year-ago OPM: +6.4%",
      "severity": "HIGH"
    },
    {
      "quarter": "2023-07 (Q3)",
      "signal": "FCF TURNED POSITIVE",
      "detail": "FCF margin: -8.6% -> +16.8%",
      "severity": "HIGH"
    },
    {
      "quarter": "2023-07 (Q3)",
      "signal": "OPERATING LEVERAGE",
      "detail": "Rev growth +47.1% vs OpEx growth +15.4% (leverage: 3.1x)",
      "severity": "MEDIUM"
    },
    {
      "quarter": "2023-07 (Q3)",
      "signal": "OP MARGIN TURNED POSITIVE (QoQ)",
      "detail": "Op margin: -3.4% -> +13.0%",
      "severity": "HIGH"
    },
    {
      "quarter": "2023-04 (Q2)",
      "signal": "YoY REVENUE GROWTH DECELERATION",
      "detail": "YoY growth: -4.7% vs prior quarter YoY: +28.6% (decel: -33.2%)",
      "severity": "WARNING"
    },
    {
      "quarter": "2022-12 (Q4)",
      "signal": "YoY REVENUE GROWTH ACCELERATION",
      "detail": "YoY growth: +28.6% vs prior quarter YoY: +6.2% (accel: +22.4%)",
      "severity": "HIGH"
    },
    {
      "quarter": "2022-09 (Q3)",
      "signal": "OP MARGIN TURNED POSITIVE (YoY)",
      "detail": "Op margin: -13.5% (year-ago) -> +6.4%",
      "severity": "HIGH"
    },
    {
      "quarter": "2022-06 (Q2)",
      "signal": "FCF TURNED POSITIVE",
      "detail": "FCF margin: -15.1% -> +22.0%",
      "severity": "HIGH"
    },
    {
      "quarter": "2022-06 (Q2)",
      "signal": "OPERATING LEVERAGE",
      "detail": "Rev growth +43.3% vs OpEx growth +11.0% (leverage: 3.9x)",
      "severity": "MEDIUM"
    },
    {
      "quarter": "2022-06 (Q2)",
      "signal": "YoY REVENUE GROWTH ACCELERATION",
      "detail": "YoY growth: +2.2% vs prior quarter YoY: -21.1% (accel: +23.3%)",
      "severity": "HIGH"
    },
    {
      "quarter": "2022-06 (Q2)",
      "signal": "OP MARGIN TURNED POSITIVE (QoQ)",
      "detail": "Op margin: -0.5% -> +11.6%",
      "severity": "HIGH"
    },
    {
      "quarter": "2022-03 (Q1)",
      "signal": "OPERATING LEVERAGE",
      "detail": "Rev growth +23.6% vs OpEx growth +1.4% (leverage: 17.0x)",
      "severity": "MEDIUM"
    },
    {
      "quarter": "2022-03 (Q1)",
      "signal": "GROSS MARGIN INFLECTION",
      "detail": "GM: +30.7% -> +28.7% -> +40.2% (reversal +11.5%)",
      "severity": "HIGH"
    }
  ],
  "data_quality": {
    "n_quarters": 20,
    "coverage": {
      "revenue": [
        20,
        20
      ],
      "gross_profit": [
        20,
        20
      ],
      "op_income": [
        20,
        20
      ],
      "fcf": [
        20,
        20
      ]
    },
    "gaps": [],
    "warnings": []
  },
  "market_cap": null,
  "source": "SEC EDGAR",
  "last_updated": "2026-02-02T21:30:33.239443"
}