{
  "ticker": "SANM",
  "name": "Sanmina Corporation",
  "quarters": [
    {
      "date": "2021-04-03T00:00:00",
      "quarter_label": "2021-04 (Q2)",
      "revenue": 1678497000,
      "gross_profit": 143098000,
      "operating_income": 64723000,
      "net_income": 47037000,
      "opex": 78375000,
      "cogs": 1556579000,
      "rd": 5353000,
      "sga": 61142000,
      "fcf": 66714000,
      "ocf": 81089000,
      "capex": -14375000,
      "gross_margin": 0.08525365252365658,
      "op_margin": 0.038560092749644476,
      "fcf_margin": 0.03974627300495622
    },
    {
      "date": "2021-07-03T00:00:00",
      "quarter_label": "2021-07 (Q3)",
      "revenue": 1653266000,
      "gross_profit": 136590000,
      "operating_income": 74265000,
      "net_income": 117375000,
      "opex": 62325000,
      "cogs": 1521151000,
      "rd": 5269000,
      "sga": 57438000,
      "fcf": 86015000,
      "ocf": 103721000,
      "capex": -17706000,
      "gross_margin": 0.08261828405108435,
      "op_margin": 0.04492017618459462,
      "fcf_margin": 0.05202732046748678,
      "fcf_margin_change": 0.012281047462530559
    },
    {
      "date": "2021-10-02T00:00:00",
      "quarter_label": "2021-10 (Q4)",
      "revenue": 1650609000,
      "gross_profit": 130039000,
      "operating_income": 65910000,
      "net_income": 55925000,
      "opex": 64129000,
      "cogs": 1513094000,
      "rd": 5484000,
      "sga": 56990000,
      "fcf": 61849000,
      "ocf": 91721000,
      "capex": -29872000,
      "gross_margin": 0.07878243727012273,
      "op_margin": 0.03993071648100792,
      "fcf_margin": 0.037470412435652536,
      "fcf_margin_change": -0.014556908031834244
    },
    {
      "date": "2022-01-01T00:00:00",
      "quarter_label": "2022-01 (Q1)",
      "revenue": 1756326000,
      "gross_profit": 144489000,
      "operating_income": 81433000,
      "net_income": 58634000,
      "opex": 63056000,
      "cogs": 1612836000,
      "rd": 4777000,
      "sga": 61475000,
      "fcf": 42924000,
      "ocf": 68300000,
      "capex": -25376000,
      "gross_margin": 0.08226775666931993,
      "op_margin": 0.04636553806070171,
      "fcf_margin": 0.024439654141657073,
      "op_leverage_ratio": Infinity,
      "fcf_margin_change": -0.013030758293995463
    },
    {
      "date": "2022-04-02T00:00:00",
      "quarter_label": "2022-04 (Q2)",
      "revenue": 1915070000,
      "gross_profit": 152447000,
      "operating_income": 82226000,
      "net_income": 53220000,
      "opex": 70221000,
      "cogs": 1759083000,
      "rd": 5472000,
      "sga": 61817000,
      "fcf": 51699000,
      "ocf": 78973000,
      "capex": -27274000,
      "gross_margin": 0.07960387870939443,
      "op_margin": 0.04293628953510838,
      "fcf_margin": 0.026995880046160194,
      "incr_op_margin_yoy": 0.07398561966073897,
      "rev_growth_yoy": 0.14094335587135395,
      "op_leverage_ratio": 0.7954308151858326,
      "fcf_margin_change": 0.0025562259045031205
    },
    {
      "date": "2022-07-02T00:00:00",
      "quarter_label": "2022-07 (Q3)",
      "revenue": 2023361000,
      "gross_profit": 165189000,
      "operating_income": 94618000,
      "net_income": 79543000,
      "opex": 70571000,
      "cogs": 1853870000,
      "rd": 5071000,
      "sga": 61506000,
      "fcf": 63935000,
      "ocf": 101683000,
      "capex": -37748000,
      "gross_margin": 0.08164089354297133,
      "op_margin": 0.04676278726337021,
      "fcf_margin": 0.03159841471689926,
      "incr_op_margin_yoy": 0.05499398803010038,
      "rev_growth_yoy": 0.2238568990108065,
      "rev_growth_yoy_accel": 0.08291354313945254,
      "op_leverage_ratio": 11.345056855064604,
      "fcf_margin_change": 0.004602534670739067
    },
    {
      "date": "2022-10-01T00:00:00",
      "quarter_label": "2022-10 (Q4)",
      "revenue": 2224865000,
      "gross_profit": 172229000,
      "operating_income": 103350000,
      "net_income": 58364000,
      "opex": 68879000,
      "cogs": 2024172000,
      "rd": 6023000,
      "sga": 59771000,
      "fcf": 33657000,
      "ocf": 81898000,
      "capex": -48241000,
      "gross_margin": 0.07741098898135393,
      "op_margin": 0.0464522566537745,
      "fcf_margin": 0.015127659431021657,
      "incr_op_margin_yoy": 0.0651974032487253,
      "rev_growth_yoy": 0.3479055306253631,
      "rev_growth_yoy_accel": 0.12404863161455662,
      "op_leverage_ratio": Infinity,
      "fcf_margin_change": -0.016470755285877603
    },
    {
      "date": "2022-12-31T00:00:00",
      "quarter_label": "2022-12 (Q4)",
      "revenue": 2361361000,
      "gross_profit": 190707000,
      "operating_income": 123747000,
      "net_income": 88399000,
      "opex": 66960000,
      "cogs": 2170654000,
      "rd": 5599000,
      "sga": 60730000,
      "fcf": 164000,
      "ocf": 37224000,
      "capex": -37060000,
      "gross_margin": 0.08076147611483378,
      "op_margin": 0.05240494782458083,
      "fcf_margin": 6.945147311232802e-05,
      "incr_op_margin_yoy": 0.06993644995744047,
      "rev_growth_yoy": 0.3444890071660956,
      "rev_growth_yoy_accel": -0.0034165234592675175,
      "op_leverage_ratio": Infinity,
      "fcf_margin_change": -0.015058207957909329
    },
    {
      "date": "2023-04-01T00:00:00",
      "quarter_label": "2023-04 (Q2)",
      "revenue": 2320103000,
      "gross_profit": 191189000,
      "operating_income": 120601000,
      "net_income": 79621000,
      "opex": 70588000,
      "cogs": 2128914000,
      "rd": 6394000,
      "sga": 63390000,
      "fcf": 1650000,
      "ocf": 64578000,
      "capex": -62928000,
      "gross_margin": 0.08240539320883598,
      "op_margin": 0.05198088188326122,
      "fcf_margin": 0.0007111753228197196,
      "incr_op_margin_yoy": 0.09474536642693311,
      "rev_growth_yoy": 0.2114977520403954,
      "rev_growth_yoy_accel": -0.1329912551257002,
      "fcf_margin_change": 0.0006417238497073915
    },
    {
      "date": "2023-07-01T00:00:00",
      "quarter_label": "2023-07 (Q3)",
      "revenue": 2207118000,
      "gross_profit": 183208000,
      "operating_income": 107365000,
      "net_income": 76494000,
      "opex": 75843000,
      "cogs": 2023910000,
      "rd": 6719000,
      "sga": 68828000,
      "fcf": 4342000,
      "ocf": 56509000,
      "capex": -52167000,
      "gross_margin": 0.08300779568650159,
      "op_margin": 0.04864488441487949,
      "fcf_margin": 0.001967271346615813,
      "incr_op_margin_yoy": 0.0693687859510114,
      "rev_growth_yoy": 0.09081770381063982,
      "rev_growth_yoy_accel": -0.12068004822975557,
      "fcf_margin_change": 0.0012560960237960933
    },
    {
      "date": "2023-09-30T00:00:00",
      "quarter_label": "2023-09 (Q3)",
      "revenue": 2052019000,
      "gross_profit": 173428000,
      "operating_income": 99266000,
      "net_income": 61841000,
      "opex": 74162000,
      "cogs": 1878591000,
      "rd": 7715000,
      "sga": 62124000,
      "fcf": 37645000,
      "ocf": 76857000,
      "capex": -39212000,
      "gross_margin": 0.08451578664719966,
      "op_margin": 0.048374795749941885,
      "fcf_margin": 0.018345346704879438,
      "incr_op_margin_yoy": 0.023627969406292307,
      "rev_growth_yoy": -0.0776883091783097,
      "rev_growth_yoy_accel": -0.16850601298894952,
      "fcf_margin_change": 0.016378075358263626
    },
    {
      "date": "2023-12-30T00:00:00",
      "quarter_label": "2023-12 (Q4)",
      "revenue": 1874798000,
      "gross_profit": 160840000,
      "operating_income": 87576000,
      "net_income": 57068000,
      "opex": 73264000,
      "cogs": 1713958000,
      "rd": 6289000,
      "sga": 64785000,
      "fcf": 91809000,
      "ocf": 126025000,
      "capex": -34216000,
      "gross_margin": 0.08579057583803695,
      "op_margin": 0.046712232464510846,
      "fcf_margin": 0.04897007570948977,
      "incr_op_margin_yoy": 0.07433980800019731,
      "rev_growth_yoy": -0.20605193360947352,
      "rev_growth_yoy_accel": -0.12836362443116384,
      "fcf_margin_change": 0.03062472900461033
    },
    {
      "date": "2024-03-30T00:00:00",
      "quarter_label": "2024-03 (Q1)",
      "revenue": 1834595000,
      "gross_profit": 154757000,
      "operating_income": 75961000,
      "net_income": 52485000,
      "opex": 78796000,
      "cogs": 1679838000,
      "rd": 6323000,
      "sga": 69199000,
      "fcf": 42706000,
      "ocf": 72317000,
      "capex": -29611000,
      "gross_margin": 0.08435485761162545,
      "op_margin": 0.04140477871137772,
      "fcf_margin": 0.02327816221018808,
      "incr_op_margin_yoy": 0.09194493190637436,
      "rev_growth_yoy": -0.20926139917064027,
      "rev_growth_yoy_accel": -0.0032094655611667466,
      "fcf_margin_change": -0.025691913499301687
    },
    {
      "date": "2024-06-29T00:00:00",
      "quarter_label": "2024-06 (Q2)",
      "revenue": 1841430000,
      "gross_profit": 153539000,
      "operating_income": 82367000,
      "net_income": 51602000,
      "opex": 71172000,
      "cogs": 1687891000,
      "rd": 7659000,
      "sga": 61720000,
      "fcf": 65598000,
      "ocf": 89999000,
      "capex": -24401000,
      "gross_margin": 0.08338030769564958,
      "op_margin": 0.044729910993086895,
      "fcf_margin": 0.035623401378276666,
      "incr_op_margin_yoy": 0.06835881954015445,
      "rev_growth_yoy": -0.16568574947057657,
      "rev_growth_yoy_accel": 0.043575649700063696,
      "fcf_margin_change": 0.012345239168088586
    },
    {
      "date": "2024-09-28T00:00:00",
      "quarter_label": "2024-09 (Q3)",
      "revenue": 2017505000,
      "gross_profit": 171293000,
      "operating_income": 89590000,
      "net_income": 61381000,
      "opex": 81703000,
      "cogs": 1846212000,
      "rd": 8243000,
      "sga": 70490000,
      "fcf": 28876000,
      "ocf": 51875000,
      "capex": -22999000,
      "gross_margin": 0.08490338313907525,
      "op_margin": 0.04440633356546824,
      "fcf_margin": 0.014312727849497275,
      "incr_op_margin_yoy": 0.280350002897375,
      "rev_growth_yoy": -0.016819532372750936,
      "rev_growth_yoy_accel": 0.14886621709782563,
      "op_leverage_ratio": 0.6462224479540142,
      "fcf_margin_change": -0.02131067352877939
    },
    {
      "date": "2024-12-28T00:00:00",
      "quarter_label": "2024-12 (Q4)",
      "revenue": 2006348000,
      "gross_profit": 167915000,
      "operating_income": 88610000,
      "net_income": 65003000,
      "opex": 79305000,
      "cogs": 1838433000,
      "rd": 7024000,
      "sga": 70845000,
      "fcf": 46853000,
      "ocf": 63938000,
      "capex": -17085000,
      "gross_margin": 0.08369186202991705,
      "op_margin": 0.04416482085859482,
      "fcf_margin": 0.023352379547316816,
      "incr_op_margin_yoy": 0.007860129228430254,
      "rev_growth_yoy": 0.07016755938506442,
      "rev_growth_yoy_accel": 0.08698709175781535,
      "fcf_margin_change": 0.009039651697819541
    },
    {
      "date": "2025-03-29T00:00:00",
      "quarter_label": "2025-03 (Q1)",
      "revenue": 1984080000,
      "gross_profit": 176235000,
      "operating_income": 91616000,
      "net_income": 64208000,
      "opex": 84619000,
      "cogs": 1807845000,
      "rd": 7316000,
      "sga": 76313000,
      "fcf": 126147000,
      "ocf": 156858000,
      "capex": -30711000,
      "gross_margin": 0.08882454336518689,
      "op_margin": 0.046175557437200115,
      "fcf_margin": 0.06357959356477562,
      "incr_op_margin_yoy": 0.10472622671171021,
      "rev_growth_yoy": 0.08148119884770208,
      "rev_growth_yoy_accel": 0.011313639462637665,
      "fcf_margin_change": 0.0402272140174588
    },
    {
      "date": "2025-06-28T00:00:00",
      "quarter_label": "2025-06 (Q2)",
      "revenue": 2041562000,
      "gross_profit": 181050000,
      "operating_income": 95877000,
      "net_income": 68616000,
      "opex": 85173000,
      "cogs": 1860512000,
      "rd": 8078000,
      "sga": 69542000,
      "fcf": 163688000,
      "ocf": 200782000,
      "capex": -37094000,
      "gross_margin": 0.08868209733527564,
      "op_margin": 0.04696257081587529,
      "fcf_margin": 0.080177824626438,
      "incr_op_margin_yoy": 0.06750544640537245,
      "rev_growth_yoy": 0.10868292576964642,
      "rev_growth_yoy_accel": 0.027201726921944336,
      "op_leverage_ratio": 4.425178716809632,
      "fcf_margin_change": 0.016598231061662375
    },
    {
      "date": "2025-09-27T00:00:00",
      "quarter_label": "2025-09 (Q3)",
      "revenue": 2096392000,
      "gross_profit": 191157000,
      "operating_income": 78465000,
      "net_income": 48066000,
      "opex": 112692000,
      "cogs": 1905235000,
      "rd": 8669000,
      "sga": 73521000,
      "fcf": 136612000,
      "ocf": 199079000,
      "capex": -62467000,
      "gross_margin": 0.09118380531885258,
      "op_margin": 0.03742859159928105,
      "fcf_margin": 0.06516529351380848,
      "incr_op_margin_yoy": -0.14102450340360262,
      "rev_growth_yoy": 0.03910126616786575,
      "rev_growth_yoy_accel": -0.06958165960178067,
      "op_leverage_ratio": 0.08312371957769979,
      "fcf_margin_change": -0.015012531112629512
    },
    {
      "date": "2025-12-27T00:00:00",
      "quarter_label": "2025-12 (Q4)",
      "revenue": 3189693000,
      "gross_profit": 242362000,
      "operating_income": 73598000,
      "net_income": 49286000,
      "opex": 168764000,
      "cogs": 2947331000,
      "rd": 8658000,
      "sga": 114886000,
      "fcf": 91891000,
      "ocf": 178728000,
      "capex": -86837000,
      "gross_margin": 0.07598286104650197,
      "op_margin": 0.02307369392602987,
      "fcf_margin": 0.02880872861432119,
      "incr_op_margin_yoy": -0.01268607210914822,
      "rev_growth_yoy": 0.589800473297753,
      "rev_growth_yoy_accel": 0.5506992071298872,
      "op_leverage_ratio": 1.0481279232918619,
      "fcf_margin_change": -0.03635656489948729
    }
  ],
  "signals": [
    {
      "quarter": "2025-12 (Q4)",
      "signal": "YoY REVENUE GROWTH ACCELERATION",
      "detail": "YoY growth: +59.0% vs prior quarter YoY: +3.9% (accel: +55.1%)",
      "severity": "HIGH"
    },
    {
      "quarter": "2025-09 (Q3)",
      "signal": "YoY REVENUE GROWTH DECELERATION",
      "detail": "YoY growth: +3.9% vs prior quarter YoY: +10.9% (decel: -7.0%)",
      "severity": "WARNING"
    },
    {
      "quarter": "2025-06 (Q2)",
      "signal": "OPERATING LEVERAGE",
      "detail": "Rev growth +2.9% vs OpEx growth +0.7% (leverage: 4.4x)",
      "severity": "MEDIUM"
    },
    {
      "quarter": "2024-12 (Q4)",
      "signal": "YoY REVENUE GROWTH ACCELERATION",
      "detail": "YoY growth: +7.0% vs prior quarter YoY: -1.7% (accel: +8.7%)",
      "severity": "MEDIUM"
    },
    {
      "quarter": "2024-09 (Q3)",
      "signal": "YoY REVENUE GROWTH ACCELERATION",
      "detail": "YoY growth: -1.7% vs prior quarter YoY: -16.6% (accel: +14.9%)",
      "severity": "MEDIUM"
    },
    {
      "quarter": "2024-09 (Q3)",
      "signal": "INCREMENTAL MARGIN (YoY)",
      "detail": "YoY Incr OPM: +28.0% vs year-ago OPM: +4.8%",
      "severity": "HIGH"
    },
    {
      "quarter": "2023-12 (Q4)",
      "signal": "YoY REVENUE GROWTH DECELERATION",
      "detail": "YoY growth: -20.6% vs prior quarter YoY: -7.8% (decel: -12.8%)",
      "severity": "WARNING"
    },
    {
      "quarter": "2023-09 (Q3)",
      "signal": "YoY REVENUE GROWTH DECELERATION",
      "detail": "YoY growth: -7.8% vs prior quarter YoY: +9.1% (decel: -16.9%)",
      "severity": "WARNING"
    },
    {
      "quarter": "2023-07 (Q3)",
      "signal": "YoY REVENUE GROWTH DECELERATION",
      "detail": "YoY growth: +9.1% vs prior quarter YoY: +21.1% (decel: -12.1%)",
      "severity": "WARNING"
    },
    {
      "quarter": "2023-04 (Q2)",
      "signal": "YoY REVENUE GROWTH DECELERATION",
      "detail": "YoY growth: +21.1% vs prior quarter YoY: +34.4% (decel: -13.3%)",
      "severity": "WARNING"
    },
    {
      "quarter": "2022-10 (Q4)",
      "signal": "YoY REVENUE GROWTH ACCELERATION",
      "detail": "YoY growth: +34.8% vs prior quarter YoY: +22.4% (accel: +12.4%)",
      "severity": "MEDIUM"
    },
    {
      "quarter": "2022-07 (Q3)",
      "signal": "OPERATING LEVERAGE",
      "detail": "Rev growth +5.7% vs OpEx growth +0.5% (leverage: 11.3x)",
      "severity": "MEDIUM"
    },
    {
      "quarter": "2022-07 (Q3)",
      "signal": "YoY REVENUE GROWTH ACCELERATION",
      "detail": "YoY growth: +22.4% vs prior quarter YoY: +14.1% (accel: +8.3%)",
      "severity": "MEDIUM"
    }
  ],
  "data_quality": {
    "n_quarters": 20,
    "coverage": {
      "revenue": [
        20,
        20
      ],
      "gross_profit": [
        20,
        20
      ],
      "op_income": [
        20,
        20
      ],
      "fcf": [
        20,
        20
      ]
    },
    "gaps": [],
    "warnings": []
  },
  "market_cap": null,
  "source": "SEC EDGAR",
  "last_updated": "2026-02-02T20:46:48.114650"
}