{
  "ticker": "SANW",
  "name": "S&W SEED CO",
  "quarters": [
    {
      "date": "2020-06-30T00:00:00",
      "quarter_label": "2020-06 (Q2)",
      "revenue": 25864756,
      "gross_profit": 3244259,
      "operating_income": -5888690,
      "net_income": -4802228,
      "opex": 9132949,
      "cogs": 22620497,
      "rd": 2035040,
      "sga": 5684185,
      "fcf": -1246880,
      "ocf": -1035554,
      "capex": -211326,
      "gross_margin": 0.12543164915222862,
      "op_margin": -0.22767235847885053,
      "fcf_margin": -0.04820768461917831
    },
    {
      "date": "2020-09-30T00:00:00",
      "quarter_label": "2020-09 (Q3)",
      "revenue": 13855386,
      "gross_profit": 1780932,
      "operating_income": -6297586,
      "net_income": -7172760,
      "opex": 8078518,
      "cogs": 12074454,
      "rd": 2016686,
      "sga": 4684744,
      "fcf": -3593508,
      "ocf": -3471983,
      "capex": -121525,
      "gross_margin": 0.12853716237136953,
      "op_margin": -0.4545225950399361,
      "fcf_margin": -0.2593582019295601,
      "fcf_margin_change": -0.21115051731038179
    },
    {
      "date": "2020-12-31T00:00:00",
      "quarter_label": "2020-12 (Q4)",
      "revenue": 15051331,
      "gross_profit": 2038160,
      "operating_income": -7362251,
      "net_income": -8466452,
      "opex": 9400411,
      "cogs": 13013171,
      "rd": 2109303,
      "sga": 5920286,
      "fcf": -4640551,
      "ocf": -4415096,
      "capex": -225455,
      "gross_margin": 0.13541393781054978,
      "op_margin": -0.4891428538778398,
      "fcf_margin": -0.30831499220899466,
      "op_leverage_ratio": 0.5275066904637999,
      "fcf_margin_change": -0.04895679027943456
    },
    {
      "date": "2021-03-31T00:00:00",
      "quarter_label": "2021-03 (Q1)",
      "revenue": 32376697,
      "gross_profit": 6170631,
      "operating_income": -2010048,
      "net_income": -1847292,
      "opex": 8180679,
      "cogs": 26206066,
      "rd": 2357905,
      "sga": 5797322,
      "fcf": -2387833,
      "ocf": -1962282,
      "capex": -425551,
      "gross_margin": 0.19058865084353724,
      "op_margin": -0.062083170497595846,
      "fcf_margin": -0.07375159362303078,
      "op_leverage_ratio": Infinity,
      "fcf_margin_change": 0.23456339858596387
    },
    {
      "date": "2021-06-30T00:00:00",
      "quarter_label": "2021-06 (Q2)",
      "revenue": 22765622,
      "gross_profit": 3687175,
      "operating_income": -4599376,
      "net_income": -1684463,
      "opex": 8286551,
      "cogs": 19078447,
      "rd": 2031892,
      "sga": 5465177,
      "fcf": -4679030,
      "ocf": -4371681,
      "capex": -307349,
      "gross_margin": 0.16196240981247953,
      "op_margin": -0.20203164227184303,
      "fcf_margin": -0.20553051438699985,
      "incr_op_margin_yoy": -0.41602396024179655,
      "rev_growth_yoy": -0.11982073211902715,
      "fcf_margin_change": -0.13177892076396908
    },
    {
      "date": "2021-09-30T00:00:00",
      "quarter_label": "2021-09 (Q3)",
      "revenue": 15531682,
      "gross_profit": 3126670,
      "operating_income": -5769071,
      "net_income": -6399975,
      "opex": 8895741,
      "cogs": 12405012,
      "rd": 1995128,
      "sga": 5587635,
      "fcf": -5955442,
      "ocf": -5484482,
      "capex": -470960,
      "gross_margin": 0.20130916921940586,
      "op_margin": -0.37143890790450124,
      "fcf_margin": -0.3834383165970048,
      "incr_op_margin_yoy": 0.3152873955435078,
      "rev_growth_yoy": 0.12098515335480368,
      "rev_growth_yoy_accel": 0.24080588547383083,
      "fcf_margin_change": -0.17790780221000493
    },
    {
      "date": "2021-12-31T00:00:00",
      "quarter_label": "2021-12 (Q4)",
      "revenue": 12631409,
      "gross_profit": 1660364,
      "operating_income": -8897022,
      "net_income": -9795102,
      "opex": 10557386,
      "cogs": 10971045,
      "rd": 2110413,
      "sga": 7091093,
      "fcf": -3337750,
      "ocf": -2581342,
      "capex": -756408,
      "gross_margin": 0.13144725184656755,
      "op_margin": -0.7043570515371642,
      "fcf_margin": -0.26424209682387767,
      "incr_op_margin_yoy": 0.634223334471111,
      "rev_growth_yoy": -0.16077794050240474,
      "rev_growth_yoy_accel": -0.28176309385720844,
      "fcf_margin_change": 0.11919621977312711
    },
    {
      "date": "2022-03-31T00:00:00",
      "quarter_label": "2022-03 (Q1)",
      "revenue": 23186877,
      "gross_profit": 2705414,
      "operating_income": -6210929,
      "net_income": -7304923,
      "opex": 8916343,
      "cogs": 20481463,
      "rd": 1904631,
      "sga": 5582060,
      "fcf": -10350774,
      "ocf": -9940595,
      "capex": -410179,
      "gross_margin": 0.11667867130187476,
      "op_margin": -0.26786397322934,
      "fcf_margin": -0.44640656005550033,
      "incr_op_margin_yoy": 0.45712331688759955,
      "rev_growth_yoy": -0.28384056594778645,
      "rev_growth_yoy_accel": -0.12306262544538171,
      "op_leverage_ratio": Infinity,
      "fcf_margin_change": -0.18216446323162266
    },
    {
      "date": "2022-06-30T00:00:00",
      "quarter_label": "2022-06 (Q2)",
      "revenue": 20004331,
      "gross_profit": -1137285,
      "operating_income": -11926746,
      "net_income": -12895350,
      "opex": 10789461,
      "cogs": 21141616,
      "rd": 1700470,
      "sga": 6209945,
      "fcf": -827708,
      "ocf": -366720,
      "capex": -460988,
      "gross_margin": -0.05685193871267177,
      "op_margin": -0.5962081911162138,
      "fcf_margin": -0.04137643993193274,
      "incr_op_margin_yoy": 2.6536029704945983,
      "rev_growth_yoy": -0.12129213952511379,
      "rev_growth_yoy_accel": 0.16254842642267264,
      "fcf_margin_change": 0.4050301201235676
    },
    {
      "date": "2022-09-30T00:00:00",
      "quarter_label": "2022-09 (Q3)",
      "revenue": 19865865,
      "gross_profit": 4504511,
      "operating_income": -3399900,
      "net_income": -4508941,
      "opex": 7904411,
      "cogs": 15361354,
      "rd": 1515380,
      "sga": 5056257,
      "fcf": -7471371,
      "ocf": -7319995,
      "capex": -151376,
      "gross_margin": 0.22674628061753163,
      "op_margin": -0.17114281205474818,
      "fcf_margin": -0.37609089762766434,
      "incr_op_margin_yoy": 0.5466245887633263,
      "rev_growth_yoy": 0.27905432264193925,
      "rev_growth_yoy_accel": 0.40034646216705305,
      "fcf_margin_change": -0.3347144576957316
    },
    {
      "date": "2022-12-31T00:00:00",
      "quarter_label": "2022-12 (Q4)",
      "revenue": 12937802,
      "gross_profit": 2749291,
      "operating_income": -6249547,
      "net_income": -5986005,
      "opex": 8998838,
      "cogs": 10188511,
      "rd": 1503473,
      "sga": 6241461,
      "fcf": -1024037,
      "ocf": -1020416,
      "capex": -3621,
      "gross_margin": 0.21250062414002008,
      "op_margin": -0.4830454972181519,
      "fcf_margin": -0.07915077074142887,
      "rev_growth_yoy": 0.02425643885017103,
      "rev_growth_yoy_accel": -0.2547978837917682,
      "fcf_margin_change": 0.2969401268862355
    },
    {
      "date": "2023-03-31T00:00:00",
      "quarter_label": "2023-03 (Q1)",
      "revenue": 17662307,
      "gross_profit": 4430471,
      "operating_income": -3912749,
      "net_income": 32119365,
      "opex": 8343220,
      "cogs": 13231836,
      "rd": 1208038,
      "sga": 5990651,
      "fcf": -8258734,
      "ocf": -7487984,
      "capex": -770750,
      "gross_margin": 0.25084327885366275,
      "op_margin": -0.2215310264961423,
      "fcf_margin": -0.4675908985162584,
      "incr_op_margin_yoy": -0.41599255688678033,
      "rev_growth_yoy": -0.2382627897668151,
      "rev_growth_yoy_accel": -0.2625192286169861,
      "op_leverage_ratio": Infinity,
      "fcf_margin_change": -0.3884401277748295
    },
    {
      "date": "2023-06-30T00:00:00",
      "quarter_label": "2023-06 (Q2)",
      "revenue": 23055317,
      "gross_profit": 2853808,
      "operating_income": -4381326,
      "net_income": -7214341,
      "opex": 7235134,
      "cogs": 20201509,
      "rd": 1010881,
      "sga": 5141567,
      "fcf": -3080724,
      "ocf": -3149755,
      "capex": 69031,
      "gross_margin": 0.12378090485591675,
      "op_margin": -0.19003538316128987,
      "fcf_margin": -0.1336231464525081,
      "incr_op_margin_yoy": 2.473108693386335,
      "rev_growth_yoy": 0.1525162726011682,
      "rev_growth_yoy_accel": 0.3907790623679833,
      "op_leverage_ratio": Infinity,
      "fcf_margin_change": 0.3339677520637503
    },
    {
      "date": "2023-09-30T00:00:00",
      "quarter_label": "2023-09 (Q3)",
      "revenue": 16432466,
      "gross_profit": 5011314,
      "operating_income": -2897844,
      "net_income": -5949629,
      "opex": 7909158,
      "cogs": 11421152,
      "rd": 1086512,
      "sga": 5786579,
      "fcf": 678332,
      "ocf": 794678,
      "capex": -116346,
      "gross_margin": 0.3049642092671909,
      "op_margin": -0.1763486989719011,
      "fcf_margin": 0.04127998804318232,
      "incr_op_margin_yoy": -0.14622710614175632,
      "rev_growth_yoy": -0.17282907137444053,
      "rev_growth_yoy_accel": -0.32534534397560877,
      "fcf_margin_change": 0.17490313449569045
    },
    {
      "date": "2023-12-31T00:00:00",
      "quarter_label": "2023-12 (Q4)",
      "revenue": 10864809,
      "gross_profit": 3289124,
      "operating_income": -4605731,
      "net_income": -6468852,
      "opex": 7894855,
      "cogs": 7575685,
      "rd": 994648,
      "sga": 5892922,
      "fcf": 1836976,
      "ocf": 1955034,
      "capex": -118058,
      "gross_margin": 0.302731874992004,
      "op_margin": -0.4239127443473696,
      "fcf_margin": 0.1690757748249417,
      "incr_op_margin_yoy": -0.7929674629870916,
      "rev_growth_yoy": -0.1602276028030109,
      "rev_growth_yoy_accel": 0.01260146857142963,
      "fcf_margin_change": 0.1277957867817594
    },
    {
      "date": "2024-03-31T00:00:00",
      "quarter_label": "2024-03 (Q1)",
      "revenue": 18324635,
      "gross_profit": 5029300,
      "operating_income": -2630652,
      "net_income": -5500537,
      "opex": 7659952,
      "cogs": 3295335,
      "rd": 936368,
      "sga": 5636288,
      "fcf": -8386129,
      "ocf": -8331534,
      "capex": -54595,
      "gross_margin": 0.27445567128622206,
      "op_margin": -0.1435582209413721,
      "fcf_margin": -0.4576423486743392,
      "rev_growth_yoy": 0.03749951804144272,
      "rev_growth_yoy_accel": 0.19772712084445362,
      "op_leverage_ratio": Infinity,
      "fcf_margin_change": -0.6267181234992809
    },
    {
      "date": "2024-06-30T00:00:00",
      "quarter_label": "2024-06 (Q2)",
      "revenue": 14819736,
      "gross_profit": 2480012,
      "operating_income": -7554030,
      "net_income": -12111959,
      "opex": 10034042,
      "cogs": 12339724,
      "rd": 1044892,
      "sga": 4410084,
      "fcf": -1309301,
      "ocf": -55200,
      "capex": -1254101,
      "gross_margin": 0.16734522126440038,
      "op_margin": -0.5097277036514011,
      "fcf_margin": -0.08834846990526687,
      "incr_op_margin_yoy": 0.385243494053425,
      "rev_growth_yoy": -0.35720961893518965,
      "rev_growth_yoy_accel": -0.39470913697663235,
      "fcf_margin_change": 0.3692938787690724
    },
    {
      "date": "2024-09-30T00:00:00",
      "quarter_label": "2024-09 (Q3)",
      "revenue": 8309476,
      "gross_profit": 1336368,
      "operating_income": -4233578,
      "net_income": -16229726,
      "opex": 5569946,
      "cogs": 6973108,
      "rd": 741820,
      "sga": 4002211,
      "fcf": -788296,
      "ocf": -650255,
      "capex": -138041,
      "gross_margin": 0.16082458147782122,
      "op_margin": -0.5094879628992249,
      "fcf_margin": -0.09486711316092615,
      "incr_op_margin_yoy": 0.16443871037635158,
      "rev_growth_yoy": -0.4943256842886515,
      "rev_growth_yoy_accel": -0.13711606535346182,
      "fcf_margin_change": -0.006518643255659276
    },
    {
      "date": "2024-12-31T00:00:00",
      "quarter_label": "2024-12 (Q4)",
      "revenue": 5076898,
      "gross_profit": 1882522,
      "operating_income": -4344263,
      "net_income": -1660857,
      "opex": 6226785,
      "cogs": 3194376,
      "rd": 832586,
      "sga": 4687826,
      "fcf": 3285657,
      "ocf": 3342663,
      "capex": -57006,
      "gross_margin": 0.37080161941405954,
      "op_margin": -0.855692393268488,
      "fcf_margin": 0.6471780603037524,
      "incr_op_margin_yoy": -0.045174848058306356,
      "rev_growth_yoy": -0.5327209157565495,
      "rev_growth_yoy_accel": -0.03839523146789797,
      "fcf_margin_change": 0.7420451734646785
    },
    {
      "date": "2025-03-31T00:00:00",
      "quarter_label": "2025-03 (Q1)",
      "revenue": 9552427,
      "gross_profit": 3605332,
      "operating_income": -662601,
      "net_income": -2236034,
      "opex": 4267933,
      "cogs": 5947095,
      "rd": 734521,
      "sga": 2955365,
      "fcf": -3053268,
      "ocf": -3040373,
      "capex": -12895,
      "gross_margin": 0.37742575787284216,
      "op_margin": -0.06936467559500847,
      "fcf_margin": -0.31963269648645315,
      "incr_op_margin_yoy": -0.2243506993906209,
      "rev_growth_yoy": -0.4787111994318031,
      "rev_growth_yoy_accel": 0.054009716324746326,
      "op_leverage_ratio": Infinity,
      "fcf_margin_change": -0.9668107567902056
    }
  ],
  "signals": [
    {
      "quarter": "2025-03 (Q1)",
      "signal": "YoY REVENUE GROWTH ACCELERATION",
      "detail": "YoY growth: -47.9% vs prior quarter YoY: -53.3% (accel: +5.4%)",
      "severity": "MEDIUM"
    },
    {
      "quarter": "2024-12 (Q4)",
      "signal": "FCF TURNED POSITIVE",
      "detail": "FCF margin: -9.5% -> +64.7%",
      "severity": "HIGH"
    },
    {
      "quarter": "2024-12 (Q4)",
      "signal": "GROSS MARGIN INFLECTION",
      "detail": "GM: +16.7% -> +16.1% -> +37.1% (reversal +21.0%)",
      "severity": "HIGH"
    },
    {
      "quarter": "2024-09 (Q3)",
      "signal": "YoY REVENUE GROWTH DECELERATION",
      "detail": "YoY growth: -49.4% vs prior quarter YoY: -35.7% (decel: -13.7%)",
      "severity": "WARNING"
    },
    {
      "quarter": "2024-06 (Q2)",
      "signal": "FCF MARGIN EXPANSION",
      "detail": "FCF margin: -45.8% -> -8.8% (+36.9%)",
      "severity": "MEDIUM"
    },
    {
      "quarter": "2024-06 (Q2)",
      "signal": "YoY REVENUE GROWTH DECELERATION",
      "detail": "YoY growth: -35.7% vs prior quarter YoY: +3.7% (decel: -39.5%)",
      "severity": "WARNING"
    },
    {
      "quarter": "2024-03 (Q1)",
      "signal": "YoY REVENUE GROWTH ACCELERATION",
      "detail": "YoY growth: +3.7% vs prior quarter YoY: -16.0% (accel: +19.8%)",
      "severity": "HIGH"
    },
    {
      "quarter": "2023-12 (Q4)",
      "signal": "FCF MARGIN EXPANSION",
      "detail": "FCF margin: +4.1% -> +16.9% (+12.8%)",
      "severity": "MEDIUM"
    },
    {
      "quarter": "2023-09 (Q3)",
      "signal": "FCF TURNED POSITIVE",
      "detail": "FCF margin: -13.4% -> +4.1%",
      "severity": "HIGH"
    },
    {
      "quarter": "2023-09 (Q3)",
      "signal": "GROSS MARGIN INFLECTION",
      "detail": "GM: +25.1% -> +12.4% -> +30.5% (reversal +18.1%)",
      "severity": "HIGH"
    },
    {
      "quarter": "2023-09 (Q3)",
      "signal": "YoY REVENUE GROWTH DECELERATION",
      "detail": "YoY growth: -17.3% vs prior quarter YoY: +15.3% (decel: -32.5%)",
      "severity": "WARNING"
    },
    {
      "quarter": "2023-06 (Q2)",
      "signal": "FCF MARGIN EXPANSION",
      "detail": "FCF margin: -46.8% -> -13.4% (+33.4%)",
      "severity": "MEDIUM"
    },
    {
      "quarter": "2023-06 (Q2)",
      "signal": "YoY REVENUE GROWTH ACCELERATION",
      "detail": "YoY growth: +15.3% vs prior quarter YoY: -23.8% (accel: +39.1%)",
      "severity": "HIGH"
    },
    {
      "quarter": "2023-03 (Q1)",
      "signal": "GROSS MARGIN INFLECTION",
      "detail": "GM: +22.7% -> +21.3% -> +25.1% (reversal +3.8%)",
      "severity": "MEDIUM"
    },
    {
      "quarter": "2023-03 (Q1)",
      "signal": "YoY REVENUE GROWTH DECELERATION",
      "detail": "YoY growth: -23.8% vs prior quarter YoY: +2.4% (decel: -26.3%)",
      "severity": "WARNING"
    },
    {
      "quarter": "2022-12 (Q4)",
      "signal": "FCF MARGIN EXPANSION",
      "detail": "FCF margin: -37.6% -> -7.9% (+29.7%)",
      "severity": "MEDIUM"
    },
    {
      "quarter": "2022-12 (Q4)",
      "signal": "YoY REVENUE GROWTH DECELERATION",
      "detail": "YoY growth: +2.4% vs prior quarter YoY: +27.9% (decel: -25.5%)",
      "severity": "WARNING"
    },
    {
      "quarter": "2022-09 (Q3)",
      "signal": "GROSS MARGIN INFLECTION",
      "detail": "GM: +11.7% -> -5.7% -> +22.7% (reversal +28.4%)",
      "severity": "HIGH"
    },
    {
      "quarter": "2022-09 (Q3)",
      "signal": "YoY REVENUE GROWTH ACCELERATION",
      "detail": "YoY growth: +27.9% vs prior quarter YoY: -12.1% (accel: +40.0%)",
      "severity": "HIGH"
    },
    {
      "quarter": "2022-06 (Q2)",
      "signal": "FCF MARGIN EXPANSION",
      "detail": "FCF margin: -44.6% -> -4.1% (+40.5%)",
      "severity": "MEDIUM"
    },
    {
      "quarter": "2022-06 (Q2)",
      "signal": "YoY REVENUE GROWTH ACCELERATION",
      "detail": "YoY growth: -12.1% vs prior quarter YoY: -28.4% (accel: +16.3%)",
      "severity": "HIGH"
    },
    {
      "quarter": "2022-03 (Q1)",
      "signal": "YoY REVENUE GROWTH DECELERATION",
      "detail": "YoY growth: -28.4% vs prior quarter YoY: -16.1% (decel: -12.3%)",
      "severity": "WARNING"
    },
    {
      "quarter": "2021-12 (Q4)",
      "signal": "FCF MARGIN EXPANSION",
      "detail": "FCF margin: -38.3% -> -26.4% (+11.9%)",
      "severity": "MEDIUM"
    },
    {
      "quarter": "2021-12 (Q4)",
      "signal": "YoY REVENUE GROWTH DECELERATION",
      "detail": "YoY growth: -16.1% vs prior quarter YoY: +12.1% (decel: -28.2%)",
      "severity": "WARNING"
    },
    {
      "quarter": "2021-09 (Q3)",
      "signal": "GROSS MARGIN INFLECTION",
      "detail": "GM: +19.1% -> +16.2% -> +20.1% (reversal +3.9%)",
      "severity": "MEDIUM"
    },
    {
      "quarter": "2021-09 (Q3)",
      "signal": "YoY REVENUE GROWTH ACCELERATION",
      "detail": "YoY growth: +12.1% vs prior quarter YoY: -12.0% (accel: +24.1%)",
      "severity": "HIGH"
    },
    {
      "quarter": "2021-03 (Q1)",
      "signal": "FCF MARGIN EXPANSION",
      "detail": "FCF margin: -30.8% -> -7.4% (+23.5%)",
      "severity": "MEDIUM"
    }
  ],
  "data_quality": {
    "n_quarters": 20,
    "coverage": {
      "revenue": [
        20,
        20
      ],
      "gross_profit": [
        20,
        20
      ],
      "op_income": [
        20,
        20
      ],
      "fcf": [
        20,
        20
      ]
    },
    "gaps": [],
    "warnings": []
  },
  "market_cap": null,
  "source": "SEC EDGAR",
  "last_updated": "2026-02-03T01:06:12.252723"
}