{
  "ticker": "SBAC",
  "name": "SBA COMMUNICATIONS CORPORATION",
  "quarters": [
    {
      "date": "2020-12-31T00:00:00",
      "quarter_label": "2020-12 (Q4)",
      "revenue": 535905000,
      "gross_profit": 407916000,
      "operating_income": 165100000,
      "net_income": 105781000,
      "opex": 370804000,
      "cogs": 127991000,
      "rd": null,
      "sga": 47411000,
      "fcf": 209930000,
      "ocf": 243125000,
      "capex": -33195000,
      "gross_margin": 0.7611722226887229,
      "op_margin": 0.3080769912577789,
      "fcf_margin": 0.39172987749694443
    },
    {
      "date": "2021-03-31T00:00:00",
      "quarter_label": "2021-03 (Q1)",
      "revenue": 548739000,
      "gross_profit": 418965000,
      "operating_income": 173579000,
      "net_income": -11745000,
      "opex": 375160000,
      "cogs": 129774000,
      "rd": null,
      "sga": 51601000,
      "fcf": 260962000,
      "ocf": 285498000,
      "capex": -24536000,
      "gross_margin": 0.7635050543154396,
      "op_margin": 0.31632342516205336,
      "fcf_margin": 0.4755667083987105,
      "op_leverage_ratio": 2.0385941106343552,
      "fcf_margin_change": 0.08383683090176608
    },
    {
      "date": "2021-06-30T00:00:00",
      "quarter_label": "2021-06 (Q2)",
      "revenue": 575528000,
      "gross_profit": 439769000,
      "operating_income": 199764000,
      "net_income": 152669000,
      "opex": 375764000,
      "cogs": 135759000,
      "rd": null,
      "sga": 53945000,
      "fcf": 321945000,
      "ocf": 352784000,
      "capex": -30839000,
      "gross_margin": 0.7641139961913235,
      "op_margin": 0.3470969266482256,
      "fcf_margin": 0.5593906812526932,
      "op_leverage_ratio": 30.322867157837337,
      "fcf_margin_change": 0.08382397285398269
    },
    {
      "date": "2021-09-30T00:00:00",
      "quarter_label": "2021-09 (Q3)",
      "revenue": 589305000,
      "gross_profit": 449282000,
      "operating_income": 211776000,
      "net_income": 47798000,
      "opex": 377529000,
      "cogs": 140023000,
      "rd": null,
      "sga": 51000000,
      "fcf": 218016000,
      "ocf": 253048000,
      "capex": -35032000,
      "gross_margin": 0.7623929883506843,
      "op_margin": 0.35936569348639497,
      "fcf_margin": 0.3699544378547611,
      "op_leverage_ratio": 5.0963431396982415,
      "fcf_margin_change": -0.18943624339793208
    },
    {
      "date": "2021-12-31T00:00:00",
      "quarter_label": "2021-12 (Q4)",
      "revenue": 595262000,
      "gross_profit": 455336000,
      "operating_income": 197376000,
      "net_income": 48902000,
      "opex": 397760000,
      "cogs": 139802000,
      "rd": null,
      "sga": 63483000,
      "fcf": 255279000,
      "ocf": 298566000,
      "capex": -43287000,
      "gross_margin": 0.764933760260188,
      "op_margin": 0.3315783638129093,
      "fcf_margin": 0.42885149732386746,
      "incr_op_margin_yoy": 0.5437606348029719,
      "rev_growth_yoy": 0.11076030266558438,
      "op_leverage_ratio": 0.18863420314870966,
      "fcf_margin_change": 0.05889705946910634
    },
    {
      "date": "2022-03-31T00:00:00",
      "quarter_label": "2022-03 (Q1)",
      "revenue": 619770000,
      "gross_profit": 466842000,
      "operating_income": 216779000,
      "net_income": 188623000,
      "opex": 402991000,
      "cogs": 152928000,
      "rd": null,
      "sga": 62124000,
      "fcf": 254474000,
      "ocf": 292482000,
      "capex": -38008000,
      "gross_margin": 0.7532503993416912,
      "op_margin": 0.3497733029994998,
      "fcf_margin": 0.41059425270664923,
      "incr_op_margin_yoy": 0.6081851585927271,
      "rev_growth_yoy": 0.12944405263704603,
      "rev_growth_yoy_accel": 0.018683749971461647,
      "op_leverage_ratio": 3.1306614059585254,
      "fcf_margin_change": -0.018257244617218227
    },
    {
      "date": "2022-06-30T00:00:00",
      "quarter_label": "2022-06 (Q2)",
      "revenue": 652006000,
      "gross_profit": 485994000,
      "operating_income": 230978000,
      "net_income": 69516000,
      "opex": 421028000,
      "cogs": 166012000,
      "rd": null,
      "sga": 63274000,
      "fcf": 319152000,
      "ocf": 372115000,
      "capex": -52963000,
      "gross_margin": 0.7453827112020441,
      "op_margin": 0.35425747615819486,
      "fcf_margin": 0.48949242798379156,
      "incr_op_margin_yoy": 0.4081435183974476,
      "rev_growth_yoy": 0.13288319595223863,
      "rev_growth_yoy_accel": 0.0034391433151926,
      "op_leverage_ratio": 1.1620950160507915,
      "fcf_margin_change": 0.07889817527714232
    },
    {
      "date": "2022-09-30T00:00:00",
      "quarter_label": "2022-09 (Q3)",
      "revenue": 675584000,
      "gross_profit": 498031000,
      "operating_income": 242987000,
      "net_income": 100009000,
      "opex": 432597000,
      "cogs": 177553000,
      "rd": null,
      "sga": 65843000,
      "fcf": 275092000,
      "ocf": 332469000,
      "capex": -57377000,
      "gross_margin": 0.7371859013830997,
      "op_margin": 0.35966955996589617,
      "fcf_margin": 0.40719140773020085,
      "incr_op_margin_yoy": 0.36174503645151196,
      "rev_growth_yoy": 0.14640805694843925,
      "rev_growth_yoy_accel": 0.013524860996200622,
      "op_leverage_ratio": 1.3160443622734965,
      "fcf_margin_change": -0.0823010202535907
    },
    {
      "date": "2022-12-31T00:00:00",
      "quarter_label": "2022-12 (Q4)",
      "revenue": 686094000,
      "gross_profit": 513935000,
      "operating_income": 234664000,
      "net_income": 103281000,
      "opex": 451432000,
      "cogs": 172159000,
      "rd": null,
      "sga": 70612000,
      "fcf": 222539000,
      "ocf": 288634000,
      "capex": -66095000,
      "gross_margin": 0.7490737420819887,
      "op_margin": 0.3420289348106819,
      "fcf_margin": 0.32435642929394515,
      "incr_op_margin_yoy": 0.4105161176677823,
      "rev_growth_yoy": 0.1525916319200621,
      "rev_growth_yoy_accel": 0.006183574971622835,
      "op_leverage_ratio": 0.3573067653176762,
      "fcf_margin_change": -0.0828349784362557
    },
    {
      "date": "2023-03-31T00:00:00",
      "quarter_label": "2023-03 (Q1)",
      "revenue": 675516000,
      "gross_profit": 511212000,
      "operating_income": 224141000,
      "net_income": 101217000,
      "opex": 451375000,
      "cogs": 164304000,
      "rd": null,
      "sga": 72209000,
      "fcf": 262033000,
      "ocf": 311168000,
      "capex": -49135000,
      "gross_margin": 0.7567726005009504,
      "op_margin": 0.33180709265213554,
      "fcf_margin": 0.38790050864820375,
      "incr_op_margin_yoy": 0.1320632870519858,
      "rev_growth_yoy": 0.08994627039062879,
      "rev_growth_yoy_accel": -0.0626453615294333,
      "fcf_margin_change": 0.0635440793542586
    },
    {
      "date": "2023-06-30T00:00:00",
      "quarter_label": "2023-06 (Q2)",
      "revenue": 678500000,
      "gross_profit": 524250000,
      "operating_income": 241227000,
      "net_income": 203648000,
      "opex": 437273000,
      "cogs": 154250000,
      "rd": null,
      "sga": 63383000,
      "fcf": 423485000,
      "ocf": 486933000,
      "capex": -63448000,
      "gross_margin": 0.7726602800294768,
      "op_margin": 0.3555298452468681,
      "fcf_margin": 0.6241488577745026,
      "incr_op_margin_yoy": 0.38684230391786817,
      "rev_growth_yoy": 0.040634595387159016,
      "rev_growth_yoy_accel": -0.04931167500346977,
      "fcf_margin_change": 0.23624834912629883
    },
    {
      "date": "2023-09-30T00:00:00",
      "quarter_label": "2023-09 (Q3)",
      "revenue": 682544000,
      "gross_profit": 532774000,
      "operating_income": 248604000,
      "net_income": 87419000,
      "opex": 433940000,
      "cogs": 149770000,
      "rd": null,
      "sga": 64821000,
      "fcf": 252288000,
      "ocf": 313681000,
      "capex": -61393000,
      "gross_margin": 0.7805709229002087,
      "op_margin": 0.3642314634660916,
      "fcf_margin": 0.36962891769614853,
      "incr_op_margin_yoy": 0.8070402298850575,
      "rev_growth_yoy": 0.010302197802197802,
      "rev_growth_yoy_accel": -0.030332397584961215,
      "fcf_margin_change": -0.25451994007835405
    },
    {
      "date": "2023-12-31T00:00:00",
      "quarter_label": "2023-12 (Q4)",
      "revenue": 675024000,
      "gross_profit": 530727000,
      "operating_income": 209687000,
      "net_income": 109528000,
      "opex": 465337000,
      "cogs": 144297000,
      "rd": null,
      "sga": 67524000,
      "fcf": 369889000,
      "ocf": 432611000,
      "capex": -62722000,
      "gross_margin": 0.7862342672260542,
      "op_margin": 0.3106363625589609,
      "fcf_margin": 0.5479642205314181,
      "incr_op_margin_yoy": 2.256278229448961,
      "rev_growth_yoy": -0.01613481534600215,
      "rev_growth_yoy_accel": -0.026437013148199955,
      "fcf_margin_change": 0.1783353028352696
    },
    {
      "date": "2024-03-31T00:00:00",
      "quarter_label": "2024-03 (Q1)",
      "revenue": 657862000,
      "gross_profit": 519871000,
      "operating_income": 323358000,
      "net_income": 154543000,
      "opex": 334504000,
      "cogs": 137991000,
      "rd": null,
      "sga": 68698000,
      "fcf": 236582000,
      "ocf": 294453000,
      "capex": -57871000,
      "gross_margin": 0.790243242503747,
      "op_margin": 0.49152861846405477,
      "fcf_margin": 0.35962253481733253,
      "incr_op_margin_yoy": -5.620086099467542,
      "rev_growth_yoy": -0.02613409600956898,
      "rev_growth_yoy_accel": -0.00999928066356683,
      "fcf_margin_change": -0.1883416857140856
    },
    {
      "date": "2024-06-30T00:00:00",
      "quarter_label": "2024-06 (Q2)",
      "revenue": 660477000,
      "gross_profit": 519209000,
      "operating_income": 354470000,
      "net_income": 162830000,
      "opex": 306007000,
      "cogs": 141268000,
      "rd": null,
      "sga": 62376000,
      "fcf": 375620000,
      "ocf": 425593000,
      "capex": -49973000,
      "gross_margin": 0.7861121583340525,
      "op_margin": 0.5366878786089447,
      "fcf_margin": 0.568710189756797,
      "incr_op_margin_yoy": -6.283249181601287,
      "rev_growth_yoy": -0.02656300663227708,
      "rev_growth_yoy_accel": -0.00042891062270810146,
      "fcf_margin_change": 0.20908765493946446
    },
    {
      "date": "2024-09-30T00:00:00",
      "quarter_label": "2024-09 (Q3)",
      "revenue": 667595000,
      "gross_profit": 517256000,
      "operating_income": 375596000,
      "net_income": 258534000,
      "opex": 291999000,
      "cogs": 150339000,
      "rd": null,
      "sga": 60087000,
      "fcf": 239895000,
      "ocf": 304651000,
      "capex": -64756000,
      "gross_margin": 0.7748050839206405,
      "op_margin": 0.562610564788532,
      "fcf_margin": 0.3593421161033261,
      "incr_op_margin_yoy": -8.495016389056124,
      "rev_growth_yoy": -0.021901884713659486,
      "rev_growth_yoy_accel": 0.004661121918617596,
      "op_leverage_ratio": Infinity,
      "fcf_margin_change": -0.20936807365347088
    },
    {
      "date": "2024-12-31T00:00:00",
      "quarter_label": "2024-12 (Q4)",
      "revenue": 693700000,
      "gross_profit": 541571000,
      "operating_income": 382339000,
      "net_income": 173629000,
      "opex": 311361000,
      "cogs": 152129000,
      "rd": null,
      "sga": 67595000,
      "fcf": 254620000,
      "ocf": 310169000,
      "capex": -55549000,
      "gross_margin": 0.7806991494882514,
      "op_margin": 0.5511590024506271,
      "fcf_margin": 0.3670462736053049,
      "incr_op_margin_yoy": 9.244591989719426,
      "rev_growth_yoy": 0.02766716442674631,
      "rev_growth_yoy_accel": 0.049569049140405795,
      "op_leverage_ratio": 0.5897144513064442,
      "fcf_margin_change": 0.007704157501978781
    },
    {
      "date": "2025-03-31T00:00:00",
      "quarter_label": "2025-03 (Q1)",
      "revenue": 664248000,
      "gross_profit": 510582000,
      "operating_income": 334910000,
      "net_income": 220732000,
      "opex": 329338000,
      "cogs": 153666000,
      "rd": null,
      "sga": 66219000,
      "fcf": 255002000,
      "ocf": 301175000,
      "capex": -46173000,
      "gross_margin": 0.7686617046645229,
      "op_margin": 0.5041942166178897,
      "fcf_margin": 0.3838957738675916,
      "incr_op_margin_yoy": 1.8089570936423427,
      "rev_growth_yoy": 0.009707203030422794,
      "rev_growth_yoy_accel": -0.017959961396323516,
      "fcf_margin_change": 0.01684950026228671
    },
    {
      "date": "2025-06-30T00:00:00",
      "quarter_label": "2025-06 (Q2)",
      "revenue": 698981000,
      "gross_profit": 526885000,
      "operating_income": 334781000,
      "net_income": 225794000,
      "opex": 364200000,
      "cogs": 172096000,
      "rd": null,
      "sga": 71022000,
      "fcf": 312233000,
      "ocf": 368098000,
      "capex": -55865000,
      "gross_margin": 0.7537901602475604,
      "op_margin": 0.47895579422044376,
      "fcf_margin": 0.44669740665339974,
      "incr_op_margin_yoy": -0.5113494701849158,
      "rev_growth_yoy": 0.05829726091900248,
      "rev_growth_yoy_accel": 0.04859005788857969,
      "op_leverage_ratio": 0.4939711512308771,
      "fcf_margin_change": 0.06280163278580814
    },
    {
      "date": "2025-09-30T00:00:00",
      "quarter_label": "2025-09 (Q3)",
      "revenue": 732327000,
      "gross_profit": 542538000,
      "operating_income": 374169000,
      "net_income": 236816000,
      "opex": 358158000,
      "cogs": 189789000,
      "rd": null,
      "sga": 66008000,
      "fcf": 257977000,
      "ocf": 318030000,
      "capex": -60053000,
      "gross_margin": 0.7408411816033001,
      "op_margin": 0.5109315920347058,
      "fcf_margin": 0.3522702290097183,
      "incr_op_margin_yoy": -0.022044738305629363,
      "rev_growth_yoy": 0.09696297905167055,
      "rev_growth_yoy_accel": 0.038665718132668066,
      "op_leverage_ratio": Infinity,
      "fcf_margin_change": -0.09442717764368141
    }
  ],
  "signals": [
    {
      "quarter": "2025-06 (Q2)",
      "signal": "FCF MARGIN EXPANSION",
      "detail": "FCF margin: +38.4% -> +44.7% (+6.3%)",
      "severity": "MEDIUM"
    },
    {
      "quarter": "2025-03 (Q1)",
      "signal": "INCREMENTAL MARGIN (YoY)",
      "detail": "YoY Incr OPM: +180.9% vs year-ago OPM: +49.2%",
      "severity": "HIGH"
    },
    {
      "quarter": "2024-12 (Q4)",
      "signal": "INCREMENTAL MARGIN (YoY)",
      "detail": "YoY Incr OPM: +924.5% vs year-ago OPM: +31.1%",
      "severity": "HIGH"
    },
    {
      "quarter": "2024-06 (Q2)",
      "signal": "FCF MARGIN EXPANSION",
      "detail": "FCF margin: +36.0% -> +56.9% (+20.9%)",
      "severity": "MEDIUM"
    },
    {
      "quarter": "2023-12 (Q4)",
      "signal": "FCF MARGIN EXPANSION",
      "detail": "FCF margin: +37.0% -> +54.8% (+17.8%)",
      "severity": "MEDIUM"
    },
    {
      "quarter": "2023-12 (Q4)",
      "signal": "INCREMENTAL MARGIN (YoY)",
      "detail": "YoY Incr OPM: +225.6% vs year-ago OPM: +34.2%",
      "severity": "HIGH"
    },
    {
      "quarter": "2023-09 (Q3)",
      "signal": "INCREMENTAL MARGIN (YoY)",
      "detail": "YoY Incr OPM: +80.7% vs year-ago OPM: +36.0%",
      "severity": "HIGH"
    },
    {
      "quarter": "2023-06 (Q2)",
      "signal": "FCF MARGIN EXPANSION",
      "detail": "FCF margin: +38.8% -> +62.4% (+23.6%)",
      "severity": "MEDIUM"
    },
    {
      "quarter": "2023-03 (Q1)",
      "signal": "FCF MARGIN EXPANSION",
      "detail": "FCF margin: +32.4% -> +38.8% (+6.4%)",
      "severity": "MEDIUM"
    },
    {
      "quarter": "2023-03 (Q1)",
      "signal": "YoY REVENUE GROWTH DECELERATION",
      "detail": "YoY growth: +9.0% vs prior quarter YoY: +15.3% (decel: -6.3%)",
      "severity": "WARNING"
    },
    {
      "quarter": "2022-06 (Q2)",
      "signal": "FCF MARGIN EXPANSION",
      "detail": "FCF margin: +41.1% -> +48.9% (+7.9%)",
      "severity": "MEDIUM"
    },
    {
      "quarter": "2022-03 (Q1)",
      "signal": "OPERATING LEVERAGE",
      "detail": "Rev growth +4.1% vs OpEx growth +1.3% (leverage: 3.1x)",
      "severity": "MEDIUM"
    },
    {
      "quarter": "2022-03 (Q1)",
      "signal": "INCREMENTAL MARGIN (YoY)",
      "detail": "YoY Incr OPM: +60.8% vs year-ago OPM: +31.6%",
      "severity": "HIGH"
    },
    {
      "quarter": "2021-12 (Q4)",
      "signal": "FCF MARGIN EXPANSION",
      "detail": "FCF margin: +37.0% -> +42.9% (+5.9%)",
      "severity": "MEDIUM"
    },
    {
      "quarter": "2021-12 (Q4)",
      "signal": "INCREMENTAL MARGIN (YoY)",
      "detail": "YoY Incr OPM: +54.4% vs year-ago OPM: +30.8%",
      "severity": "HIGH"
    },
    {
      "quarter": "2021-09 (Q3)",
      "signal": "OPERATING LEVERAGE",
      "detail": "Rev growth +2.4% vs OpEx growth +0.5% (leverage: 5.1x)",
      "severity": "MEDIUM"
    },
    {
      "quarter": "2021-06 (Q2)",
      "signal": "FCF MARGIN EXPANSION",
      "detail": "FCF margin: +47.6% -> +55.9% (+8.4%)",
      "severity": "MEDIUM"
    },
    {
      "quarter": "2021-06 (Q2)",
      "signal": "OPERATING LEVERAGE",
      "detail": "Rev growth +4.9% vs OpEx growth +0.2% (leverage: 30.3x)",
      "severity": "MEDIUM"
    },
    {
      "quarter": "2021-03 (Q1)",
      "signal": "FCF MARGIN EXPANSION",
      "detail": "FCF margin: +39.2% -> +47.6% (+8.4%)",
      "severity": "MEDIUM"
    },
    {
      "quarter": "2021-03 (Q1)",
      "signal": "OPERATING LEVERAGE",
      "detail": "Rev growth +2.4% vs OpEx growth +1.2% (leverage: 2.0x)",
      "severity": "MEDIUM"
    }
  ],
  "data_quality": {
    "n_quarters": 20,
    "coverage": {
      "revenue": [
        20,
        20
      ],
      "gross_profit": [
        20,
        20
      ],
      "op_income": [
        20,
        20
      ],
      "fcf": [
        20,
        20
      ]
    },
    "gaps": [],
    "warnings": []
  },
  "market_cap": null,
  "source": "SEC EDGAR",
  "last_updated": "2026-02-02T20:18:47.804539"
}