{
  "ticker": "SBDS",
  "name": "Solo Brands, Inc.",
  "quarters": [
    {
      "date": "2020-12-31T00:00:00",
      "quarter_label": "2020-12 (Q4)",
      "revenue": 60852000,
      "gross_profit": 37669000,
      "operating_income": -6669000,
      "net_income": 0,
      "opex": 44338000,
      "cogs": 23183000,
      "rd": 0,
      "sga": 18515000,
      "fcf": 5295000,
      "ocf": 5592000,
      "capex": -297000,
      "gross_margin": 0.6190264905015447,
      "op_margin": -0.10959376848747782,
      "fcf_margin": 0.0870143955827253
    },
    {
      "date": "2021-03-31T00:00:00",
      "quarter_label": "2021-03 (Q1)",
      "revenue": 69071000,
      "gross_profit": 46464000,
      "operating_income": 24015000,
      "net_income": 22234000,
      "opex": 22449000,
      "cogs": 22607000,
      "rd": null,
      "sga": 18734000,
      "fcf": -6490000,
      "ocf": -5806000,
      "capex": -684000,
      "gross_margin": 0.6726991067162774,
      "op_margin": 0.3476857146993673,
      "fcf_margin": -0.09396128621273762,
      "op_leverage_ratio": Infinity,
      "fcf_margin_change": -0.18097568179546292
    },
    {
      "date": "2021-06-30T00:00:00",
      "quarter_label": "2021-06 (Q2)",
      "revenue": 88745000,
      "gross_profit": 59700000,
      "operating_income": 23238000,
      "net_income": 19499000,
      "opex": 36462000,
      "cogs": 29045000,
      "rd": null,
      "sga": 29662000,
      "fcf": -2252000,
      "ocf": -1125000,
      "capex": -1127000,
      "gross_margin": 0.6727139557158149,
      "op_margin": 0.2618513719082765,
      "fcf_margin": -0.025376077525494395,
      "op_leverage_ratio": 0.45631295757801255,
      "fcf_margin_change": 0.06858520868724323
    },
    {
      "date": "2021-09-30T00:00:00",
      "quarter_label": "2021-09 (Q3)",
      "revenue": 69433000,
      "gross_profit": 41021000,
      "operating_income": 4311000,
      "net_income": 1183000,
      "opex": 36710000,
      "cogs": 28412000,
      "rd": null,
      "sga": 28584000,
      "fcf": -48026000,
      "ocf": -44733000,
      "capex": -3293000,
      "gross_margin": 0.5907997638010745,
      "op_margin": 0.06208863220658765,
      "fcf_margin": -0.6916883902467127,
      "fcf_margin_change": -0.6663123127212183
    },
    {
      "date": "2021-12-31T00:00:00",
      "quarter_label": "2021-12 (Q4)",
      "revenue": 176468000,
      "gross_profit": 111723000,
      "operating_income": 17299000,
      "net_income": 10691000,
      "opex": 94424000,
      "cogs": 64745000,
      "rd": null,
      "sga": 82544000,
      "fcf": 35877000,
      "ocf": 41418000,
      "capex": -5541000,
      "gross_margin": 0.6331062855588548,
      "op_margin": 0.09802910442686492,
      "fcf_margin": 0.2033059818210667,
      "incr_op_margin_yoy": 0.2073069471353446,
      "rev_growth_yoy": 1.8999539867218826,
      "op_leverage_ratio": 0.9805349823303858,
      "fcf_margin_change": 0.8949943720677794
    },
    {
      "date": "2022-03-31T00:00:00",
      "quarter_label": "2022-03 (Q1)",
      "revenue": 82203000,
      "gross_profit": 48853000,
      "operating_income": -3226000,
      "net_income": -2035000,
      "opex": 52079000,
      "cogs": 33350000,
      "rd": null,
      "sga": 45644000,
      "fcf": -27207000,
      "ocf": -25511000,
      "capex": -1696000,
      "gross_margin": 0.5942970451200078,
      "op_margin": -0.039244309818376455,
      "fcf_margin": -0.3309733221415277,
      "incr_op_margin_yoy": -2.0743984160828512,
      "rev_growth_yoy": 0.19012320655557324,
      "rev_growth_yoy_accel": -1.7098307801663095,
      "fcf_margin_change": -0.5342793039625944
    },
    {
      "date": "2022-06-30T00:00:00",
      "quarter_label": "2022-06 (Q2)",
      "revenue": 136019000,
      "gross_profit": 86676000,
      "operating_income": -19942000,
      "net_income": -12039000,
      "opex": 106618000,
      "cogs": 49343000,
      "rd": null,
      "sga": 69166000,
      "fcf": 10713000,
      "ocf": 13599000,
      "capex": -2886000,
      "gross_margin": 0.6372345040031172,
      "op_margin": -0.14661187040045875,
      "fcf_margin": 0.078761055440784,
      "incr_op_margin_yoy": -0.9133984854253924,
      "rev_growth_yoy": 0.5326947997070257,
      "rev_growth_yoy_accel": 0.34257159315145247,
      "op_leverage_ratio": 0.6251427704461776,
      "fcf_margin_change": 0.4097343775823117
    },
    {
      "date": "2022-09-30T00:00:00",
      "quarter_label": "2022-09 (Q3)",
      "revenue": 102162000,
      "gross_profit": 64680000,
      "operating_income": -3285000,
      "net_income": -2204000,
      "opex": 67965000,
      "cogs": 37482000,
      "rd": null,
      "sga": 59489000,
      "fcf": -26348000,
      "ocf": -23418000,
      "capex": -2930000,
      "gross_margin": 0.6331121160509778,
      "op_margin": -0.03215481294414753,
      "fcf_margin": -0.25790411307531175,
      "incr_op_margin_yoy": -0.23208775092425676,
      "rev_growth_yoy": 0.47137528264658013,
      "rev_growth_yoy_accel": -0.06131951706044558,
      "fcf_margin_change": -0.33666516851609574
    },
    {
      "date": "2022-12-31T00:00:00",
      "quarter_label": "2022-12 (Q4)",
      "revenue": 197243000,
      "gross_profit": 117966000,
      "operating_income": 26817000,
      "net_income": 11333000,
      "opex": 91149000,
      "cogs": 79277000,
      "rd": null,
      "sga": 84749000,
      "fcf": 65996000,
      "ocf": 67725000,
      "capex": -1729000,
      "gross_margin": 0.598074456381215,
      "op_margin": 0.13595919753806218,
      "fcf_margin": 0.33459235562225276,
      "incr_op_margin_yoy": 0.4581468110709988,
      "rev_growth_yoy": 0.11772672665865766,
      "rev_growth_yoy_accel": -0.35364855598792244,
      "op_leverage_ratio": 2.7283576982309143,
      "fcf_margin_change": 0.5924964686975644
    },
    {
      "date": "2023-03-31T00:00:00",
      "quarter_label": "2023-03 (Q1)",
      "revenue": 88207000,
      "gross_profit": 54403000,
      "operating_income": 3198000,
      "net_income": 924000,
      "opex": 51205000,
      "cogs": 33804000,
      "rd": null,
      "sga": 44622000,
      "fcf": 12883000,
      "ocf": 14703000,
      "capex": -1820000,
      "gross_margin": 0.6167651093450633,
      "op_margin": 0.03625562597072795,
      "fcf_margin": 0.14605416803655039,
      "incr_op_margin_yoy": 1.0699533644237176,
      "rev_growth_yoy": 0.07303869688454193,
      "rev_growth_yoy_accel": -0.044688029774115734,
      "fcf_margin_change": -0.18853818758570237
    },
    {
      "date": "2023-06-30T00:00:00",
      "quarter_label": "2023-06 (Q2)",
      "revenue": 130927000,
      "gross_profit": 83071000,
      "operating_income": 11066000,
      "net_income": 7424000,
      "opex": 72005000,
      "cogs": 47856000,
      "rd": null,
      "sga": 63524000,
      "fcf": 35446000,
      "ocf": 37092000,
      "capex": -1646000,
      "gross_margin": 0.6344833380433371,
      "op_margin": 0.0845203815866857,
      "fcf_margin": 0.27073101804822536,
      "incr_op_margin_yoy": -6.08955223880597,
      "rev_growth_yoy": -0.03743594644865791,
      "rev_growth_yoy_accel": -0.11047464333319984,
      "op_leverage_ratio": 1.1922771696995964,
      "fcf_margin_change": 0.12467685001167497
    },
    {
      "date": "2023-09-30T00:00:00",
      "quarter_label": "2023-09 (Q3)",
      "revenue": 110324000,
      "gross_profit": 68259000,
      "operating_income": -1325000,
      "net_income": null,
      "opex": 69584000,
      "cogs": 42065000,
      "rd": null,
      "sga": 61333000,
      "fcf": -16108000,
      "ocf": -12631000,
      "capex": -3477000,
      "gross_margin": 0.6187139697617925,
      "op_margin": -0.012010079402487219,
      "fcf_margin": -0.1460063086907654,
      "incr_op_margin_yoy": 0.24013722126929674,
      "rev_growth_yoy": 0.07989271940643292,
      "rev_growth_yoy_accel": 0.11732866585509083,
      "fcf_margin_change": -0.4167373267389908
    },
    {
      "date": "2023-12-31T00:00:00",
      "quarter_label": "2023-12 (Q4)",
      "revenue": 165318000,
      "gross_profit": 96419000,
      "operating_income": -240789000,
      "net_income": null,
      "opex": 337208000,
      "cogs": 68899000,
      "rd": null,
      "sga": 79953000,
      "fcf": 21109000,
      "ocf": 23259000,
      "capex": -2150000,
      "gross_margin": 0.5832335256898825,
      "op_margin": -1.456520161143977,
      "fcf_margin": 0.1276872451880618,
      "incr_op_margin_yoy": 8.382333594361786,
      "rev_growth_yoy": -0.16185618754531214,
      "rev_growth_yoy_accel": -0.24174890695174506,
      "op_leverage_ratio": 0.1296073534501405,
      "fcf_margin_change": 0.2736935538788272
    },
    {
      "date": "2024-03-31T00:00:00",
      "quarter_label": "2024-03 (Q1)",
      "revenue": 85324000,
      "gross_profit": 50544000,
      "operating_income": -6352000,
      "net_income": null,
      "opex": 56896000,
      "cogs": 34780000,
      "rd": null,
      "sga": 48410000,
      "fcf": -20914000,
      "ocf": -18527000,
      "capex": -2387000,
      "gross_margin": 0.5923772912662323,
      "op_margin": -0.07444564249214758,
      "fcf_margin": -0.24511274670667105,
      "incr_op_margin_yoy": 3.3125216788067986,
      "rev_growth_yoy": -0.03268448082351741,
      "rev_growth_yoy_accel": 0.12917170672179473,
      "fcf_margin_change": -0.37279999189473284
    },
    {
      "date": "2024-06-30T00:00:00",
      "quarter_label": "2024-06 (Q2)",
      "revenue": 131550000,
      "gross_profit": 82637000,
      "operating_income": 2240000,
      "net_income": null,
      "opex": 80397000,
      "cogs": 48913000,
      "rd": null,
      "sga": 70808000,
      "fcf": 12841000,
      "ocf": 15679000,
      "capex": -2838000,
      "gross_margin": 0.6281793994678829,
      "op_margin": 0.017027746104142913,
      "fcf_margin": 0.09761307487647282,
      "rev_growth_yoy": 0.004758376805395373,
      "rev_growth_yoy_accel": 0.03744285762891278,
      "op_leverage_ratio": 1.3116274599342523,
      "fcf_margin_change": 0.34272582158314385
    },
    {
      "date": "2024-09-30T00:00:00",
      "quarter_label": "2024-09 (Q3)",
      "revenue": 94139000,
      "gross_profit": 39319000,
      "operating_income": -115286000,
      "net_income": null,
      "opex": 154605000,
      "cogs": 54820000,
      "rd": null,
      "sga": 61119000,
      "fcf": -5909000,
      "ocf": 378000,
      "capex": -6287000,
      "gross_margin": 0.4176696162058233,
      "op_margin": -1.2246359107277536,
      "fcf_margin": -0.06276888430937232,
      "incr_op_margin_yoy": 7.04114921223355,
      "rev_growth_yoy": -0.14670425292774011,
      "rev_growth_yoy_accel": -0.15146262973313548,
      "fcf_margin_change": -0.16038195918584514
    },
    {
      "date": "2024-12-31T00:00:00",
      "quarter_label": "2024-12 (Q4)",
      "revenue": 143537000,
      "gross_profit": 87764000,
      "operating_income": -55220000,
      "net_income": null,
      "opex": 142984000,
      "cogs": 55773000,
      "rd": null,
      "sga": 81835000,
      "fcf": 9987000,
      "ocf": 12987000,
      "capex": -3000000,
      "gross_margin": 0.6114381657691048,
      "op_margin": -0.38470916906442243,
      "fcf_margin": 0.06957787887443656,
      "incr_op_margin_yoy": -8.519764932739543,
      "rev_growth_yoy": -0.13175213830314908,
      "rev_growth_yoy_accel": 0.014952114624591034,
      "op_leverage_ratio": Infinity,
      "fcf_margin_change": 0.1323467631838089
    },
    {
      "date": "2025-03-31T00:00:00",
      "quarter_label": "2025-03 (Q1)",
      "revenue": 77252000,
      "gross_profit": 42605000,
      "operating_income": -10643000,
      "net_income": null,
      "opex": 53248000,
      "cogs": 34647000,
      "rd": null,
      "sga": 38990000,
      "fcf": -78395000,
      "ocf": -75188000,
      "capex": -3207000,
      "gross_margin": 0.5515067571066121,
      "op_margin": -0.1377698959250246,
      "fcf_margin": -1.0147957334437943,
      "incr_op_margin_yoy": 0.5315906838453914,
      "rev_growth_yoy": -0.09460409732314472,
      "rev_growth_yoy_accel": 0.03714804098000436,
      "fcf_margin_change": -1.0843736123182308
    },
    {
      "date": "2025-06-30T00:00:00",
      "quarter_label": "2025-06 (Q2)",
      "revenue": 92257000,
      "gross_profit": 56599000,
      "operating_income": -9835000,
      "net_income": null,
      "opex": 66434000,
      "cogs": 35658000,
      "rd": null,
      "sga": 47686000,
      "fcf": 10932000,
      "ocf": 10932000,
      "capex": null,
      "gross_margin": 0.6134927430980847,
      "op_margin": -0.10660437690364959,
      "fcf_margin": 0.11849507354455488,
      "incr_op_margin_yoy": 0.3073066449494821,
      "rev_growth_yoy": -0.2986925123527176,
      "rev_growth_yoy_accel": -0.20408841502957287,
      "op_leverage_ratio": 0.7843619125390345,
      "fcf_margin_change": 1.1332908069883492
    },
    {
      "date": "2025-09-30T00:00:00",
      "quarter_label": "2025-09 (Q3)",
      "revenue": 53038000,
      "gross_profit": 31846000,
      "operating_income": -16177000,
      "net_income": null,
      "opex": 48023000,
      "cogs": 21192000,
      "rd": null,
      "sga": 39495000,
      "fcf": 11237000,
      "ocf": 11237000,
      "capex": null,
      "gross_margin": 0.6004374222255742,
      "op_margin": -0.30500773030657263,
      "fcf_margin": 0.2118669633093254,
      "incr_op_margin_yoy": -2.4113525218364518,
      "rev_growth_yoy": -0.436599071585634,
      "rev_growth_yoy_accel": -0.1379065592329164,
      "fcf_margin_change": 0.09337188976477051
    }
  ],
  "signals": [
    {
      "quarter": "2025-09 (Q3)",
      "signal": "FCF MARGIN EXPANSION",
      "detail": "FCF margin: +11.8% -> +21.2% (+9.3%)",
      "severity": "MEDIUM"
    },
    {
      "quarter": "2025-09 (Q3)",
      "signal": "YoY REVENUE GROWTH DECELERATION",
      "detail": "YoY growth: -43.7% vs prior quarter YoY: -29.9% (decel: -13.8%)",
      "severity": "WARNING"
    },
    {
      "quarter": "2025-06 (Q2)",
      "signal": "FCF TURNED POSITIVE",
      "detail": "FCF margin: -101.5% -> +11.8%",
      "severity": "HIGH"
    },
    {
      "quarter": "2025-06 (Q2)",
      "signal": "GROSS MARGIN INFLECTION",
      "detail": "GM: +61.1% -> +55.2% -> +61.3% (reversal +6.2%)",
      "severity": "HIGH"
    },
    {
      "quarter": "2025-06 (Q2)",
      "signal": "YoY REVENUE GROWTH DECELERATION",
      "detail": "YoY growth: -29.9% vs prior quarter YoY: -9.5% (decel: -20.4%)",
      "severity": "WARNING"
    },
    {
      "quarter": "2024-12 (Q4)",
      "signal": "FCF TURNED POSITIVE",
      "detail": "FCF margin: -6.3% -> +7.0%",
      "severity": "HIGH"
    },
    {
      "quarter": "2024-12 (Q4)",
      "signal": "GROSS MARGIN INFLECTION",
      "detail": "GM: +62.8% -> +41.8% -> +61.1% (reversal +19.4%)",
      "severity": "HIGH"
    },
    {
      "quarter": "2024-09 (Q3)",
      "signal": "YoY REVENUE GROWTH DECELERATION",
      "detail": "YoY growth: -14.7% vs prior quarter YoY: +0.5% (decel: -15.1%)",
      "severity": "WARNING"
    },
    {
      "quarter": "2024-06 (Q2)",
      "signal": "FCF TURNED POSITIVE",
      "detail": "FCF margin: -24.5% -> +9.8%",
      "severity": "HIGH"
    },
    {
      "quarter": "2024-06 (Q2)",
      "signal": "OP MARGIN TURNED POSITIVE (QoQ)",
      "detail": "Op margin: -7.4% -> +1.7%",
      "severity": "HIGH"
    },
    {
      "quarter": "2024-03 (Q1)",
      "signal": "YoY REVENUE GROWTH ACCELERATION",
      "detail": "YoY growth: -3.3% vs prior quarter YoY: -16.2% (accel: +12.9%)",
      "severity": "MEDIUM"
    },
    {
      "quarter": "2023-12 (Q4)",
      "signal": "FCF TURNED POSITIVE",
      "detail": "FCF margin: -14.6% -> +12.8%",
      "severity": "HIGH"
    },
    {
      "quarter": "2023-12 (Q4)",
      "signal": "YoY REVENUE GROWTH DECELERATION",
      "detail": "YoY growth: -16.2% vs prior quarter YoY: +8.0% (decel: -24.2%)",
      "severity": "WARNING"
    },
    {
      "quarter": "2023-09 (Q3)",
      "signal": "YoY REVENUE GROWTH ACCELERATION",
      "detail": "YoY growth: +8.0% vs prior quarter YoY: -3.7% (accel: +11.7%)",
      "severity": "MEDIUM"
    },
    {
      "quarter": "2023-06 (Q2)",
      "signal": "FCF MARGIN EXPANSION",
      "detail": "FCF margin: +14.6% -> +27.1% (+12.5%)",
      "severity": "MEDIUM"
    },
    {
      "quarter": "2023-06 (Q2)",
      "signal": "YoY REVENUE GROWTH DECELERATION",
      "detail": "YoY growth: -3.7% vs prior quarter YoY: +7.3% (decel: -11.0%)",
      "severity": "WARNING"
    },
    {
      "quarter": "2023-06 (Q2)",
      "signal": "OP MARGIN TURNED POSITIVE (YoY)",
      "detail": "Op margin: -14.7% (year-ago) -> +8.5%",
      "severity": "HIGH"
    },
    {
      "quarter": "2023-03 (Q1)",
      "signal": "OP MARGIN TURNED POSITIVE (YoY)",
      "detail": "Op margin: -3.9% (year-ago) -> +3.6%",
      "severity": "HIGH"
    },
    {
      "quarter": "2022-12 (Q4)",
      "signal": "FCF TURNED POSITIVE",
      "detail": "FCF margin: -25.8% -> +33.5%",
      "severity": "HIGH"
    },
    {
      "quarter": "2022-12 (Q4)",
      "signal": "OPERATING LEVERAGE",
      "detail": "Rev growth +93.1% vs OpEx growth +34.1% (leverage: 2.7x)",
      "severity": "MEDIUM"
    },
    {
      "quarter": "2022-12 (Q4)",
      "signal": "YoY REVENUE GROWTH DECELERATION",
      "detail": "YoY growth: +11.8% vs prior quarter YoY: +47.1% (decel: -35.4%)",
      "severity": "WARNING"
    },
    {
      "quarter": "2022-12 (Q4)",
      "signal": "INCREMENTAL MARGIN (YoY)",
      "detail": "YoY Incr OPM: +45.8% vs year-ago OPM: +9.8%",
      "severity": "HIGH"
    },
    {
      "quarter": "2022-12 (Q4)",
      "signal": "OP MARGIN TURNED POSITIVE (QoQ)",
      "detail": "Op margin: -3.2% -> +13.6%",
      "severity": "HIGH"
    },
    {
      "quarter": "2022-09 (Q3)",
      "signal": "YoY REVENUE GROWTH DECELERATION",
      "detail": "YoY growth: +47.1% vs prior quarter YoY: +53.3% (decel: -6.1%)",
      "severity": "WARNING"
    },
    {
      "quarter": "2022-06 (Q2)",
      "signal": "FCF TURNED POSITIVE",
      "detail": "FCF margin: -33.1% -> +7.9%",
      "severity": "HIGH"
    },
    {
      "quarter": "2022-06 (Q2)",
      "signal": "GROSS MARGIN INFLECTION",
      "detail": "GM: +63.3% -> +59.4% -> +63.7% (reversal +4.3%)",
      "severity": "MEDIUM"
    },
    {
      "quarter": "2022-06 (Q2)",
      "signal": "YoY REVENUE GROWTH ACCELERATION",
      "detail": "YoY growth: +53.3% vs prior quarter YoY: +19.0% (accel: +34.3%)",
      "severity": "HIGH"
    },
    {
      "quarter": "2022-03 (Q1)",
      "signal": "YoY REVENUE GROWTH DECELERATION",
      "detail": "YoY growth: +19.0% vs prior quarter YoY: +190.0% (decel: -171.0%)",
      "severity": "WARNING"
    },
    {
      "quarter": "2021-12 (Q4)",
      "signal": "FCF TURNED POSITIVE",
      "detail": "FCF margin: -69.2% -> +20.3%",
      "severity": "HIGH"
    },
    {
      "quarter": "2021-12 (Q4)",
      "signal": "GROSS MARGIN INFLECTION",
      "detail": "GM: +67.3% -> +59.1% -> +63.3% (reversal +4.2%)",
      "severity": "MEDIUM"
    },
    {
      "quarter": "2021-12 (Q4)",
      "signal": "OP MARGIN TURNED POSITIVE (YoY)",
      "detail": "Op margin: -11.0% (year-ago) -> +9.8%",
      "severity": "HIGH"
    },
    {
      "quarter": "2021-06 (Q2)",
      "signal": "FCF MARGIN EXPANSION",
      "detail": "FCF margin: -9.4% -> -2.5% (+6.9%)",
      "severity": "MEDIUM"
    },
    {
      "quarter": "2021-03 (Q1)",
      "signal": "OP MARGIN TURNED POSITIVE (QoQ)",
      "detail": "Op margin: -11.0% -> +34.8%",
      "severity": "HIGH"
    }
  ],
  "data_quality": {
    "n_quarters": 20,
    "coverage": {
      "revenue": [
        20,
        20
      ],
      "gross_profit": [
        20,
        20
      ],
      "op_income": [
        20,
        20
      ],
      "fcf": [
        20,
        20
      ]
    },
    "gaps": [],
    "warnings": []
  },
  "market_cap": null,
  "source": "SEC EDGAR",
  "last_updated": "2026-02-03T00:07:53.259167"
}