{
  "ticker": "SBET",
  "name": "SHARPLINK GAMING, INC.",
  "quarters": [
    {
      "date": "2023-03-31T00:00:00",
      "quarter_label": "2023-03 (Q1)",
      "revenue": 1232761,
      "gross_profit": 390079,
      "operating_income": -1655255,
      "net_income": -2823746,
      "opex": 2045334,
      "cogs": 842682,
      "rd": null,
      "sga": 2045334,
      "fcf": -14969603,
      "ocf": -14967770,
      "capex": -1833,
      "gross_margin": 0.3164271095532711,
      "op_margin": -1.3427217441174728,
      "fcf_margin": -12.143151024407812
    },
    {
      "date": "2023-06-30T00:00:00",
      "quarter_label": "2023-06 (Q2)",
      "revenue": 1343526,
      "gross_profit": 401322,
      "operating_income": -1735614,
      "net_income": -3441158,
      "opex": 2136936,
      "cogs": 942204,
      "rd": null,
      "sga": 2136936,
      "fcf": 2914115,
      "ocf": 2923260,
      "capex": -9145,
      "gross_margin": 0.2987080264914858,
      "op_margin": -1.2918350668316059,
      "fcf_margin": 2.1690052890677216,
      "op_leverage_ratio": 2.0062402870771376,
      "fcf_margin_change": 14.312156313475533
    },
    {
      "date": "2023-09-30T00:00:00",
      "quarter_label": "2023-09 (Q3)",
      "revenue": 1349331,
      "gross_profit": 390666,
      "operating_income": -1404391,
      "net_income": -2849547,
      "opex": 1795057,
      "cogs": 958665,
      "rd": null,
      "sga": 1795057,
      "fcf": 18256554,
      "ocf": 18257721,
      "capex": -1167,
      "gross_margin": 0.2895256982904862,
      "op_margin": -1.0408054065310883,
      "fcf_margin": 13.530078238771658,
      "fcf_margin_change": 11.361072949703937
    },
    {
      "date": "2023-12-31T00:00:00",
      "quarter_label": "2023-12 (Q4)",
      "revenue": 1027107,
      "gross_profit": 350596,
      "operating_income": -4097942,
      "net_income": -5128739,
      "opex": 4448538,
      "cogs": 676511,
      "rd": null,
      "sga": 1983806,
      "fcf": -5630326,
      "ocf": -5630324,
      "capex": -2,
      "gross_margin": 0.3413432096169143,
      "op_margin": -3.9897907423471946,
      "fcf_margin": -5.481732672447953,
      "fcf_margin_change": -19.011810911219612
    },
    {
      "date": "2024-03-31T00:00:00",
      "quarter_label": "2024-03 (Q1)",
      "revenue": 975946,
      "gross_profit": 287212,
      "operating_income": -1684863,
      "net_income": 12350356,
      "opex": 1972075,
      "cogs": 688734,
      "rd": null,
      "sga": 1972075,
      "fcf": -19296676,
      "ocf": -19294957,
      "capex": -1719,
      "gross_margin": 0.29429087265074094,
      "op_margin": -1.7263895748330338,
      "fcf_margin": -19.772278384254868,
      "rev_growth_yoy": -0.2083250524635351,
      "fcf_margin_change": -14.290545711806914
    },
    {
      "date": "2024-06-30T00:00:00",
      "quarter_label": "2024-06 (Q2)",
      "revenue": 981272,
      "gross_profit": 280130,
      "operating_income": -1204550,
      "net_income": -462959,
      "opex": 1484680,
      "cogs": 701142,
      "rd": null,
      "sga": 1484680,
      "fcf": -1660010,
      "ocf": -1660010,
      "capex": null,
      "gross_margin": 0.2854764020577373,
      "op_margin": -1.2275393570793827,
      "fcf_margin": -1.6916920079244082,
      "rev_growth_yoy": -0.2696293186734012,
      "rev_growth_yoy_accel": -0.061304266209866065,
      "fcf_margin_change": 18.08058637633046
    },
    {
      "date": "2024-09-30T00:00:00",
      "quarter_label": "2024-09 (Q3)",
      "revenue": 881690,
      "gross_profit": 172645,
      "operating_income": -797435,
      "net_income": -885131,
      "opex": 1679125,
      "cogs": 709045,
      "rd": null,
      "sga": 970080,
      "fcf": -591217,
      "ocf": -591217,
      "capex": null,
      "gross_margin": 0.19581145300502445,
      "op_margin": -0.9044392019870929,
      "fcf_margin": -0.6705497397044312,
      "rev_growth_yoy": -0.34657248666190876,
      "rev_growth_yoy_accel": -0.07694316798850759,
      "fcf_margin_change": 1.0211422682199771
    },
    {
      "date": "2024-12-31T00:00:00",
      "quarter_label": "2024-12 (Q4)",
      "revenue": 823441,
      "gross_profit": 166286,
      "operating_income": -1076127,
      "net_income": -902647,
      "opex": -856508,
      "cogs": 657155,
      "rd": null,
      "sga": 1242413,
      "fcf": -1268302,
      "ocf": -1268302,
      "capex": null,
      "gross_margin": 0.20194039402944472,
      "op_margin": -1.3068659442510149,
      "fcf_margin": -1.5402463564481244,
      "rev_growth_yoy": -0.19829092781959426,
      "rev_growth_yoy_accel": 0.1482815588423145,
      "fcf_margin_change": -0.8696966167436931
    },
    {
      "date": "2025-03-31T00:00:00",
      "quarter_label": "2025-03 (Q1)",
      "revenue": 741731,
      "gross_profit": 131795,
      "operating_income": -925544,
      "net_income": -974901,
      "opex": 1057339,
      "cogs": 609936,
      "rd": null,
      "sga": 1057339,
      "fcf": -514085,
      "ocf": -514085,
      "capex": null,
      "gross_margin": 0.17768571085744023,
      "op_margin": -1.2478162568370474,
      "fcf_margin": -0.6930881950464521,
      "rev_growth_yoy": -0.23998766325186024,
      "rev_growth_yoy_accel": -0.041696735432265986,
      "fcf_margin_change": 0.8471581614016722
    },
    {
      "date": "2025-06-30T00:00:00",
      "quarter_label": "2025-06 (Q2)",
      "revenue": 697291,
      "gross_profit": 209089,
      "operating_income": -103380184,
      "net_income": -103422727,
      "opex": 103589273,
      "cogs": 488202,
      "rd": null,
      "sga": 2333167,
      "fcf": -1624388,
      "ocf": -1624388,
      "capex": null,
      "gross_margin": 0.2998590258586444,
      "op_margin": -148.25974234573513,
      "fcf_margin": -2.3295697205327475,
      "rev_growth_yoy": -0.2894009000562535,
      "rev_growth_yoy_accel": -0.049413236804393273,
      "fcf_margin_change": -1.6364815254862952
    },
    {
      "date": "2025-09-30T00:00:00",
      "quarter_label": "2025-09 (Q3)",
      "revenue": 10843567,
      "gross_profit": null,
      "operating_income": 104920673,
      "net_income": 104270205,
      "opex": 19556810,
      "cogs": null,
      "rd": null,
      "sga": 12045432,
      "fcf": -6276015,
      "ocf": -6271251,
      "capex": -4764,
      "gross_margin": null,
      "op_margin": 9.675844950282503,
      "fcf_margin": -0.5787777213900186,
      "incr_op_margin_yoy": 10.612267949102362,
      "rev_growth_yoy": 11.298616293708672,
      "rev_growth_yoy_accel": 11.588017193764927,
      "op_leverage_ratio": Infinity,
      "fcf_margin_change": 1.750791999142729
    }
  ],
  "signals": [
    {
      "quarter": "2025-09 (Q3)",
      "signal": "FCF MARGIN EXPANSION",
      "detail": "FCF margin: -233.0% -> -57.9% (+175.1%)",
      "severity": "MEDIUM"
    },
    {
      "quarter": "2025-09 (Q3)",
      "signal": "YoY REVENUE GROWTH ACCELERATION",
      "detail": "YoY growth: +1129.9% vs prior quarter YoY: -28.9% (accel: +1158.8%)",
      "severity": "HIGH"
    },
    {
      "quarter": "2025-09 (Q3)",
      "signal": "OP MARGIN TURNED POSITIVE (YoY)",
      "detail": "Op margin: -90.4% (year-ago) -> +967.6%",
      "severity": "HIGH"
    },
    {
      "quarter": "2025-09 (Q3)",
      "signal": "OP MARGIN TURNED POSITIVE (QoQ)",
      "detail": "Op margin: -14826.0% -> +967.6%",
      "severity": "HIGH"
    },
    {
      "quarter": "2025-06 (Q2)",
      "signal": "GROSS MARGIN INFLECTION",
      "detail": "GM: +20.2% -> +17.8% -> +30.0% (reversal +12.2%)",
      "severity": "HIGH"
    },
    {
      "quarter": "2025-03 (Q1)",
      "signal": "FCF MARGIN EXPANSION",
      "detail": "FCF margin: -154.0% -> -69.3% (+84.7%)",
      "severity": "MEDIUM"
    },
    {
      "quarter": "2024-12 (Q4)",
      "signal": "YoY REVENUE GROWTH ACCELERATION",
      "detail": "YoY growth: -19.8% vs prior quarter YoY: -34.7% (accel: +14.8%)",
      "severity": "MEDIUM"
    },
    {
      "quarter": "2024-09 (Q3)",
      "signal": "FCF MARGIN EXPANSION",
      "detail": "FCF margin: -169.2% -> -67.1% (+102.1%)",
      "severity": "MEDIUM"
    },
    {
      "quarter": "2024-09 (Q3)",
      "signal": "YoY REVENUE GROWTH DECELERATION",
      "detail": "YoY growth: -34.7% vs prior quarter YoY: -27.0% (decel: -7.7%)",
      "severity": "WARNING"
    },
    {
      "quarter": "2024-06 (Q2)",
      "signal": "FCF MARGIN EXPANSION",
      "detail": "FCF margin: -1977.2% -> -169.2% (+1808.1%)",
      "severity": "MEDIUM"
    },
    {
      "quarter": "2024-06 (Q2)",
      "signal": "YoY REVENUE GROWTH DECELERATION",
      "detail": "YoY growth: -27.0% vs prior quarter YoY: -20.8% (decel: -6.1%)",
      "severity": "WARNING"
    },
    {
      "quarter": "2023-12 (Q4)",
      "signal": "GROSS MARGIN INFLECTION",
      "detail": "GM: +29.9% -> +29.0% -> +34.1% (reversal +5.2%)",
      "severity": "HIGH"
    },
    {
      "quarter": "2023-09 (Q3)",
      "signal": "FCF MARGIN EXPANSION",
      "detail": "FCF margin: +216.9% -> +1353.0% (+1136.1%)",
      "severity": "MEDIUM"
    },
    {
      "quarter": "2023-06 (Q2)",
      "signal": "FCF TURNED POSITIVE",
      "detail": "FCF margin: -1214.3% -> +216.9%",
      "severity": "HIGH"
    },
    {
      "quarter": "2023-06 (Q2)",
      "signal": "OPERATING LEVERAGE",
      "detail": "Rev growth +9.0% vs OpEx growth +4.5% (leverage: 2.0x)",
      "severity": "MEDIUM"
    }
  ],
  "data_quality": {
    "n_quarters": 11,
    "coverage": {
      "revenue": [
        11,
        11
      ],
      "gross_profit": [
        10,
        11
      ],
      "op_income": [
        11,
        11
      ],
      "fcf": [
        11,
        11
      ]
    },
    "gaps": [],
    "warnings": []
  },
  "market_cap": null,
  "source": "SEC EDGAR",
  "last_updated": "2026-02-02T21:37:53.725290"
}