{
  "ticker": "SBFMW",
  "name": "SUNSHINE BIOPHARMA INC.",
  "quarters": [
    {
      "date": "2020-12-31T00:00:00",
      "quarter_label": "2020-12 (Q4)",
      "revenue": 28013,
      "gross_profit": 17550,
      "operating_income": -343318,
      "net_income": -1083793,
      "opex": 360868,
      "cogs": 10463,
      "rd": 60948,
      "sga": null,
      "fcf": -424063,
      "ocf": -423672,
      "capex": -391,
      "gross_margin": 0.6264948416806483,
      "op_margin": -12.255667011744547,
      "fcf_margin": -15.138078749152179
    },
    {
      "date": "2021-03-31T00:00:00",
      "quarter_label": "2021-03 (Q1)",
      "revenue": 40058,
      "gross_profit": 21538,
      "operating_income": -1275646,
      "net_income": -6185126,
      "opex": 1297184,
      "cogs": 18520,
      "rd": 166786,
      "sga": null,
      "fcf": -297355,
      "ocf": -297355,
      "capex": null,
      "gross_margin": 0.5376703779519696,
      "op_margin": -31.84497478655949,
      "fcf_margin": -7.423111488341904,
      "op_leverage_ratio": 0.1657193079307696,
      "fcf_margin_change": 7.714967260810274
    },
    {
      "date": "2021-06-30T00:00:00",
      "quarter_label": "2021-06 (Q2)",
      "revenue": 52874,
      "gross_profit": 34359,
      "operating_income": -388598,
      "net_income": -2879054,
      "opex": 422957,
      "cogs": 18515,
      "rd": 191760,
      "sga": null,
      "fcf": -618852,
      "ocf": -618852,
      "capex": null,
      "gross_margin": 0.6498278927261035,
      "op_margin": -7.349510156220449,
      "fcf_margin": -11.704278095093997,
      "op_leverage_ratio": Infinity,
      "fcf_margin_change": -4.281166606752093
    },
    {
      "date": "2021-09-30T00:00:00",
      "quarter_label": "2021-09 (Q3)",
      "revenue": 50376,
      "gross_profit": 30870,
      "operating_income": -496259,
      "net_income": -4039383,
      "opex": 527129,
      "cogs": 19506,
      "rd": 222465,
      "sga": null,
      "fcf": -600808,
      "ocf": -600808,
      "capex": null,
      "gross_margin": 0.6127918056217246,
      "op_margin": -9.851099730030173,
      "fcf_margin": -11.92647292361442,
      "fcf_margin_change": -0.22219482852042205
    },
    {
      "date": "2021-12-31T00:00:00",
      "quarter_label": "2021-12 (Q4)",
      "revenue": 85118,
      "gross_profit": 23829,
      "operating_income": -279631,
      "net_income": 667116,
      "opex": 303460,
      "cogs": 61289,
      "rd": 91198,
      "sga": null,
      "fcf": -312113,
      "ocf": -312113,
      "capex": null,
      "gross_margin": 0.27995253647877066,
      "op_margin": -3.2852158180408373,
      "fcf_margin": -3.6668272280833665,
      "rev_growth_yoy": 2.0385178310070327,
      "op_leverage_ratio": Infinity,
      "fcf_margin_change": 8.259645695531052
    },
    {
      "date": "2022-03-31T00:00:00",
      "quarter_label": "2022-03 (Q1)",
      "revenue": 122645,
      "gross_profit": 62800,
      "operating_income": -1223364,
      "net_income": -1236234,
      "opex": 1286164,
      "cogs": 59845,
      "rd": 361652,
      "sga": null,
      "fcf": -1304208,
      "ocf": -1304208,
      "capex": null,
      "gross_margin": 0.5120469648171552,
      "op_margin": -9.974837946919973,
      "fcf_margin": -10.634008724367076,
      "rev_growth_yoy": 2.0616855559438814,
      "rev_growth_yoy_accel": 0.02316772493684871,
      "op_leverage_ratio": 0.1361448338869663,
      "fcf_margin_change": -6.967181496283709
    },
    {
      "date": "2022-06-30T00:00:00",
      "quarter_label": "2022-06 (Q2)",
      "revenue": 150307,
      "gross_profit": 75624,
      "operating_income": -695796,
      "net_income": -538872,
      "opex": 771420,
      "cogs": 74683,
      "rd": 45943,
      "sga": null,
      "fcf": -573802,
      "ocf": -573802,
      "capex": null,
      "gross_margin": 0.5031302600677281,
      "op_margin": -4.629165640988111,
      "fcf_margin": -3.8175334482093315,
      "rev_growth_yoy": 1.8427393425880394,
      "rev_growth_yoy_accel": -0.21894621335584197,
      "op_leverage_ratio": Infinity,
      "fcf_margin_change": 6.816475276157744
    },
    {
      "date": "2022-09-30T00:00:00",
      "quarter_label": "2022-09 (Q3)",
      "revenue": 132808,
      "gross_profit": 67025,
      "operating_income": -1717980,
      "net_income": -1457019,
      "opex": 1785005,
      "cogs": 65783,
      "rd": 362500,
      "sga": null,
      "fcf": -1123736,
      "ocf": -1123736,
      "capex": null,
      "gross_margin": 0.5046759231371604,
      "op_margin": -12.935817119450636,
      "fcf_margin": -8.46135774953316,
      "rev_growth_yoy": 1.6363347625853581,
      "rev_growth_yoy_accel": -0.20640458000268125,
      "fcf_margin_change": -4.6438243013238285
    },
    {
      "date": "2022-12-31T00:00:00",
      "quarter_label": "2022-12 (Q4)",
      "revenue": 3939843,
      "gross_profit": 1491126,
      "operating_income": -23363610,
      "net_income": -23512315,
      "opex": 24854736,
      "cogs": 2448717,
      "rd": 41763,
      "sga": null,
      "fcf": -2440594,
      "ocf": -2246612,
      "capex": -193982,
      "gross_margin": 0.37847345693724344,
      "op_margin": -5.930086554210409,
      "fcf_margin": -0.6194647857795349,
      "incr_op_margin_yoy": -5.988489191835994,
      "rev_growth_yoy": 45.28683709673629,
      "rev_growth_yoy_accel": 43.650502334150936,
      "op_leverage_ratio": 2.2179897732829317,
      "fcf_margin_change": 7.841892963753626
    },
    {
      "date": "2023-03-31T00:00:00",
      "quarter_label": "2023-03 (Q1)",
      "revenue": 4894053,
      "gross_profit": 1828122,
      "operating_income": -1828981,
      "net_income": -1702430,
      "opex": 3657103,
      "cogs": 3065931,
      "rd": 432925,
      "sga": null,
      "fcf": -1850106,
      "ocf": -1850106,
      "capex": null,
      "gross_margin": 0.37353947740247195,
      "op_margin": -0.373714996547851,
      "fcf_margin": -0.3780314598145954,
      "incr_op_margin_yoy": -0.12692626578988844,
      "rev_growth_yoy": 38.90421949529129,
      "rev_growth_yoy_accel": -6.382617601445006,
      "op_leverage_ratio": Infinity,
      "fcf_margin_change": 0.2414333259649395
    },
    {
      "date": "2023-06-30T00:00:00",
      "quarter_label": "2023-06 (Q2)",
      "revenue": 5560865,
      "gross_profit": 1952747,
      "operating_income": -989623,
      "net_income": -902108,
      "opex": 2942370,
      "cogs": 3608118,
      "rd": 368565,
      "sga": null,
      "fcf": -3778040,
      "ocf": -3778040,
      "capex": null,
      "gross_margin": 0.35115885747990644,
      "op_margin": -0.17796206165767375,
      "fcf_margin": -0.6793978994275172,
      "incr_op_margin_yoy": -0.054306228673641425,
      "rev_growth_yoy": 35.996713393255135,
      "rev_growth_yoy_accel": -2.9075061020361517,
      "op_leverage_ratio": Infinity,
      "fcf_margin_change": -0.30136643961292175
    },
    {
      "date": "2023-09-30T00:00:00",
      "quarter_label": "2023-09 (Q3)",
      "revenue": 5957668,
      "gross_profit": 1990256,
      "operating_income": -779474,
      "net_income": -651482,
      "opex": 2769730,
      "cogs": 3967412,
      "rd": 238012,
      "sga": null,
      "fcf": -466923,
      "ocf": -457289,
      "capex": -9634,
      "gross_margin": 0.3340662823104611,
      "op_margin": -0.13083542083916055,
      "fcf_margin": -0.07837345082001884,
      "incr_op_margin_yoy": 0.16112078230206392,
      "rev_growth_yoy": 43.85925546653816,
      "rev_growth_yoy_accel": 7.862542073283024,
      "op_leverage_ratio": Infinity,
      "fcf_margin_change": 0.6010244486074983
    },
    {
      "date": "2023-12-31T00:00:00",
      "quarter_label": "2023-12 (Q4)",
      "revenue": 7680201,
      "gross_profit": 2568046,
      "operating_income": -1187221,
      "net_income": -1250024,
      "opex": 3755267,
      "cogs": 5112155,
      "rd": 816328,
      "sga": null,
      "fcf": -2307313,
      "ocf": -2689676,
      "capex": 382363,
      "gross_margin": 0.33437223843490554,
      "op_margin": -0.15458202200697613,
      "fcf_margin": -0.30042351756158464,
      "incr_op_margin_yoy": 5.928948245061035,
      "rev_growth_yoy": 0.9493672717415389,
      "rev_growth_yoy_accel": -42.90988819479662,
      "op_leverage_ratio": 0.8125605892335115,
      "fcf_margin_change": -0.2220500667415658
    },
    {
      "date": "2024-03-31T00:00:00",
      "quarter_label": "2024-03 (Q1)",
      "revenue": 7541046,
      "gross_profit": 2354337,
      "operating_income": -1350589,
      "net_income": -1283801,
      "opex": 3704926,
      "cogs": 5186709,
      "rd": 222033,
      "sga": null,
      "fcf": -3248095,
      "ocf": -3185158,
      "capex": -62937,
      "gross_margin": 0.3122029755553805,
      "op_margin": -0.17909836380788555,
      "fcf_margin": -0.43072207754733227,
      "incr_op_margin_yoy": 0.18073036082830593,
      "rev_growth_yoy": 0.5408590793765413,
      "rev_growth_yoy_accel": -0.4085081923649976,
      "fcf_margin_change": -0.13029855998574763
    },
    {
      "date": "2024-06-30T00:00:00",
      "quarter_label": "2024-06 (Q2)",
      "revenue": 9303067,
      "gross_profit": 2356257,
      "operating_income": -1268276,
      "net_income": -494300,
      "opex": 3624533,
      "cogs": 6946810,
      "rd": 436235,
      "sga": null,
      "fcf": -5552297,
      "ocf": -4577784,
      "capex": -974513,
      "gross_margin": 0.2532774406547862,
      "op_margin": -0.13632880425347899,
      "fcf_margin": -0.5968243591065183,
      "incr_op_margin_yoy": -0.07446230855523031,
      "rev_growth_yoy": 0.6729532186089754,
      "rev_growth_yoy_accel": 0.13209413923243407,
      "op_leverage_ratio": Infinity,
      "fcf_margin_change": -0.16610228155918605
    },
    {
      "date": "2024-09-30T00:00:00",
      "quarter_label": "2024-09 (Q3)",
      "revenue": 8435178,
      "gross_profit": 2866151,
      "operating_income": -1106353,
      "net_income": -1197803,
      "opex": 3972504,
      "cogs": 5569027,
      "rd": 126362,
      "sga": null,
      "fcf": -1873582,
      "ocf": -1356577,
      "capex": -517005,
      "gross_margin": 0.33978547933428316,
      "op_margin": -0.13115941358913824,
      "fcf_margin": -0.22211528909052067,
      "incr_op_margin_yoy": -0.13193851891616987,
      "rev_growth_yoy": 0.41585230999780454,
      "rev_growth_yoy_accel": -0.25710090861117085,
      "fcf_margin_change": 0.3747090700159976
    },
    {
      "date": "2024-12-31T00:00:00",
      "quarter_label": "2024-12 (Q4)",
      "revenue": 9594992,
      "gross_profit": 3093049,
      "operating_income": -2037722,
      "net_income": -2158212,
      "opex": 5130771,
      "cogs": 6501943,
      "rd": 149272,
      "sga": null,
      "fcf": -3514261,
      "ocf": -3411661,
      "capex": -102600,
      "gross_margin": 0.322360769034513,
      "op_margin": -0.21237349650734466,
      "fcf_margin": -0.3662599197581405,
      "incr_op_margin_yoy": -0.4441743250307736,
      "rev_growth_yoy": 0.2493152197448999,
      "rev_growth_yoy_accel": -0.16653709025290464,
      "op_leverage_ratio": 0.4715738944829517,
      "fcf_margin_change": -0.14414463066761982
    },
    {
      "date": "2025-03-31T00:00:00",
      "quarter_label": "2025-03 (Q1)",
      "revenue": 8901341,
      "gross_profit": 2730426,
      "operating_income": -1295750,
      "net_income": -1179771,
      "opex": 4026176,
      "cogs": 6170915,
      "rd": 215277,
      "sga": null,
      "fcf": -1721325,
      "ocf": -1713835,
      "capex": -7490,
      "gross_margin": 0.3067432199260763,
      "op_margin": -0.14556795431160316,
      "fcf_margin": -0.19337816627854162,
      "incr_op_margin_yoy": 0.04031404952602193,
      "rev_growth_yoy": 0.18038545315862017,
      "rev_growth_yoy_accel": -0.06892976658627972,
      "fcf_margin_change": 0.17288175347959886
    },
    {
      "date": "2025-06-30T00:00:00",
      "quarter_label": "2025-06 (Q2)",
      "revenue": 9410230,
      "gross_profit": 3422866,
      "operating_income": -2054655,
      "net_income": -1770834,
      "opex": 5477521,
      "cogs": 5987364,
      "rd": 196232,
      "sga": null,
      "fcf": -1433432,
      "ocf": -1273432,
      "capex": -160000,
      "gross_margin": 0.36373882466209645,
      "op_margin": -0.2183426972560713,
      "fcf_margin": -0.1523269888196144,
      "rev_growth_yoy": 0.011519104398581672,
      "rev_growth_yoy_accel": -0.1688663487600385,
      "op_leverage_ratio": 0.15859508328249897,
      "fcf_margin_change": 0.041051177458927224
    },
    {
      "date": "2025-09-30T00:00:00",
      "quarter_label": "2025-09 (Q3)",
      "revenue": 9417179,
      "gross_profit": 3073540,
      "operating_income": -1086613,
      "net_income": -883820,
      "opex": 4160153,
      "cogs": 6343639,
      "rd": 119298,
      "sga": null,
      "fcf": -735840,
      "ocf": -727800,
      "capex": -8040,
      "gross_margin": 0.3263758711605673,
      "op_margin": -0.11538625314438644,
      "fcf_margin": -0.07813804962186659,
      "rev_growth_yoy": 0.116417341756155,
      "rev_growth_yoy_accel": 0.10489823735757332,
      "fcf_margin_change": 0.07418893919774781
    }
  ],
  "signals": [
    {
      "quarter": "2025-09 (Q3)",
      "signal": "FCF MARGIN EXPANSION",
      "detail": "FCF margin: -15.2% -> -7.8% (+7.4%)",
      "severity": "MEDIUM"
    },
    {
      "quarter": "2025-09 (Q3)",
      "signal": "YoY REVENUE GROWTH ACCELERATION",
      "detail": "YoY growth: +11.6% vs prior quarter YoY: +1.2% (accel: +10.5%)",
      "severity": "MEDIUM"
    },
    {
      "quarter": "2025-06 (Q2)",
      "signal": "GROSS MARGIN INFLECTION",
      "detail": "GM: +32.2% -> +30.7% -> +36.4% (reversal +5.7%)",
      "severity": "HIGH"
    },
    {
      "quarter": "2025-06 (Q2)",
      "signal": "YoY REVENUE GROWTH DECELERATION",
      "detail": "YoY growth: +1.2% vs prior quarter YoY: +18.0% (decel: -16.9%)",
      "severity": "WARNING"
    },
    {
      "quarter": "2025-03 (Q1)",
      "signal": "FCF MARGIN EXPANSION",
      "detail": "FCF margin: -36.6% -> -19.3% (+17.3%)",
      "severity": "MEDIUM"
    },
    {
      "quarter": "2025-03 (Q1)",
      "signal": "YoY REVENUE GROWTH DECELERATION",
      "detail": "YoY growth: +18.0% vs prior quarter YoY: +24.9% (decel: -6.9%)",
      "severity": "WARNING"
    },
    {
      "quarter": "2024-12 (Q4)",
      "signal": "YoY REVENUE GROWTH DECELERATION",
      "detail": "YoY growth: +24.9% vs prior quarter YoY: +41.6% (decel: -16.7%)",
      "severity": "WARNING"
    },
    {
      "quarter": "2024-09 (Q3)",
      "signal": "FCF MARGIN EXPANSION",
      "detail": "FCF margin: -59.7% -> -22.2% (+37.5%)",
      "severity": "MEDIUM"
    },
    {
      "quarter": "2024-09 (Q3)",
      "signal": "GROSS MARGIN INFLECTION",
      "detail": "GM: +31.2% -> +25.3% -> +34.0% (reversal +8.7%)",
      "severity": "HIGH"
    },
    {
      "quarter": "2024-09 (Q3)",
      "signal": "YoY REVENUE GROWTH DECELERATION",
      "detail": "YoY growth: +41.6% vs prior quarter YoY: +67.3% (decel: -25.7%)",
      "severity": "WARNING"
    },
    {
      "quarter": "2024-06 (Q2)",
      "signal": "YoY REVENUE GROWTH ACCELERATION",
      "detail": "YoY growth: +67.3% vs prior quarter YoY: +54.1% (accel: +13.2%)",
      "severity": "MEDIUM"
    },
    {
      "quarter": "2024-03 (Q1)",
      "signal": "YoY REVENUE GROWTH DECELERATION",
      "detail": "YoY growth: +54.1% vs prior quarter YoY: +94.9% (decel: -40.9%)",
      "severity": "WARNING"
    },
    {
      "quarter": "2023-12 (Q4)",
      "signal": "YoY REVENUE GROWTH DECELERATION",
      "detail": "YoY growth: +94.9% vs prior quarter YoY: +4385.9% (decel: -4291.0%)",
      "severity": "WARNING"
    },
    {
      "quarter": "2023-09 (Q3)",
      "signal": "FCF MARGIN EXPANSION",
      "detail": "FCF margin: -67.9% -> -7.8% (+60.1%)",
      "severity": "MEDIUM"
    },
    {
      "quarter": "2023-09 (Q3)",
      "signal": "YoY REVENUE GROWTH ACCELERATION",
      "detail": "YoY growth: +4385.9% vs prior quarter YoY: +3599.7% (accel: +786.3%)",
      "severity": "HIGH"
    },
    {
      "quarter": "2023-06 (Q2)",
      "signal": "YoY REVENUE GROWTH DECELERATION",
      "detail": "YoY growth: +3599.7% vs prior quarter YoY: +3890.4% (decel: -290.8%)",
      "severity": "WARNING"
    },
    {
      "quarter": "2023-03 (Q1)",
      "signal": "FCF MARGIN EXPANSION",
      "detail": "FCF margin: -61.9% -> -37.8% (+24.1%)",
      "severity": "MEDIUM"
    },
    {
      "quarter": "2023-03 (Q1)",
      "signal": "YoY REVENUE GROWTH DECELERATION",
      "detail": "YoY growth: +3890.4% vs prior quarter YoY: +4528.7% (decel: -638.3%)",
      "severity": "WARNING"
    },
    {
      "quarter": "2022-12 (Q4)",
      "signal": "FCF MARGIN EXPANSION",
      "detail": "FCF margin: -846.1% -> -61.9% (+784.2%)",
      "severity": "MEDIUM"
    },
    {
      "quarter": "2022-12 (Q4)",
      "signal": "OPERATING LEVERAGE",
      "detail": "Rev growth +2866.6% vs OpEx growth +1292.4% (leverage: 2.2x)",
      "severity": "MEDIUM"
    },
    {
      "quarter": "2022-12 (Q4)",
      "signal": "YoY REVENUE GROWTH ACCELERATION",
      "detail": "YoY growth: +4528.7% vs prior quarter YoY: +163.6% (accel: +4365.1%)",
      "severity": "HIGH"
    },
    {
      "quarter": "2022-09 (Q3)",
      "signal": "YoY REVENUE GROWTH DECELERATION",
      "detail": "YoY growth: +163.6% vs prior quarter YoY: +184.3% (decel: -20.6%)",
      "severity": "WARNING"
    },
    {
      "quarter": "2022-06 (Q2)",
      "signal": "FCF MARGIN EXPANSION",
      "detail": "FCF margin: -1063.4% -> -381.8% (+681.6%)",
      "severity": "MEDIUM"
    },
    {
      "quarter": "2022-06 (Q2)",
      "signal": "YoY REVENUE GROWTH DECELERATION",
      "detail": "YoY growth: +184.3% vs prior quarter YoY: +206.2% (decel: -21.9%)",
      "severity": "WARNING"
    },
    {
      "quarter": "2022-03 (Q1)",
      "signal": "GROSS MARGIN INFLECTION",
      "detail": "GM: +61.3% -> +28.0% -> +51.2% (reversal +23.2%)",
      "severity": "HIGH"
    },
    {
      "quarter": "2021-12 (Q4)",
      "signal": "FCF MARGIN EXPANSION",
      "detail": "FCF margin: -1192.6% -> -366.7% (+826.0%)",
      "severity": "MEDIUM"
    },
    {
      "quarter": "2021-06 (Q2)",
      "signal": "GROSS MARGIN INFLECTION",
      "detail": "GM: +62.6% -> +53.8% -> +65.0% (reversal +11.2%)",
      "severity": "HIGH"
    },
    {
      "quarter": "2021-03 (Q1)",
      "signal": "FCF MARGIN EXPANSION",
      "detail": "FCF margin: -1513.8% -> -742.3% (+771.5%)",
      "severity": "MEDIUM"
    }
  ],
  "data_quality": {
    "n_quarters": 20,
    "coverage": {
      "revenue": [
        20,
        20
      ],
      "gross_profit": [
        20,
        20
      ],
      "op_income": [
        20,
        20
      ],
      "fcf": [
        20,
        20
      ]
    },
    "gaps": [],
    "warnings": []
  },
  "market_cap": null,
  "source": "SEC EDGAR",
  "last_updated": "2026-02-03T01:08:32.521096"
}