{
  "ticker": "SBH",
  "name": "SALLY BEAUTY HOLDINGS, INC.",
  "quarters": [
    {
      "date": "2020-12-31T00:00:00",
      "quarter_label": "2020-12 (Q4)",
      "revenue": 936022000,
      "gross_profit": 470724000,
      "operating_income": 104322000,
      "net_income": 57191000,
      "opex": 366402000,
      "cogs": 465298000,
      "rd": null,
      "sga": 366170000,
      "fcf": 23503000,
      "ocf": 38986000,
      "capex": -15483000,
      "gross_margin": 0.5028984361478683,
      "op_margin": 0.11145250859488345,
      "fcf_margin": 0.025109452555602325
    },
    {
      "date": "2021-03-31T00:00:00",
      "quarter_label": "2021-03 (Q1)",
      "revenue": 926328000,
      "gross_profit": 467229000,
      "operating_income": 75511000,
      "net_income": 38312000,
      "opex": 391718000,
      "cogs": 459099000,
      "rd": null,
      "sga": 391087000,
      "fcf": 80958000,
      "ocf": 92570000,
      "capex": -11612000,
      "gross_margin": 0.504388294427028,
      "op_margin": 0.08151648228273355,
      "fcf_margin": 0.08739668886182864,
      "fcf_margin_change": 0.06228723630622631
    },
    {
      "date": "2021-06-30T00:00:00",
      "quarter_label": "2021-06 (Q2)",
      "revenue": 1022387000,
      "gross_profit": 514406000,
      "operating_income": 127417000,
      "net_income": 76206000,
      "opex": 386989000,
      "cogs": 507981000,
      "rd": null,
      "sga": 386481000,
      "fcf": 68379000,
      "ocf": 86172000,
      "capex": -17793000,
      "gross_margin": 0.5031421565415053,
      "op_margin": 0.12462697589073414,
      "fcf_margin": 0.0668817189576941,
      "op_leverage_ratio": Infinity,
      "fcf_margin_change": -0.02051496990413454
    },
    {
      "date": "2021-09-30T00:00:00",
      "quarter_label": "2021-09 (Q3)",
      "revenue": 990260000,
      "gross_profit": 500975000,
      "operating_income": 111193000,
      "net_income": 68149000,
      "opex": 389782000,
      "cogs": 489285000,
      "rd": null,
      "sga": 386542000,
      "fcf": 135116000,
      "ocf": 164132000,
      "capex": -29016000,
      "gross_margin": 0.5059024902550845,
      "op_margin": 0.11228667218710238,
      "fcf_margin": 0.13644497404721992,
      "fcf_margin_change": 0.06956325508952582
    },
    {
      "date": "2021-12-31T00:00:00",
      "quarter_label": "2021-12 (Q4)",
      "revenue": 980251000,
      "gross_profit": 500129000,
      "operating_income": 112780000,
      "net_income": 68838000,
      "opex": 387349000,
      "cogs": 480122000,
      "rd": null,
      "sga": 386250000,
      "fcf": -32075000,
      "ocf": -5685000,
      "capex": -26390000,
      "gross_margin": 0.5102050393215615,
      "op_margin": 0.11505216521074704,
      "fcf_margin": -0.032721211199988574,
      "incr_op_margin_yoy": 0.1912319971059712,
      "rev_growth_yoy": 0.047252094502052304,
      "fcf_margin_change": -0.1691661852472085
    },
    {
      "date": "2022-03-31T00:00:00",
      "quarter_label": "2022-03 (Q1)",
      "revenue": 911387000,
      "gross_profit": 465332000,
      "operating_income": 86461000,
      "net_income": 46808000,
      "opex": 378871000,
      "cogs": 446055000,
      "rd": null,
      "sga": 378871000,
      "fcf": -14807000,
      "ocf": 2912000,
      "capex": -17719000,
      "gross_margin": 0.5105756391083042,
      "op_margin": 0.09486749317249422,
      "fcf_margin": -0.01624666579619854,
      "incr_op_margin_yoy": -0.7328826718425808,
      "rev_growth_yoy": -0.016129276023179696,
      "rev_growth_yoy_accel": -0.063381370525232,
      "fcf_margin_change": 0.016474545403790033
    },
    {
      "date": "2022-06-30T00:00:00",
      "quarter_label": "2022-06 (Q2)",
      "revenue": 961467000,
      "gross_profit": 490208000,
      "operating_income": 99203000,
      "net_income": 46567000,
      "opex": 391005000,
      "cogs": 471259000,
      "rd": null,
      "sga": 390961000,
      "fcf": 28875000,
      "ocf": 52000000,
      "capex": -23125000,
      "gross_margin": 0.509854212365063,
      "op_margin": 0.10317878824754256,
      "fcf_margin": 0.030032231995481905,
      "incr_op_margin_yoy": 0.4631319763624425,
      "rev_growth_yoy": -0.05958604716218027,
      "rev_growth_yoy_accel": -0.04345677113900058,
      "op_leverage_ratio": 1.715729680935006,
      "fcf_margin_change": 0.04627889779168044
    },
    {
      "date": "2022-09-30T00:00:00",
      "quarter_label": "2022-09 (Q3)",
      "revenue": 962460000,
      "gross_profit": 463496000,
      "operating_income": 39196000,
      "net_income": 21339000,
      "opex": 424300000,
      "cogs": 498964000,
      "rd": null,
      "sga": 397866000,
      "fcf": 75257000,
      "ocf": 107273000,
      "capex": -32016000,
      "gross_margin": 0.48157429919165473,
      "op_margin": 0.04072480934272593,
      "fcf_margin": 0.07819234046090227,
      "incr_op_margin_yoy": 2.589820143884892,
      "rev_growth_yoy": -0.028073435259426818,
      "rev_growth_yoy_accel": 0.03151261190275345,
      "fcf_margin_change": 0.04816010846542037
    },
    {
      "date": "2022-12-31T00:00:00",
      "quarter_label": "2022-12 (Q4)",
      "revenue": 957055000,
      "gross_profit": 488574000,
      "operating_income": 86588000,
      "net_income": 50337000,
      "opex": 401986000,
      "cogs": 468481000,
      "rd": null,
      "sga": 391580000,
      "fcf": 29944000,
      "ocf": 54951000,
      "capex": -25007000,
      "gross_margin": 0.5104973068423445,
      "op_margin": 0.09047337927287355,
      "fcf_margin": 0.03128764804530565,
      "incr_op_margin_yoy": 1.1291602000344887,
      "rev_growth_yoy": -0.023663327045828058,
      "rev_growth_yoy_accel": 0.00441010821359876,
      "fcf_margin_change": -0.046904692415596624
    },
    {
      "date": "2023-03-31T00:00:00",
      "quarter_label": "2023-03 (Q1)",
      "revenue": 918712000,
      "gross_profit": 468339000,
      "operating_income": 71408000,
      "net_income": 40861000,
      "opex": 396931000,
      "cogs": 450373000,
      "rd": null,
      "sga": 389657000,
      "fcf": 7523000,
      "ocf": 24697000,
      "capex": -17174000,
      "gross_margin": 0.5097778193819172,
      "op_margin": 0.07772620799554159,
      "fcf_margin": 0.008188638006252231,
      "incr_op_margin_yoy": -2.0550170648464166,
      "rev_growth_yoy": 0.008037200442841515,
      "rev_growth_yoy_accel": 0.03170052748866957,
      "fcf_margin_change": -0.023099010039053416
    },
    {
      "date": "2023-06-30T00:00:00",
      "quarter_label": "2023-06 (Q2)",
      "revenue": 931008000,
      "gross_profit": 474705000,
      "operating_income": 90125000,
      "net_income": 50821000,
      "opex": 384580000,
      "cogs": 456303000,
      "rd": null,
      "sga": 384183000,
      "fcf": 31508000,
      "ocf": 53123000,
      "capex": -21615000,
      "gross_margin": 0.5098828366673541,
      "op_margin": 0.09680367945280814,
      "fcf_margin": 0.03384288856808964,
      "incr_op_margin_yoy": 0.29803998818083327,
      "rev_growth_yoy": -0.03167971443637691,
      "rev_growth_yoy_accel": -0.039716914879218426,
      "op_leverage_ratio": Infinity,
      "fcf_margin_change": 0.025654250561837406
    },
    {
      "date": "2023-09-30T00:00:00",
      "quarter_label": "2023-09 (Q3)",
      "revenue": 921356000,
      "gross_profit": 466562000,
      "operating_income": 76908000,
      "net_income": 42581000,
      "opex": 389654000,
      "cogs": 454794000,
      "rd": null,
      "sga": 390526000,
      "fcf": 89594000,
      "ocf": 116540000,
      "capex": -26946000,
      "gross_margin": 0.5063862394123444,
      "op_margin": 0.0834726207893583,
      "fcf_margin": 0.09724145715662567,
      "incr_op_margin_yoy": -0.9174776177500973,
      "rev_growth_yoy": -0.042707229391351326,
      "rev_growth_yoy_accel": -0.011027514954974414,
      "fcf_margin_change": 0.06339856858853604
    },
    {
      "date": "2023-12-31T00:00:00",
      "quarter_label": "2023-12 (Q4)",
      "revenue": 931302000,
      "gross_profit": 467176000,
      "operating_income": 69123000,
      "net_income": 38390000,
      "opex": 398053000,
      "cogs": 464126000,
      "rd": null,
      "sga": 398138000,
      "fcf": 20469000,
      "ocf": 51020000,
      "capex": -30551000,
      "gross_margin": 0.501637492456797,
      "op_margin": 0.07422189579749641,
      "fcf_margin": 0.021978906949625364,
      "incr_op_margin_yoy": 0.6781734166893177,
      "rev_growth_yoy": -0.026908589370516846,
      "rev_growth_yoy_accel": 0.01579864002083448,
      "op_leverage_ratio": 0.5008094833699511,
      "fcf_margin_change": -0.07526255020700032
    },
    {
      "date": "2024-03-31T00:00:00",
      "quarter_label": "2024-03 (Q1)",
      "revenue": 908361000,
      "gross_profit": 463072000,
      "operating_income": 59574000,
      "net_income": 29244000,
      "opex": 403498000,
      "cogs": 445289000,
      "rd": null,
      "sga": 403435000,
      "fcf": 22832000,
      "ocf": 36940000,
      "capex": -14108000,
      "gross_margin": 0.5097885091940318,
      "op_margin": 0.06558405743971835,
      "fcf_margin": 0.025135381197563523,
      "incr_op_margin_yoy": 1.1432711815283547,
      "rev_growth_yoy": -0.01126686056130757,
      "rev_growth_yoy_accel": 0.015641728809209277,
      "fcf_margin_change": 0.003156474247938159
    },
    {
      "date": "2024-06-30T00:00:00",
      "quarter_label": "2024-06 (Q2)",
      "revenue": 942340000,
      "gross_profit": 480883000,
      "operating_income": 71770000,
      "net_income": 37724000,
      "opex": 409113000,
      "cogs": 461457000,
      "rd": null,
      "sga": 408730000,
      "fcf": 28746000,
      "ocf": 47895000,
      "capex": -19149000,
      "gross_margin": 0.5103073200755566,
      "op_margin": 0.07616147038223996,
      "fcf_margin": 0.030504913300931722,
      "incr_op_margin_yoy": -1.6197493822802682,
      "rev_growth_yoy": 0.012171753626177218,
      "rev_growth_yoy_accel": 0.023438614187484788,
      "op_leverage_ratio": 2.688089593260876,
      "fcf_margin_change": 0.005369532103368199
    },
    {
      "date": "2024-09-30T00:00:00",
      "quarter_label": "2024-09 (Q3)",
      "revenue": 935028000,
      "gross_profit": 479201000,
      "operating_income": 82266000,
      "net_income": 48056000,
      "opex": 396935000,
      "cogs": 455827000,
      "rd": null,
      "sga": 397371000,
      "fcf": 73316000,
      "ocf": 110673000,
      "capex": -37357000,
      "gross_margin": 0.5124990909363142,
      "op_margin": 0.08798239197114953,
      "fcf_margin": 0.07841048610308995,
      "incr_op_margin_yoy": 0.39189584552369805,
      "rev_growth_yoy": 0.014838998172259149,
      "rev_growth_yoy_accel": 0.0026672445460819306,
      "fcf_margin_change": 0.047905572802158236
    },
    {
      "date": "2024-12-31T00:00:00",
      "quarter_label": "2024-12 (Q4)",
      "revenue": 937895000,
      "gross_profit": 476840000,
      "operating_income": 100320000,
      "net_income": 61013000,
      "opex": 376520000,
      "cogs": 461055000,
      "rd": null,
      "sga": 376520000,
      "fcf": 13379000,
      "ocf": 33457000,
      "capex": -20078000,
      "gross_margin": 0.508415121095645,
      "op_margin": 0.10696293295091668,
      "fcf_margin": 0.014264923045756722,
      "incr_op_margin_yoy": 4.731836796602457,
      "rev_growth_yoy": 0.00707933624109043,
      "rev_growth_yoy_accel": -0.007759661931168719,
      "fcf_margin_change": -0.06414556305733324
    },
    {
      "date": "2025-03-31T00:00:00",
      "quarter_label": "2025-03 (Q1)",
      "revenue": 883146000,
      "gross_profit": 458817000,
      "operating_income": 69373000,
      "net_income": 39210000,
      "opex": 389444000,
      "cogs": 424329000,
      "rd": null,
      "sga": 389444000,
      "fcf": 32171000,
      "ocf": 51064000,
      "capex": -18893000,
      "gross_margin": 0.5195256503454695,
      "op_margin": 0.0785521306782797,
      "fcf_margin": 0.03642772542705283,
      "incr_op_margin_yoy": -0.3886178861788618,
      "rev_growth_yoy": -0.027758787530508245,
      "rev_growth_yoy_accel": -0.03483812377159867,
      "fcf_margin_change": 0.022162802381296108
    },
    {
      "date": "2025-06-30T00:00:00",
      "quarter_label": "2025-06 (Q2)",
      "revenue": 933307000,
      "gross_profit": 480985000,
      "operating_income": 78173000,
      "net_income": 45724000,
      "opex": 402812000,
      "cogs": 452322000,
      "rd": null,
      "sga": 402812000,
      "fcf": 49131000,
      "ocf": 69431000,
      "capex": -20300000,
      "gross_margin": 0.5153556118190478,
      "op_margin": 0.08375914891884449,
      "fcf_margin": 0.052641842394838996,
      "incr_op_margin_yoy": -0.7088453448466733,
      "rev_growth_yoy": -0.009585712163338074,
      "rev_growth_yoy_accel": 0.018173075367170173,
      "op_leverage_ratio": 1.6546733034130692,
      "fcf_margin_change": 0.016214116967786164
    },
    {
      "date": "2025-09-30T00:00:00",
      "quarter_label": "2025-09 (Q3)",
      "revenue": 947076000,
      "gross_profit": 494106000,
      "operating_income": 79944000,
      "net_income": 49931000,
      "opex": 414162000,
      "cogs": 452970000,
      "rd": null,
      "sga": 414162000,
      "fcf": 78005000,
      "ocf": 120879000,
      "capex": -42874000,
      "gross_margin": 0.5217173700949026,
      "op_margin": 0.08441138831519329,
      "fcf_margin": 0.08236403414298324,
      "incr_op_margin_yoy": -0.19272908366533864,
      "rev_growth_yoy": 0.012885175631104095,
      "rev_growth_yoy_accel": 0.022470887794442167,
      "op_leverage_ratio": 0.5235816473720616,
      "fcf_margin_change": 0.029722191748144243
    }
  ],
  "signals": [
    {
      "quarter": "2025-06 (Q2)",
      "signal": "OPERATING LEVERAGE",
      "detail": "Rev growth +5.7% vs OpEx growth +3.4% (leverage: 1.7x)",
      "severity": "MEDIUM"
    },
    {
      "quarter": "2024-12 (Q4)",
      "signal": "INCREMENTAL MARGIN (YoY)",
      "detail": "YoY Incr OPM: +473.2% vs year-ago OPM: +7.4%",
      "severity": "HIGH"
    },
    {
      "quarter": "2024-09 (Q3)",
      "signal": "INCREMENTAL MARGIN (YoY)",
      "detail": "YoY Incr OPM: +39.2% vs year-ago OPM: +8.3%",
      "severity": "HIGH"
    },
    {
      "quarter": "2024-06 (Q2)",
      "signal": "OPERATING LEVERAGE",
      "detail": "Rev growth +3.7% vs OpEx growth +1.4% (leverage: 2.7x)",
      "severity": "MEDIUM"
    },
    {
      "quarter": "2024-03 (Q1)",
      "signal": "INCREMENTAL MARGIN (YoY)",
      "detail": "YoY Incr OPM: +114.3% vs year-ago OPM: +7.8%",
      "severity": "HIGH"
    },
    {
      "quarter": "2023-12 (Q4)",
      "signal": "INCREMENTAL MARGIN (YoY)",
      "detail": "YoY Incr OPM: +67.8% vs year-ago OPM: +9.0%",
      "severity": "HIGH"
    },
    {
      "quarter": "2023-09 (Q3)",
      "signal": "FCF MARGIN EXPANSION",
      "detail": "FCF margin: +3.4% -> +9.7% (+6.3%)",
      "severity": "MEDIUM"
    },
    {
      "quarter": "2023-06 (Q2)",
      "signal": "INCREMENTAL MARGIN (YoY)",
      "detail": "YoY Incr OPM: +29.8% vs year-ago OPM: +10.3%",
      "severity": "MEDIUM"
    },
    {
      "quarter": "2022-12 (Q4)",
      "signal": "GROSS MARGIN INFLECTION",
      "detail": "GM: +51.0% -> +48.2% -> +51.0% (reversal +2.9%)",
      "severity": "MEDIUM"
    },
    {
      "quarter": "2022-12 (Q4)",
      "signal": "INCREMENTAL MARGIN (YoY)",
      "detail": "YoY Incr OPM: +112.9% vs year-ago OPM: +11.5%",
      "severity": "HIGH"
    },
    {
      "quarter": "2022-09 (Q3)",
      "signal": "INCREMENTAL MARGIN (YoY)",
      "detail": "YoY Incr OPM: +259.0% vs year-ago OPM: +11.2%",
      "severity": "HIGH"
    },
    {
      "quarter": "2022-06 (Q2)",
      "signal": "FCF TURNED POSITIVE",
      "detail": "FCF margin: -1.6% -> +3.0%",
      "severity": "HIGH"
    },
    {
      "quarter": "2022-06 (Q2)",
      "signal": "OPERATING LEVERAGE",
      "detail": "Rev growth +5.5% vs OpEx growth +3.2% (leverage: 1.7x)",
      "severity": "MEDIUM"
    },
    {
      "quarter": "2022-06 (Q2)",
      "signal": "INCREMENTAL MARGIN (YoY)",
      "detail": "YoY Incr OPM: +46.3% vs year-ago OPM: +12.5%",
      "severity": "HIGH"
    },
    {
      "quarter": "2022-03 (Q1)",
      "signal": "YoY REVENUE GROWTH DECELERATION",
      "detail": "YoY growth: -1.6% vs prior quarter YoY: +4.7% (decel: -6.3%)",
      "severity": "WARNING"
    },
    {
      "quarter": "2021-09 (Q3)",
      "signal": "FCF MARGIN EXPANSION",
      "detail": "FCF margin: +6.7% -> +13.6% (+7.0%)",
      "severity": "MEDIUM"
    },
    {
      "quarter": "2021-03 (Q1)",
      "signal": "FCF MARGIN EXPANSION",
      "detail": "FCF margin: +2.5% -> +8.7% (+6.2%)",
      "severity": "MEDIUM"
    }
  ],
  "data_quality": {
    "n_quarters": 20,
    "coverage": {
      "revenue": [
        20,
        20
      ],
      "gross_profit": [
        20,
        20
      ],
      "op_income": [
        20,
        20
      ],
      "fcf": [
        20,
        20
      ]
    },
    "gaps": [],
    "warnings": []
  },
  "market_cap": null,
  "source": "SEC EDGAR",
  "last_updated": "2026-02-02T21:48:40.893035"
}