{
  "ticker": "SBIG",
  "name": "SPRINGBIG HOLDINGS, INC.",
  "quarters": [
    {
      "date": "2021-06-30T00:00:00",
      "quarter_label": "2021-06 (Q2)",
      "revenue": 5804000,
      "gross_profit": 3939000,
      "operating_income": -164308,
      "net_income": 2568267,
      "opex": 164308,
      "cogs": 1865000,
      "rd": null,
      "sga": null,
      "fcf": -1454000,
      "ocf": -1301000,
      "capex": -153000,
      "gross_margin": 0.6786698828394211,
      "op_margin": -0.02830944176430048,
      "fcf_margin": -0.2505168849069607
    },
    {
      "date": "2021-09-30T00:00:00",
      "quarter_label": "2021-09 (Q3)",
      "revenue": 6121000,
      "gross_profit": 4561000,
      "operating_income": -276553,
      "net_income": 8377616,
      "opex": 276553,
      "cogs": 1560000,
      "rd": null,
      "sga": null,
      "fcf": -1668000,
      "ocf": -1434000,
      "capex": -234000,
      "gross_margin": 0.7451396830583238,
      "op_margin": -0.045181016173827804,
      "fcf_margin": -0.2725044927299461,
      "op_leverage_ratio": 0.07995093803094351,
      "fcf_margin_change": -0.021987607822985367
    },
    {
      "date": "2021-12-31T00:00:00",
      "quarter_label": "2021-12 (Q4)",
      "revenue": 6334000,
      "gross_profit": 4980000,
      "operating_income": -1498635,
      "net_income": -1175357,
      "opex": 1498635,
      "cogs": 1354000,
      "rd": null,
      "sga": null,
      "fcf": -3821000,
      "ocf": -3998000,
      "capex": 177000,
      "gross_margin": 0.786233028102305,
      "op_margin": -0.23660167350805178,
      "fcf_margin": -0.6032522892327123,
      "op_leverage_ratio": 0.007874722354985444,
      "fcf_margin_change": -0.33074779650276626
    },
    {
      "date": "2022-03-31T00:00:00",
      "quarter_label": "2022-03 (Q1)",
      "revenue": 6173000,
      "gross_profit": 4521000,
      "operating_income": -911834,
      "net_income": 3252560,
      "opex": 911834,
      "cogs": 1652000,
      "rd": null,
      "sga": null,
      "fcf": -2472000,
      "ocf": -2399000,
      "capex": -73000,
      "gross_margin": 0.7323829580430908,
      "op_margin": -0.14771326745504618,
      "fcf_margin": -0.4004535882067066,
      "fcf_margin_change": 0.20279870102600572
    },
    {
      "date": "2022-06-30T00:00:00",
      "quarter_label": "2022-06 (Q2)",
      "revenue": 6584000,
      "gross_profit": 4586000,
      "operating_income": -5283000,
      "net_income": -2611000,
      "opex": 9869000,
      "cogs": 1998000,
      "rd": null,
      "sga": null,
      "fcf": -2504000,
      "ocf": -2464000,
      "capex": -40000,
      "gross_margin": 0.6965370595382746,
      "op_margin": -0.8023997569866342,
      "fcf_margin": -0.38031591737545567,
      "rev_growth_yoy": 0.13439007580978635,
      "op_leverage_ratio": 0.00677783050174843,
      "fcf_margin_change": 0.020137670831250953
    },
    {
      "date": "2022-09-30T00:00:00",
      "quarter_label": "2022-09 (Q3)",
      "revenue": 7456000,
      "gross_profit": 5544000,
      "operating_income": -3557000,
      "net_income": -3059000,
      "opex": 9101000,
      "cogs": 1912000,
      "rd": null,
      "sga": null,
      "fcf": -7396000,
      "ocf": -7366000,
      "capex": -30000,
      "gross_margin": 0.7435622317596566,
      "op_margin": -0.4770654506437768,
      "fcf_margin": -0.9919527896995708,
      "incr_op_margin_yoy": -2.4572636704119852,
      "rev_growth_yoy": 0.21810161738278058,
      "rev_growth_yoy_accel": 0.08371154157299424,
      "op_leverage_ratio": Infinity,
      "fcf_margin_change": -0.6116368723241151
    },
    {
      "date": "2022-12-31T00:00:00",
      "quarter_label": "2022-12 (Q4)",
      "revenue": 6225000,
      "gross_profit": 5278000,
      "operating_income": -4699000,
      "net_income": -4541000,
      "opex": 9977000,
      "cogs": 947000,
      "rd": null,
      "sga": null,
      "fcf": -2211000,
      "ocf": -2200000,
      "capex": -11000,
      "gross_margin": 0.8478714859437751,
      "op_margin": -0.7548594377510041,
      "fcf_margin": -0.35518072289156627,
      "rev_growth_yoy": -0.017208714872118724,
      "rev_growth_yoy_accel": -0.2353103322548993,
      "fcf_margin_change": 0.6367720668080046
    },
    {
      "date": "2023-03-31T00:00:00",
      "quarter_label": "2023-03 (Q1)",
      "revenue": 7157000,
      "gross_profit": 5807000,
      "operating_income": -1728000,
      "net_income": -2262000,
      "opex": 7535000,
      "cogs": 1350000,
      "rd": null,
      "sga": null,
      "fcf": 370000,
      "ocf": 379000,
      "capex": -9000,
      "gross_margin": 0.811373480508593,
      "op_margin": -0.24144194494900098,
      "fcf_margin": 0.051697638675422666,
      "rev_growth_yoy": 0.159403855499757,
      "rev_growth_yoy_accel": 0.17661257037187572,
      "op_leverage_ratio": Infinity,
      "fcf_margin_change": 0.4068783615669889
    },
    {
      "date": "2023-06-30T00:00:00",
      "quarter_label": "2023-06 (Q2)",
      "revenue": 7214000,
      "gross_profit": 5703000,
      "operating_income": -1773000,
      "net_income": -2028000,
      "opex": 7476000,
      "cogs": 1511000,
      "rd": 2045000,
      "sga": null,
      "fcf": -3017000,
      "ocf": -2942000,
      "capex": -75000,
      "gross_margin": 0.7905461602439701,
      "op_margin": -0.2457721097865262,
      "fcf_margin": -0.4182145827557527,
      "rev_growth_yoy": 0.0956865127582017,
      "rev_growth_yoy_accel": -0.0637173427415553,
      "fcf_margin_change": -0.46991222143117534
    },
    {
      "date": "2023-09-30T00:00:00",
      "quarter_label": "2023-09 (Q3)",
      "revenue": 6888000,
      "gross_profit": 5284000,
      "operating_income": -2692000,
      "net_income": -2742000,
      "opex": 7976000,
      "cogs": 1604000,
      "rd": 1912000,
      "sga": null,
      "fcf": -1070000,
      "ocf": -905000,
      "capex": -165000,
      "gross_margin": 0.7671312427409989,
      "op_margin": -0.3908246225319396,
      "fcf_margin": -0.15534262485481998,
      "rev_growth_yoy": -0.07618025751072961,
      "rev_growth_yoy_accel": -0.17186677026893132,
      "fcf_margin_change": 0.2628719579009327
    },
    {
      "date": "2023-12-31T00:00:00",
      "quarter_label": "2023-12 (Q4)",
      "revenue": 6791000,
      "gross_profit": 4770000,
      "operating_income": -2147000,
      "net_income": -3201000,
      "opex": 6917000,
      "cogs": 2021000,
      "rd": 1754000,
      "sga": null,
      "fcf": -610000,
      "ocf": -508000,
      "capex": -102000,
      "gross_margin": 0.702400235605949,
      "op_margin": -0.31615373288175525,
      "fcf_margin": -0.0898247680753939,
      "rev_growth_yoy": 0.09092369477911647,
      "rev_growth_yoy_accel": 0.1671039522898461,
      "fcf_margin_change": 0.06551785677942608
    },
    {
      "date": "2024-03-31T00:00:00",
      "quarter_label": "2024-03 (Q1)",
      "revenue": 6396000,
      "gross_profit": 4680000,
      "operating_income": -282000,
      "net_income": 417000,
      "opex": 4962000,
      "cogs": 1794000,
      "rd": 1666000,
      "sga": null,
      "fcf": -1937000,
      "ocf": -1878000,
      "capex": -59000,
      "gross_margin": 0.7317073170731707,
      "op_margin": -0.04409005628517824,
      "fcf_margin": -0.30284552845528456,
      "rev_growth_yoy": -0.106329467654045,
      "rev_growth_yoy_accel": -0.19725316243316146,
      "fcf_margin_change": -0.21302076037989065
    },
    {
      "date": "2024-06-30T00:00:00",
      "quarter_label": "2024-06 (Q2)",
      "revenue": 6612000,
      "gross_profit": 4697000,
      "operating_income": -57000,
      "net_income": -647000,
      "opex": 4754000,
      "cogs": 1915000,
      "rd": 1270000,
      "sga": null,
      "fcf": -45000,
      "ocf": -41000,
      "capex": -4000,
      "gross_margin": 0.7103750756200847,
      "op_margin": -0.008620689655172414,
      "fcf_margin": -0.006805807622504537,
      "rev_growth_yoy": -0.08344884945938454,
      "rev_growth_yoy_accel": 0.02288061819466046,
      "op_leverage_ratio": Infinity,
      "fcf_margin_change": 0.29603972083278
    },
    {
      "date": "2024-09-30T00:00:00",
      "quarter_label": "2024-09 (Q3)",
      "revenue": 6425000,
      "gross_profit": 4435000,
      "operating_income": -45000,
      "net_income": -554000,
      "opex": 4480000,
      "cogs": 1990000,
      "rd": 1640000,
      "sga": null,
      "fcf": 584000,
      "ocf": 585000,
      "capex": -1000,
      "gross_margin": 0.690272373540856,
      "op_margin": -0.007003891050583658,
      "fcf_margin": 0.09089494163424125,
      "rev_growth_yoy": -0.06721835075493612,
      "rev_growth_yoy_accel": 0.016230498704448412,
      "fcf_margin_change": 0.09770074925674578
    },
    {
      "date": "2024-12-31T00:00:00",
      "quarter_label": "2024-12 (Q4)",
      "revenue": 5138000,
      "gross_profit": 4182000,
      "operating_income": -216000,
      "net_income": -1092000,
      "opex": 4398000,
      "cogs": 956000,
      "rd": 1325000,
      "sga": null,
      "fcf": 381000,
      "ocf": 381000,
      "capex": null,
      "gross_margin": 0.8139353834176722,
      "op_margin": -0.04203970416504477,
      "fcf_margin": 0.0741533670688984,
      "incr_op_margin_yoy": -1.1681790683605566,
      "rev_growth_yoy": -0.24341039611250184,
      "rev_growth_yoy_accel": -0.17619204535756572,
      "fcf_margin_change": -0.01674157456534285
    },
    {
      "date": "2025-03-31T00:00:00",
      "quarter_label": "2025-03 (Q1)",
      "revenue": 5516000,
      "gross_profit": 4310000,
      "operating_income": -427000,
      "net_income": -751000,
      "opex": 4737000,
      "cogs": 1206000,
      "rd": 1271000,
      "sga": null,
      "fcf": -92000,
      "ocf": -86000,
      "capex": -6000,
      "gross_margin": 0.7813633067440174,
      "op_margin": -0.07741116751269035,
      "fcf_margin": -0.016678752719361856,
      "rev_growth_yoy": -0.13758599124452783,
      "rev_growth_yoy_accel": 0.10582440486797401,
      "op_leverage_ratio": 0.9544500976586048,
      "fcf_margin_change": -0.09083211978826025
    },
    {
      "date": "2025-06-30T00:00:00",
      "quarter_label": "2025-06 (Q2)",
      "revenue": 5837000,
      "gross_profit": 4338000,
      "operating_income": -726000,
      "net_income": -1141000,
      "opex": 5064000,
      "cogs": 1499000,
      "rd": 1233000,
      "sga": null,
      "fcf": 210000,
      "ocf": 218000,
      "capex": -8000,
      "gross_margin": 0.7431899948603735,
      "op_margin": -0.12437896179544286,
      "fcf_margin": 0.03597738564330992,
      "rev_growth_yoy": -0.11721113127646703,
      "rev_growth_yoy_accel": 0.020374859968060807,
      "op_leverage_ratio": 0.8430171444538325,
      "fcf_margin_change": 0.05265613836267177
    },
    {
      "date": "2025-09-30T00:00:00",
      "quarter_label": "2025-09 (Q3)",
      "revenue": 5871000,
      "gross_profit": 4142000,
      "operating_income": 563000,
      "net_income": 219000,
      "opex": 3579000,
      "cogs": 1729000,
      "rd": 1100000,
      "sga": null,
      "fcf": 149000,
      "ocf": 163000,
      "capex": -14000,
      "gross_margin": 0.7055016181229773,
      "op_margin": 0.09589507749957418,
      "fcf_margin": 0.025378981434167943,
      "rev_growth_yoy": -0.08622568093385213,
      "rev_growth_yoy_accel": 0.030985450342614893,
      "fcf_margin_change": -0.010598404209141977
    }
  ],
  "signals": [
    {
      "quarter": "2025-09 (Q3)",
      "signal": "OP MARGIN TURNED POSITIVE (YoY)",
      "detail": "Op margin: -0.7% (year-ago) -> +9.6%",
      "severity": "HIGH"
    },
    {
      "quarter": "2025-09 (Q3)",
      "signal": "OP MARGIN TURNED POSITIVE (QoQ)",
      "detail": "Op margin: -12.4% -> +9.6%",
      "severity": "HIGH"
    },
    {
      "quarter": "2025-06 (Q2)",
      "signal": "FCF TURNED POSITIVE",
      "detail": "FCF margin: -1.7% -> +3.6%",
      "severity": "HIGH"
    },
    {
      "quarter": "2025-03 (Q1)",
      "signal": "YoY REVENUE GROWTH ACCELERATION",
      "detail": "YoY growth: -13.8% vs prior quarter YoY: -24.3% (accel: +10.6%)",
      "severity": "MEDIUM"
    },
    {
      "quarter": "2024-12 (Q4)",
      "signal": "GROSS MARGIN INFLECTION",
      "detail": "GM: +71.0% -> +69.0% -> +81.4% (reversal +12.4%)",
      "severity": "HIGH"
    },
    {
      "quarter": "2024-12 (Q4)",
      "signal": "YoY REVENUE GROWTH DECELERATION",
      "detail": "YoY growth: -24.3% vs prior quarter YoY: -6.7% (decel: -17.6%)",
      "severity": "WARNING"
    },
    {
      "quarter": "2024-09 (Q3)",
      "signal": "FCF TURNED POSITIVE",
      "detail": "FCF margin: -0.7% -> +9.1%",
      "severity": "HIGH"
    },
    {
      "quarter": "2024-06 (Q2)",
      "signal": "FCF MARGIN EXPANSION",
      "detail": "FCF margin: -30.3% -> -0.7% (+29.6%)",
      "severity": "MEDIUM"
    },
    {
      "quarter": "2024-03 (Q1)",
      "signal": "GROSS MARGIN INFLECTION",
      "detail": "GM: +76.7% -> +70.2% -> +73.2% (reversal +2.9%)",
      "severity": "MEDIUM"
    },
    {
      "quarter": "2024-03 (Q1)",
      "signal": "YoY REVENUE GROWTH DECELERATION",
      "detail": "YoY growth: -10.6% vs prior quarter YoY: +9.1% (decel: -19.7%)",
      "severity": "WARNING"
    },
    {
      "quarter": "2023-12 (Q4)",
      "signal": "FCF MARGIN EXPANSION",
      "detail": "FCF margin: -15.5% -> -9.0% (+6.6%)",
      "severity": "MEDIUM"
    },
    {
      "quarter": "2023-12 (Q4)",
      "signal": "YoY REVENUE GROWTH ACCELERATION",
      "detail": "YoY growth: +9.1% vs prior quarter YoY: -7.6% (accel: +16.7%)",
      "severity": "HIGH"
    },
    {
      "quarter": "2023-09 (Q3)",
      "signal": "FCF MARGIN EXPANSION",
      "detail": "FCF margin: -41.8% -> -15.5% (+26.3%)",
      "severity": "MEDIUM"
    },
    {
      "quarter": "2023-09 (Q3)",
      "signal": "YoY REVENUE GROWTH DECELERATION",
      "detail": "YoY growth: -7.6% vs prior quarter YoY: +9.6% (decel: -17.2%)",
      "severity": "WARNING"
    },
    {
      "quarter": "2023-06 (Q2)",
      "signal": "YoY REVENUE GROWTH DECELERATION",
      "detail": "YoY growth: +9.6% vs prior quarter YoY: +15.9% (decel: -6.4%)",
      "severity": "WARNING"
    },
    {
      "quarter": "2023-03 (Q1)",
      "signal": "FCF TURNED POSITIVE",
      "detail": "FCF margin: -35.5% -> +5.2%",
      "severity": "HIGH"
    },
    {
      "quarter": "2023-03 (Q1)",
      "signal": "YoY REVENUE GROWTH ACCELERATION",
      "detail": "YoY growth: +15.9% vs prior quarter YoY: -1.7% (accel: +17.7%)",
      "severity": "HIGH"
    },
    {
      "quarter": "2022-12 (Q4)",
      "signal": "FCF MARGIN EXPANSION",
      "detail": "FCF margin: -99.2% -> -35.5% (+63.7%)",
      "severity": "MEDIUM"
    },
    {
      "quarter": "2022-12 (Q4)",
      "signal": "YoY REVENUE GROWTH DECELERATION",
      "detail": "YoY growth: -1.7% vs prior quarter YoY: +21.8% (decel: -23.5%)",
      "severity": "WARNING"
    },
    {
      "quarter": "2022-09 (Q3)",
      "signal": "GROSS MARGIN INFLECTION",
      "detail": "GM: +73.2% -> +69.7% -> +74.4% (reversal +4.7%)",
      "severity": "MEDIUM"
    },
    {
      "quarter": "2022-09 (Q3)",
      "signal": "YoY REVENUE GROWTH ACCELERATION",
      "detail": "YoY growth: +21.8% vs prior quarter YoY: +13.4% (accel: +8.4%)",
      "severity": "MEDIUM"
    },
    {
      "quarter": "2022-03 (Q1)",
      "signal": "FCF MARGIN EXPANSION",
      "detail": "FCF margin: -60.3% -> -40.0% (+20.3%)",
      "severity": "MEDIUM"
    }
  ],
  "data_quality": {
    "n_quarters": 18,
    "coverage": {
      "revenue": [
        18,
        18
      ],
      "gross_profit": [
        18,
        18
      ],
      "op_income": [
        18,
        18
      ],
      "fcf": [
        18,
        18
      ]
    },
    "gaps": [],
    "warnings": []
  },
  "market_cap": null,
  "source": "SEC EDGAR",
  "last_updated": "2026-02-03T00:34:53.639548"
}