{
  "ticker": "SCCO",
  "name": "SOUTHERN COPPER CORPORATION",
  "quarters": [
    {
      "date": "2020-12-31T00:00:00",
      "quarter_label": "2020-12 (Q4)",
      "revenue": 2350700000,
      "gross_profit": 1302200000,
      "operating_income": 1066400000,
      "net_income": null,
      "opex": 1284300000,
      "cogs": 1048500000,
      "rd": null,
      "sga": 32200000,
      "fcf": 852200000,
      "ocf": 1095600000,
      "capex": -243400000,
      "gross_margin": 0.553962649423576,
      "op_margin": 0.45365210362870634,
      "fcf_margin": 0.36253031012038966
    },
    {
      "date": "2021-03-31T00:00:00",
      "quarter_label": "2021-03 (Q1)",
      "revenue": 2532500000,
      "gross_profit": 1588700000,
      "operating_income": 1351600000,
      "net_income": null,
      "opex": 1180900000,
      "cogs": 943800000,
      "rd": null,
      "sga": 30100000,
      "fcf": 550000000,
      "ocf": 782600000,
      "capex": -232600000,
      "gross_margin": 0.627324777887463,
      "op_margin": 0.5337018756169792,
      "fcf_margin": 0.21717670286278382,
      "op_leverage_ratio": Infinity,
      "fcf_margin_change": -0.14535360725760585
    },
    {
      "date": "2021-06-30T00:00:00",
      "quarter_label": "2021-06 (Q2)",
      "revenue": 2897000000,
      "gross_profit": 1911500000,
      "operating_income": 1675200000,
      "net_income": null,
      "opex": 1221800000,
      "cogs": 985500000,
      "rd": null,
      "sga": 31400000,
      "fcf": 841700000,
      "ocf": 1061500000,
      "capex": -219800000,
      "gross_margin": 0.6598205039696238,
      "op_margin": 0.5782533655505696,
      "fcf_margin": 0.29054193993786676,
      "op_leverage_ratio": 4.155639763755771,
      "fcf_margin_change": 0.07336523707508294
    },
    {
      "date": "2021-09-30T00:00:00",
      "quarter_label": "2021-09 (Q3)",
      "revenue": 2680900000,
      "gross_profit": 1753400000,
      "operating_income": 1507800000,
      "net_income": null,
      "opex": 1173100000,
      "cogs": 927500000,
      "rd": null,
      "sga": 31300000,
      "fcf": 977500000,
      "ocf": 1220600000,
      "capex": -243100000,
      "gross_margin": 0.6540340930284606,
      "op_margin": 0.5624230668805252,
      "fcf_margin": 0.36461636017755233,
      "fcf_margin_change": 0.07407442023968558
    },
    {
      "date": "2021-12-31T00:00:00",
      "quarter_label": "2021-12 (Q4)",
      "revenue": 2823700000,
      "gross_profit": 1786100000,
      "operating_income": 1530500000,
      "net_income": null,
      "opex": 1293200000,
      "cogs": 1037600000,
      "rd": null,
      "sga": 32300000,
      "fcf": 1030900000,
      "ocf": 1227700000,
      "capex": -196800000,
      "gross_margin": 0.6325388674434252,
      "op_margin": 0.5420193363317632,
      "fcf_margin": 0.3650883592449623,
      "incr_op_margin_yoy": 0.9811839323467231,
      "rev_growth_yoy": 0.20121665886757137,
      "op_leverage_ratio": 0.520282981261124,
      "fcf_margin_change": 0.0004719990674099672
    },
    {
      "date": "2022-03-31T00:00:00",
      "quarter_label": "2022-03 (Q1)",
      "revenue": 2763800000,
      "gross_profit": 1706100000,
      "operating_income": 1470100000,
      "net_income": null,
      "opex": 1293700000,
      "cogs": 1057700000,
      "rd": null,
      "sga": 30300000,
      "fcf": 615500000,
      "ocf": 820700000,
      "capex": -205200000,
      "gross_margin": 0.6173022649974672,
      "op_margin": 0.5319125841233084,
      "fcf_margin": 0.2227006295679861,
      "incr_op_margin_yoy": 0.5123216601815823,
      "rev_growth_yoy": 0.09133267522211254,
      "rev_growth_yoy_accel": -0.10988398364545883,
      "fcf_margin_change": -0.1423877296769762
    },
    {
      "date": "2022-06-30T00:00:00",
      "quarter_label": "2022-06 (Q2)",
      "revenue": 2306900000,
      "gross_profit": 1060200000,
      "operating_income": 808500000,
      "net_income": null,
      "opex": 1498400000,
      "cogs": 1246700000,
      "rd": null,
      "sga": 30900000,
      "fcf": 85300000,
      "ocf": 309900000,
      "capex": -224600000,
      "gross_margin": 0.4595777883740084,
      "op_margin": 0.35047032814599677,
      "fcf_margin": 0.03697602843642984,
      "incr_op_margin_yoy": 1.4687341128622267,
      "rev_growth_yoy": -0.20369347600966517,
      "rev_growth_yoy_accel": -0.2950261512317777,
      "fcf_margin_change": -0.18572460113155628
    },
    {
      "date": "2022-09-30T00:00:00",
      "quarter_label": "2022-09 (Q3)",
      "revenue": 2156900000,
      "gross_profit": 1019000000,
      "operating_income": 787200000,
      "net_income": null,
      "opex": 1369700000,
      "cogs": 1137900000,
      "rd": null,
      "sga": 30200000,
      "fcf": 362200000,
      "ocf": 590100000,
      "capex": -227900000,
      "gross_margin": 0.47243729426491726,
      "op_margin": 0.36496824145764756,
      "fcf_margin": 0.16792619036580278,
      "incr_op_margin_yoy": 1.3751908396946564,
      "rev_growth_yoy": -0.19545674959901527,
      "rev_growth_yoy_accel": 0.008236726410649903,
      "fcf_margin_change": 0.13095016192937295
    },
    {
      "date": "2022-12-31T00:00:00",
      "quarter_label": "2022-12 (Q4)",
      "revenue": 2820300000,
      "gross_profit": 1613500000,
      "operating_income": 1370100000,
      "net_income": null,
      "opex": 1450200000,
      "cogs": 1206800000,
      "rd": null,
      "sga": 33600000,
      "fcf": 791000000,
      "ocf": 1081900000,
      "capex": -290900000,
      "gross_margin": 0.572102258624969,
      "op_margin": 0.485799383044357,
      "fcf_margin": 0.28046661702655745,
      "incr_op_margin_yoy": 47.1764705882353,
      "rev_growth_yoy": -0.0012040939193257074,
      "rev_growth_yoy_accel": 0.19425265567968955,
      "op_leverage_ratio": 5.233292777850889,
      "fcf_margin_change": 0.11254042666075467
    },
    {
      "date": "2023-03-31T00:00:00",
      "quarter_label": "2023-03 (Q1)",
      "revenue": 2793900000,
      "gross_profit": 1599700000,
      "operating_income": 1353700000,
      "net_income": null,
      "opex": 1440200000,
      "cogs": 1194200000,
      "rd": null,
      "sga": 30400000,
      "fcf": 947100000,
      "ocf": 1185200000,
      "capex": -238100000,
      "gross_margin": 0.5725688106231432,
      "op_margin": 0.48451984680911986,
      "fcf_margin": 0.3389885106839901,
      "incr_op_margin_yoy": -3.867109634551495,
      "rev_growth_yoy": 0.010890802518271944,
      "rev_growth_yoy_accel": 0.012094896437597652,
      "fcf_margin_change": 0.058521893657432655
    },
    {
      "date": "2023-06-30T00:00:00",
      "quarter_label": "2023-06 (Q2)",
      "revenue": 2300700000,
      "gross_profit": 1153000000,
      "operating_income": 900700000,
      "net_income": null,
      "opex": 1400000000,
      "cogs": 1147700000,
      "rd": null,
      "sga": 31000000,
      "fcf": 544600000,
      "ocf": 797100000,
      "capex": -252500000,
      "gross_margin": 0.5011518233581084,
      "op_margin": 0.39148954665971225,
      "fcf_margin": 0.23671056634937193,
      "incr_op_margin_yoy": -14.870967741935484,
      "rev_growth_yoy": -0.0026875894056959558,
      "rev_growth_yoy_accel": -0.013578391923967901,
      "fcf_margin_change": -0.10227794433461818
    },
    {
      "date": "2023-09-30T00:00:00",
      "quarter_label": "2023-09 (Q3)",
      "revenue": 2505600000,
      "gross_profit": 1329900000,
      "operating_income": 1069200000,
      "net_income": null,
      "opex": 1436400000,
      "cogs": 1175700000,
      "rd": null,
      "sga": 32700000,
      "fcf": 787100000,
      "ocf": 1049800000,
      "capex": -262700000,
      "gross_margin": 0.5307710727969349,
      "op_margin": 0.4267241379310345,
      "fcf_margin": 0.3141363346104725,
      "incr_op_margin_yoy": 0.8087180957843418,
      "rev_growth_yoy": 0.16166720756641476,
      "rev_growth_yoy_accel": 0.16435479697211072,
      "op_leverage_ratio": 3.4253788980611253,
      "fcf_margin_change": 0.07742576826110059
    },
    {
      "date": "2023-12-31T00:00:00",
      "quarter_label": "2023-12 (Q4)",
      "revenue": 2295600000,
      "gross_profit": 1125500000,
      "operating_income": 868700000,
      "net_income": null,
      "opex": 1426900000,
      "cogs": 1170100000,
      "rd": null,
      "sga": 33100000,
      "fcf": 285600000,
      "ocf": 541000000,
      "capex": -255400000,
      "gross_margin": 0.49028576407039554,
      "op_margin": 0.37841958529360514,
      "fcf_margin": 0.1244119184526921,
      "incr_op_margin_yoy": 0.9555936725748047,
      "rev_growth_yoy": -0.1860440378683119,
      "rev_growth_yoy_accel": -0.34771124543472665,
      "fcf_margin_change": -0.1897244161577804
    },
    {
      "date": "2024-03-31T00:00:00",
      "quarter_label": "2024-03 (Q1)",
      "revenue": 2599800000,
      "gross_profit": 1442200000,
      "operating_income": 1189700000,
      "net_income": null,
      "opex": 1410100000,
      "cogs": 1157600000,
      "rd": null,
      "sga": 30800000,
      "fcf": 445900000,
      "ocf": 659700000,
      "capex": -213800000,
      "gross_margin": 0.5547349796138165,
      "op_margin": 0.4576121240095392,
      "fcf_margin": 0.17151319332256326,
      "incr_op_margin_yoy": 0.844925296239052,
      "rev_growth_yoy": -0.06947277998496725,
      "rev_growth_yoy_accel": 0.11657125788334465,
      "op_leverage_ratio": Infinity,
      "fcf_margin_change": 0.04710127486987116
    },
    {
      "date": "2024-06-30T00:00:00",
      "quarter_label": "2024-06 (Q2)",
      "revenue": 3118300000,
      "gross_profit": 1869400000,
      "operating_income": 1607300000,
      "net_income": null,
      "opex": 1511000000,
      "cogs": 1248900000,
      "rd": null,
      "sga": 33900000,
      "fcf": 630300000,
      "ocf": 962100000,
      "capex": -331800000,
      "gross_margin": 0.5994933136644967,
      "op_margin": 0.5154411057306866,
      "fcf_margin": 0.2021293653593304,
      "incr_op_margin_yoy": 0.8642367906066536,
      "rev_growth_yoy": 0.35537010475072806,
      "rev_growth_yoy_accel": 0.4248428847356953,
      "op_leverage_ratio": 2.787196369683389,
      "fcf_margin_change": 0.030616172036767142
    },
    {
      "date": "2024-09-30T00:00:00",
      "quarter_label": "2024-09 (Q3)",
      "revenue": 2930900000,
      "gross_profit": 1707800000,
      "operating_income": 1450300000,
      "net_income": null,
      "opex": 1480600000,
      "cogs": 1223100000,
      "rd": null,
      "sga": 31200000,
      "fcf": 1193000000,
      "ocf": 1439400000,
      "capex": -246400000,
      "gross_margin": 0.5826879115630011,
      "op_margin": 0.4948309393019209,
      "fcf_margin": 0.40704220546589787,
      "incr_op_margin_yoy": 0.8960733599811898,
      "rev_growth_yoy": 0.16973978288633462,
      "rev_growth_yoy_accel": -0.18563032186439343,
      "fcf_margin_change": 0.20491284010656746
    },
    {
      "date": "2024-12-31T00:00:00",
      "quarter_label": "2024-12 (Q4)",
      "revenue": 2784400000,
      "gross_profit": 1572600000,
      "operating_income": 1307400000,
      "net_income": null,
      "opex": 1477000000,
      "cogs": 1211800000,
      "rd": null,
      "sga": 34500000,
      "fcf": 1125200000,
      "ocf": 1360500000,
      "capex": -235300000,
      "gross_margin": 0.5647895417325097,
      "op_margin": 0.4695446056601063,
      "fcf_margin": 0.40410860508547625,
      "incr_op_margin_yoy": 0.8975040916530278,
      "rev_growth_yoy": 0.21292908172155428,
      "rev_growth_yoy_accel": 0.04318929883521966,
      "fcf_margin_change": -0.0029336003804216193
    },
    {
      "date": "2025-03-31T00:00:00",
      "quarter_label": "2025-03 (Q1)",
      "revenue": 3121900000,
      "gross_profit": 1802700000,
      "operating_income": 1535500000,
      "net_income": null,
      "opex": 1586400000,
      "cogs": 1319200000,
      "rd": null,
      "sga": 31700000,
      "fcf": 403600000,
      "ocf": 721400000,
      "capex": -317800000,
      "gross_margin": 0.5774368173227842,
      "op_margin": 0.4918479131298248,
      "fcf_margin": 0.129280246004036,
      "incr_op_margin_yoy": 0.6623252250526719,
      "rev_growth_yoy": 0.20082314024155704,
      "rev_growth_yoy_accel": -0.012105941479997245,
      "op_leverage_ratio": 1.636459740308173,
      "fcf_margin_change": -0.2748283590814402
    },
    {
      "date": "2025-06-30T00:00:00",
      "quarter_label": "2025-06 (Q2)",
      "revenue": 3051000000,
      "gross_profit": 1839300000,
      "operating_income": 1587000000,
      "net_income": null,
      "opex": 1464000000,
      "cogs": 1211700000,
      "rd": null,
      "sga": 32500000,
      "fcf": 741100000,
      "ocf": 976800000,
      "capex": -235700000,
      "gross_margin": 0.6028515240904622,
      "op_margin": 0.52015732546706,
      "fcf_margin": 0.24290396591281546,
      "incr_op_margin_yoy": 0.3016344725111441,
      "rev_growth_yoy": -0.021582272392008467,
      "rev_growth_yoy_accel": -0.2224054126335655,
      "fcf_margin_change": 0.11362371990877945
    },
    {
      "date": "2025-09-30T00:00:00",
      "quarter_label": "2025-09 (Q3)",
      "revenue": 3377300000,
      "gross_profit": 2020500000,
      "operating_income": 1768800000,
      "net_income": null,
      "opex": 1608500000,
      "cogs": 1356800000,
      "rd": null,
      "sga": 33700000,
      "fcf": 1210400000,
      "ocf": 1559600000,
      "capex": -349200000,
      "gross_margin": 0.5982589642613922,
      "op_margin": 0.5237319752464987,
      "fcf_margin": 0.3583927989814349,
      "incr_op_margin_yoy": 0.7134856630824373,
      "rev_growth_yoy": 0.1523081647275581,
      "rev_growth_yoy_accel": 0.17389043711956656,
      "op_leverage_ratio": 1.0835478525958362,
      "fcf_margin_change": 0.11548883306861943
    }
  ],
  "signals": [
    {
      "quarter": "2025-09 (Q3)",
      "signal": "FCF MARGIN EXPANSION",
      "detail": "FCF margin: +24.3% -> +35.8% (+11.5%)",
      "severity": "MEDIUM"
    },
    {
      "quarter": "2025-09 (Q3)",
      "signal": "YoY REVENUE GROWTH ACCELERATION",
      "detail": "YoY growth: +15.2% vs prior quarter YoY: -2.2% (accel: +17.4%)",
      "severity": "HIGH"
    },
    {
      "quarter": "2025-09 (Q3)",
      "signal": "INCREMENTAL MARGIN (YoY)",
      "detail": "YoY Incr OPM: +71.3% vs year-ago OPM: +49.5%",
      "severity": "HIGH"
    },
    {
      "quarter": "2025-06 (Q2)",
      "signal": "FCF MARGIN EXPANSION",
      "detail": "FCF margin: +12.9% -> +24.3% (+11.4%)",
      "severity": "MEDIUM"
    },
    {
      "quarter": "2025-06 (Q2)",
      "signal": "YoY REVENUE GROWTH DECELERATION",
      "detail": "YoY growth: -2.2% vs prior quarter YoY: +20.1% (decel: -22.2%)",
      "severity": "WARNING"
    },
    {
      "quarter": "2025-03 (Q1)",
      "signal": "OPERATING LEVERAGE",
      "detail": "Rev growth +12.1% vs OpEx growth +7.4% (leverage: 1.6x)",
      "severity": "MEDIUM"
    },
    {
      "quarter": "2025-03 (Q1)",
      "signal": "INCREMENTAL MARGIN (YoY)",
      "detail": "YoY Incr OPM: +66.2% vs year-ago OPM: +45.8%",
      "severity": "HIGH"
    },
    {
      "quarter": "2024-12 (Q4)",
      "signal": "INCREMENTAL MARGIN (YoY)",
      "detail": "YoY Incr OPM: +89.8% vs year-ago OPM: +37.8%",
      "severity": "HIGH"
    },
    {
      "quarter": "2024-09 (Q3)",
      "signal": "FCF MARGIN EXPANSION",
      "detail": "FCF margin: +20.2% -> +40.7% (+20.5%)",
      "severity": "MEDIUM"
    },
    {
      "quarter": "2024-09 (Q3)",
      "signal": "YoY REVENUE GROWTH DECELERATION",
      "detail": "YoY growth: +17.0% vs prior quarter YoY: +35.5% (decel: -18.6%)",
      "severity": "WARNING"
    },
    {
      "quarter": "2024-09 (Q3)",
      "signal": "INCREMENTAL MARGIN (YoY)",
      "detail": "YoY Incr OPM: +89.6% vs year-ago OPM: +42.7%",
      "severity": "HIGH"
    },
    {
      "quarter": "2024-06 (Q2)",
      "signal": "OPERATING LEVERAGE",
      "detail": "Rev growth +19.9% vs OpEx growth +7.2% (leverage: 2.8x)",
      "severity": "MEDIUM"
    },
    {
      "quarter": "2024-06 (Q2)",
      "signal": "YoY REVENUE GROWTH ACCELERATION",
      "detail": "YoY growth: +35.5% vs prior quarter YoY: -6.9% (accel: +42.5%)",
      "severity": "HIGH"
    },
    {
      "quarter": "2024-06 (Q2)",
      "signal": "INCREMENTAL MARGIN (YoY)",
      "detail": "YoY Incr OPM: +86.4% vs year-ago OPM: +39.1%",
      "severity": "HIGH"
    },
    {
      "quarter": "2024-03 (Q1)",
      "signal": "GROSS MARGIN INFLECTION",
      "detail": "GM: +53.1% -> +49.0% -> +55.5% (reversal +6.4%)",
      "severity": "HIGH"
    },
    {
      "quarter": "2024-03 (Q1)",
      "signal": "YoY REVENUE GROWTH ACCELERATION",
      "detail": "YoY growth: -6.9% vs prior quarter YoY: -18.6% (accel: +11.7%)",
      "severity": "MEDIUM"
    },
    {
      "quarter": "2024-03 (Q1)",
      "signal": "INCREMENTAL MARGIN (YoY)",
      "detail": "YoY Incr OPM: +84.5% vs year-ago OPM: +48.5%",
      "severity": "HIGH"
    },
    {
      "quarter": "2023-12 (Q4)",
      "signal": "YoY REVENUE GROWTH DECELERATION",
      "detail": "YoY growth: -18.6% vs prior quarter YoY: +16.2% (decel: -34.8%)",
      "severity": "WARNING"
    },
    {
      "quarter": "2023-12 (Q4)",
      "signal": "INCREMENTAL MARGIN (YoY)",
      "detail": "YoY Incr OPM: +95.6% vs year-ago OPM: +48.6%",
      "severity": "HIGH"
    },
    {
      "quarter": "2023-09 (Q3)",
      "signal": "FCF MARGIN EXPANSION",
      "detail": "FCF margin: +23.7% -> +31.4% (+7.7%)",
      "severity": "MEDIUM"
    },
    {
      "quarter": "2023-09 (Q3)",
      "signal": "OPERATING LEVERAGE",
      "detail": "Rev growth +8.9% vs OpEx growth +2.6% (leverage: 3.4x)",
      "severity": "MEDIUM"
    },
    {
      "quarter": "2023-09 (Q3)",
      "signal": "GROSS MARGIN INFLECTION",
      "detail": "GM: +57.3% -> +50.1% -> +53.1% (reversal +3.0%)",
      "severity": "MEDIUM"
    },
    {
      "quarter": "2023-09 (Q3)",
      "signal": "YoY REVENUE GROWTH ACCELERATION",
      "detail": "YoY growth: +16.2% vs prior quarter YoY: -0.3% (accel: +16.4%)",
      "severity": "HIGH"
    },
    {
      "quarter": "2023-09 (Q3)",
      "signal": "INCREMENTAL MARGIN (YoY)",
      "detail": "YoY Incr OPM: +80.9% vs year-ago OPM: +36.5%",
      "severity": "HIGH"
    },
    {
      "quarter": "2023-03 (Q1)",
      "signal": "FCF MARGIN EXPANSION",
      "detail": "FCF margin: +28.0% -> +33.9% (+5.9%)",
      "severity": "MEDIUM"
    },
    {
      "quarter": "2022-12 (Q4)",
      "signal": "FCF MARGIN EXPANSION",
      "detail": "FCF margin: +16.8% -> +28.0% (+11.3%)",
      "severity": "MEDIUM"
    },
    {
      "quarter": "2022-12 (Q4)",
      "signal": "OPERATING LEVERAGE",
      "detail": "Rev growth +30.8% vs OpEx growth +5.9% (leverage: 5.2x)",
      "severity": "MEDIUM"
    },
    {
      "quarter": "2022-12 (Q4)",
      "signal": "YoY REVENUE GROWTH ACCELERATION",
      "detail": "YoY growth: -0.1% vs prior quarter YoY: -19.5% (accel: +19.4%)",
      "severity": "HIGH"
    },
    {
      "quarter": "2022-12 (Q4)",
      "signal": "INCREMENTAL MARGIN (YoY)",
      "detail": "YoY Incr OPM: +4717.6% vs year-ago OPM: +54.2%",
      "severity": "HIGH"
    },
    {
      "quarter": "2022-09 (Q3)",
      "signal": "FCF MARGIN EXPANSION",
      "detail": "FCF margin: +3.7% -> +16.8% (+13.1%)",
      "severity": "MEDIUM"
    },
    {
      "quarter": "2022-09 (Q3)",
      "signal": "INCREMENTAL MARGIN (YoY)",
      "detail": "YoY Incr OPM: +137.5% vs year-ago OPM: +56.2%",
      "severity": "HIGH"
    },
    {
      "quarter": "2022-06 (Q2)",
      "signal": "YoY REVENUE GROWTH DECELERATION",
      "detail": "YoY growth: -20.4% vs prior quarter YoY: +9.1% (decel: -29.5%)",
      "severity": "WARNING"
    },
    {
      "quarter": "2022-06 (Q2)",
      "signal": "INCREMENTAL MARGIN (YoY)",
      "detail": "YoY Incr OPM: +146.9% vs year-ago OPM: +57.8%",
      "severity": "HIGH"
    },
    {
      "quarter": "2022-03 (Q1)",
      "signal": "YoY REVENUE GROWTH DECELERATION",
      "detail": "YoY growth: +9.1% vs prior quarter YoY: +20.1% (decel: -11.0%)",
      "severity": "WARNING"
    },
    {
      "quarter": "2021-12 (Q4)",
      "signal": "INCREMENTAL MARGIN (YoY)",
      "detail": "YoY Incr OPM: +98.1% vs year-ago OPM: +45.4%",
      "severity": "HIGH"
    },
    {
      "quarter": "2021-09 (Q3)",
      "signal": "FCF MARGIN EXPANSION",
      "detail": "FCF margin: +29.1% -> +36.5% (+7.4%)",
      "severity": "MEDIUM"
    },
    {
      "quarter": "2021-06 (Q2)",
      "signal": "FCF MARGIN EXPANSION",
      "detail": "FCF margin: +21.7% -> +29.1% (+7.3%)",
      "severity": "MEDIUM"
    },
    {
      "quarter": "2021-06 (Q2)",
      "signal": "OPERATING LEVERAGE",
      "detail": "Rev growth +14.4% vs OpEx growth +3.5% (leverage: 4.2x)",
      "severity": "MEDIUM"
    }
  ],
  "data_quality": {
    "n_quarters": 20,
    "coverage": {
      "revenue": [
        20,
        20
      ],
      "gross_profit": [
        20,
        20
      ],
      "op_income": [
        20,
        20
      ],
      "fcf": [
        20,
        20
      ]
    },
    "gaps": [],
    "warnings": []
  },
  "market_cap": null,
  "source": "SEC EDGAR",
  "last_updated": "2026-02-02T19:46:34.827114"
}