{
  "ticker": "SCGY",
  "name": "SCIENTIFIC ENERGY, INC.",
  "quarters": [
    {
      "date": "2020-12-31T00:00:00",
      "quarter_label": "2020-12 (Q4)",
      "revenue": 0,
      "gross_profit": 0,
      "operating_income": -93658,
      "net_income": -73859,
      "opex": 93658,
      "cogs": 0,
      "rd": null,
      "sga": null,
      "fcf": -77879,
      "ocf": -77879,
      "capex": null,
      "gross_margin": null,
      "op_margin": null,
      "fcf_margin": null
    },
    {
      "date": "2021-03-31T00:00:00",
      "quarter_label": "2021-03 (Q1)",
      "revenue": 0,
      "gross_profit": 0,
      "operating_income": -35375,
      "net_income": -38299,
      "opex": 35375,
      "cogs": 0,
      "rd": null,
      "sga": null,
      "fcf": -39566,
      "ocf": -39566,
      "capex": null,
      "gross_margin": null,
      "op_margin": null,
      "fcf_margin": null
    },
    {
      "date": "2021-06-30T00:00:00",
      "quarter_label": "2021-06 (Q2)",
      "revenue": 0,
      "gross_profit": 0,
      "operating_income": -71321,
      "net_income": -74245,
      "opex": 71321,
      "cogs": 0,
      "rd": null,
      "sga": null,
      "fcf": -4518502,
      "ocf": -4518502,
      "capex": null,
      "gross_margin": null,
      "op_margin": null,
      "fcf_margin": null
    },
    {
      "date": "2021-09-30T00:00:00",
      "quarter_label": "2021-09 (Q3)",
      "revenue": 0,
      "gross_profit": 0,
      "operating_income": -96735,
      "net_income": -98181,
      "opex": 96735,
      "cogs": 0,
      "rd": null,
      "sga": null,
      "fcf": 2185227,
      "ocf": 2185227,
      "capex": null,
      "gross_margin": null,
      "op_margin": null,
      "fcf_margin": null
    },
    {
      "date": "2021-12-31T00:00:00",
      "quarter_label": "2021-12 (Q4)",
      "revenue": 10049891,
      "gross_profit": 2385170,
      "operating_income": -755571,
      "net_income": -756960,
      "opex": 3140741,
      "cogs": 7664721,
      "rd": null,
      "sga": null,
      "fcf": -2448164,
      "ocf": -2425715,
      "capex": -22449,
      "gross_margin": 0.23733292231726694,
      "op_margin": -0.07518200943671927,
      "fcf_margin": -0.24360105000143784,
      "incr_op_margin_yoy": -0.06586270438156991
    },
    {
      "date": "2022-03-31T00:00:00",
      "quarter_label": "2022-03 (Q1)",
      "revenue": 10130661,
      "gross_profit": 2772246,
      "operating_income": -1021773,
      "net_income": -1018322,
      "opex": 3794019,
      "cogs": 7358415,
      "rd": null,
      "sga": null,
      "fcf": -249496,
      "ocf": -223203,
      "capex": -26293,
      "gross_margin": 0.2736490738363469,
      "op_margin": -0.10085946020698945,
      "fcf_margin": -0.024627810564384692,
      "incr_op_margin_yoy": -0.09736758539250302,
      "fcf_margin_change": 0.21897323943705316
    },
    {
      "date": "2022-06-30T00:00:00",
      "quarter_label": "2022-06 (Q2)",
      "revenue": 11690360,
      "gross_profit": 2812528,
      "operating_income": -1521955,
      "net_income": -1514811,
      "opex": 4334483,
      "cogs": 8877832,
      "rd": null,
      "sga": null,
      "fcf": -727516,
      "ocf": -717143,
      "capex": -10373,
      "gross_margin": 0.2405852343298239,
      "op_margin": -0.13018889067573625,
      "fcf_margin": -0.062232129720556084,
      "incr_op_margin_yoy": -0.12408805203603653,
      "op_leverage_ratio": 1.0807761220707721,
      "fcf_margin_change": -0.03760431915617139
    },
    {
      "date": "2022-09-30T00:00:00",
      "quarter_label": "2022-09 (Q3)",
      "revenue": 11249720,
      "gross_profit": 3612196,
      "operating_income": -567719,
      "net_income": -562332,
      "opex": 4179915,
      "cogs": 7637524,
      "rd": null,
      "sga": null,
      "fcf": -1964458,
      "ocf": -1959563,
      "capex": -4895,
      "gross_margin": 0.3210920805140039,
      "op_margin": -0.05046516713304865,
      "fcf_margin": -0.1746228350572281,
      "incr_op_margin_yoy": -0.041866286449796085,
      "fcf_margin_change": -0.112390705336672
    },
    {
      "date": "2022-12-31T00:00:00",
      "quarter_label": "2022-12 (Q4)",
      "revenue": 11041073,
      "gross_profit": 4013191,
      "operating_income": -731878,
      "net_income": -670664,
      "opex": 4745069,
      "cogs": 7027882,
      "rd": null,
      "sga": null,
      "fcf": -503895,
      "ocf": -493939,
      "capex": -9956,
      "gross_margin": 0.36347835033787024,
      "op_margin": -0.06628685454756073,
      "fcf_margin": -0.045638227371560716,
      "rev_growth_yoy": 0.09862614430345563,
      "fcf_margin_change": 0.12898460768566739
    },
    {
      "date": "2023-03-31T00:00:00",
      "quarter_label": "2023-03 (Q1)",
      "revenue": 9217753,
      "gross_profit": 3929755,
      "operating_income": 664360,
      "net_income": 649059,
      "opex": 3265395,
      "cogs": 5287998,
      "rd": null,
      "sga": null,
      "fcf": -945647,
      "ocf": -943440,
      "capex": -2207,
      "gross_margin": 0.4263246151204095,
      "op_margin": 0.07207396422967723,
      "fcf_margin": -0.10258975262192424,
      "rev_growth_yoy": -0.09011336970016073,
      "rev_growth_yoy_accel": -0.18873951400361638,
      "fcf_margin_change": -0.056951525250363524
    },
    {
      "date": "2023-06-30T00:00:00",
      "quarter_label": "2023-06 (Q2)",
      "revenue": 9673182,
      "gross_profit": 4271801,
      "operating_income": 322321,
      "net_income": 311714,
      "opex": 3949480,
      "cogs": 5401381,
      "rd": null,
      "sga": null,
      "fcf": -257911,
      "ocf": -254095,
      "capex": -3816,
      "gross_margin": 0.44161280124782104,
      "op_margin": 0.03332109330724885,
      "fcf_margin": -0.02666247776584789,
      "incr_op_margin_yoy": -0.9142852043795837,
      "rev_growth_yoy": -0.17255054591988614,
      "rev_growth_yoy_accel": -0.0824371762197254,
      "op_leverage_ratio": 0.23584206594869833,
      "fcf_margin_change": 0.07592727485607635
    },
    {
      "date": "2023-09-30T00:00:00",
      "quarter_label": "2023-09 (Q3)",
      "revenue": 9748253,
      "gross_profit": 4623797,
      "operating_income": 745966,
      "net_income": 715568,
      "opex": 3877831,
      "cogs": 5124456,
      "rd": null,
      "sga": null,
      "fcf": 1149307,
      "ocf": 1171176,
      "capex": -21869,
      "gross_margin": 0.4743205782615613,
      "op_margin": 0.07652304469323888,
      "fcf_margin": 0.11789876606608383,
      "incr_op_margin_yoy": -0.8749343142406726,
      "rev_growth_yoy": -0.13346705518004004,
      "rev_growth_yoy_accel": 0.0390834907398461,
      "fcf_margin_change": 0.14456124383193172
    },
    {
      "date": "2023-12-31T00:00:00",
      "quarter_label": "2023-12 (Q4)",
      "revenue": 10319022,
      "gross_profit": 5035094,
      "operating_income": 160964,
      "net_income": 411656,
      "opex": 4874130,
      "cogs": 5283928,
      "rd": null,
      "sga": null,
      "fcf": -780259,
      "ocf": -630307,
      "capex": -149952,
      "gross_margin": 0.4879429465311732,
      "op_margin": 0.015598765076767935,
      "fcf_margin": -0.07561365796099669,
      "rev_growth_yoy": -0.06539681424078982,
      "rev_growth_yoy_accel": 0.06807024093925022,
      "op_leverage_ratio": 0.22789393589400153,
      "fcf_margin_change": -0.19351242402708052
    },
    {
      "date": "2024-03-31T00:00:00",
      "quarter_label": "2024-03 (Q1)",
      "revenue": 10404933,
      "gross_profit": 4496811,
      "operating_income": 409339,
      "net_income": 416225,
      "opex": 4087472,
      "cogs": 5908122,
      "rd": null,
      "sga": null,
      "fcf": -521638,
      "ocf": -480025,
      "capex": -41613,
      "gross_margin": 0.432180678145645,
      "op_margin": 0.03934085880226235,
      "fcf_margin": -0.05013372022674245,
      "incr_op_margin_yoy": -0.2148124126080291,
      "rev_growth_yoy": 0.12879277628723615,
      "rev_growth_yoy_accel": 0.19418959052802598,
      "fcf_margin_change": 0.025479937734254235
    },
    {
      "date": "2024-06-30T00:00:00",
      "quarter_label": "2024-06 (Q2)",
      "revenue": 20776677,
      "gross_profit": 5544064,
      "operating_income": 820973,
      "net_income": 1094779,
      "opex": 4723091,
      "cogs": 15232613,
      "rd": null,
      "sga": null,
      "fcf": 967604,
      "ocf": 985730,
      "capex": -18126,
      "gross_margin": 0.2668407464774083,
      "op_margin": 0.03951416292412882,
      "fcf_margin": 0.04657164377152323,
      "incr_op_margin_yoy": 0.044909463191544645,
      "rev_growth_yoy": 1.1478637536231615,
      "rev_growth_yoy_accel": 1.0190709773359254,
      "op_leverage_ratio": 6.410182891379604,
      "fcf_margin_change": 0.09670536399826568
    },
    {
      "date": "2024-09-30T00:00:00",
      "quarter_label": "2024-09 (Q3)",
      "revenue": 19378637,
      "gross_profit": 6507579,
      "operating_income": 1662514,
      "net_income": 1847273,
      "opex": 4845065,
      "cogs": 12871058,
      "rd": null,
      "sga": null,
      "fcf": 3355286,
      "ocf": 3407591,
      "capex": -52305,
      "gross_margin": 0.3358120078310977,
      "op_margin": 0.08579106982601511,
      "fcf_margin": 0.17314354977597238,
      "incr_op_margin_yoy": 0.09517252894588626,
      "rev_growth_yoy": 0.987908705282885,
      "rev_growth_yoy_accel": -0.15995504834027652,
      "fcf_margin_change": 0.12657190600444915
    },
    {
      "date": "2024-12-31T00:00:00",
      "quarter_label": "2024-12 (Q4)",
      "revenue": 18073824,
      "gross_profit": null,
      "operating_income": null,
      "net_income": null,
      "opex": null,
      "cogs": null,
      "rd": null,
      "sga": null,
      "fcf": null,
      "ocf": null,
      "capex": null,
      "gross_margin": null,
      "op_margin": null,
      "fcf_margin": null,
      "rev_growth_yoy": 0.7515055205813109,
      "rev_growth_yoy_accel": -0.23640318470157407
    },
    {
      "date": "2025-03-31T00:00:00",
      "quarter_label": "2025-03 (Q1)",
      "revenue": 19304723,
      "gross_profit": 6423386,
      "operating_income": 150667,
      "net_income": 339523,
      "opex": 6272719,
      "cogs": 12881337,
      "rd": null,
      "sga": null,
      "fcf": 1458016,
      "ocf": 1490982,
      "capex": -32966,
      "gross_margin": 0.3327365018394721,
      "op_margin": 0.00780467039076396,
      "fcf_margin": 0.07552638802431923,
      "incr_op_margin_yoy": -0.029064955465241314,
      "rev_growth_yoy": 0.8553433260934982,
      "rev_growth_yoy_accel": 0.10383780551218724
    },
    {
      "date": "2025-06-30T00:00:00",
      "quarter_label": "2025-06 (Q2)",
      "revenue": 24075807,
      "gross_profit": 6785965,
      "operating_income": 77403,
      "net_income": 272477,
      "opex": 6708562,
      "cogs": 17289842,
      "rd": null,
      "sga": null,
      "fcf": 1130393,
      "ocf": 1134292,
      "capex": -3899,
      "gross_margin": 0.28185825712924184,
      "op_margin": 0.0032149701150204434,
      "fcf_margin": 0.046951406447144226,
      "incr_op_margin_yoy": -0.2253836617532501,
      "rev_growth_yoy": 0.1587900702311539,
      "rev_growth_yoy_accel": -0.6965532558623443,
      "op_leverage_ratio": 3.556962167834813,
      "fcf_margin_change": -0.028574981577175
    },
    {
      "date": "2025-09-30T00:00:00",
      "quarter_label": "2025-09 (Q3)",
      "revenue": 22006735,
      "gross_profit": 7626549,
      "operating_income": 238711,
      "net_income": 460103,
      "opex": 7387838,
      "cogs": 14380186,
      "rd": null,
      "sga": null,
      "fcf": -558723,
      "ocf": -462706,
      "capex": -96017,
      "gross_margin": 0.34655522502542974,
      "op_margin": 0.01084717928397829,
      "fcf_margin": -0.02538872758725908,
      "incr_op_margin_yoy": -0.5417617607866982,
      "rev_growth_yoy": 0.13561830999775681,
      "rev_growth_yoy_accel": -0.023171760233397093,
      "fcf_margin_change": -0.07234013403440331
    }
  ],
  "signals": [
    {
      "quarter": "2025-09 (Q3)",
      "signal": "GROSS MARGIN INFLECTION",
      "detail": "GM: +33.3% -> +28.2% -> +34.7% (reversal +6.5%)",
      "severity": "HIGH"
    },
    {
      "quarter": "2025-06 (Q2)",
      "signal": "OPERATING LEVERAGE",
      "detail": "Rev growth +24.7% vs OpEx growth +6.9% (leverage: 3.6x)",
      "severity": "MEDIUM"
    },
    {
      "quarter": "2025-06 (Q2)",
      "signal": "YoY REVENUE GROWTH DECELERATION",
      "detail": "YoY growth: +15.9% vs prior quarter YoY: +85.5% (decel: -69.7%)",
      "severity": "WARNING"
    },
    {
      "quarter": "2025-03 (Q1)",
      "signal": "YoY REVENUE GROWTH ACCELERATION",
      "detail": "YoY growth: +85.5% vs prior quarter YoY: +75.2% (accel: +10.4%)",
      "severity": "MEDIUM"
    },
    {
      "quarter": "2024-12 (Q4)",
      "signal": "YoY REVENUE GROWTH DECELERATION",
      "detail": "YoY growth: +75.2% vs prior quarter YoY: +98.8% (decel: -23.6%)",
      "severity": "WARNING"
    },
    {
      "quarter": "2024-09 (Q3)",
      "signal": "FCF MARGIN EXPANSION",
      "detail": "FCF margin: +4.7% -> +17.3% (+12.7%)",
      "severity": "MEDIUM"
    },
    {
      "quarter": "2024-09 (Q3)",
      "signal": "GROSS MARGIN INFLECTION",
      "detail": "GM: +43.2% -> +26.7% -> +33.6% (reversal +6.9%)",
      "severity": "HIGH"
    },
    {
      "quarter": "2024-09 (Q3)",
      "signal": "YoY REVENUE GROWTH DECELERATION",
      "detail": "YoY growth: +98.8% vs prior quarter YoY: +114.8% (decel: -16.0%)",
      "severity": "WARNING"
    },
    {
      "quarter": "2024-06 (Q2)",
      "signal": "FCF TURNED POSITIVE",
      "detail": "FCF margin: -5.0% -> +4.7%",
      "severity": "HIGH"
    },
    {
      "quarter": "2024-06 (Q2)",
      "signal": "OPERATING LEVERAGE",
      "detail": "Rev growth +99.7% vs OpEx growth +15.6% (leverage: 6.4x)",
      "severity": "MEDIUM"
    },
    {
      "quarter": "2024-06 (Q2)",
      "signal": "YoY REVENUE GROWTH ACCELERATION",
      "detail": "YoY growth: +114.8% vs prior quarter YoY: +12.9% (accel: +101.9%)",
      "severity": "HIGH"
    },
    {
      "quarter": "2024-03 (Q1)",
      "signal": "YoY REVENUE GROWTH ACCELERATION",
      "detail": "YoY growth: +12.9% vs prior quarter YoY: -6.5% (accel: +19.4%)",
      "severity": "HIGH"
    },
    {
      "quarter": "2023-12 (Q4)",
      "signal": "YoY REVENUE GROWTH ACCELERATION",
      "detail": "YoY growth: -6.5% vs prior quarter YoY: -13.3% (accel: +6.8%)",
      "severity": "MEDIUM"
    },
    {
      "quarter": "2023-12 (Q4)",
      "signal": "OP MARGIN TURNED POSITIVE (YoY)",
      "detail": "Op margin: -6.6% (year-ago) -> +1.6%",
      "severity": "HIGH"
    },
    {
      "quarter": "2023-09 (Q3)",
      "signal": "FCF TURNED POSITIVE",
      "detail": "FCF margin: -2.7% -> +11.8%",
      "severity": "HIGH"
    },
    {
      "quarter": "2023-09 (Q3)",
      "signal": "OP MARGIN TURNED POSITIVE (YoY)",
      "detail": "Op margin: -5.0% (year-ago) -> +7.7%",
      "severity": "HIGH"
    },
    {
      "quarter": "2023-06 (Q2)",
      "signal": "FCF MARGIN EXPANSION",
      "detail": "FCF margin: -10.3% -> -2.7% (+7.6%)",
      "severity": "MEDIUM"
    },
    {
      "quarter": "2023-06 (Q2)",
      "signal": "YoY REVENUE GROWTH DECELERATION",
      "detail": "YoY growth: -17.3% vs prior quarter YoY: -9.0% (decel: -8.2%)",
      "severity": "WARNING"
    },
    {
      "quarter": "2023-06 (Q2)",
      "signal": "OP MARGIN TURNED POSITIVE (YoY)",
      "detail": "Op margin: -13.0% (year-ago) -> +3.3%",
      "severity": "HIGH"
    },
    {
      "quarter": "2023-03 (Q1)",
      "signal": "YoY REVENUE GROWTH DECELERATION",
      "detail": "YoY growth: -9.0% vs prior quarter YoY: +9.9% (decel: -18.9%)",
      "severity": "WARNING"
    },
    {
      "quarter": "2023-03 (Q1)",
      "signal": "OP MARGIN TURNED POSITIVE (YoY)",
      "detail": "Op margin: -10.1% (year-ago) -> +7.2%",
      "severity": "HIGH"
    },
    {
      "quarter": "2023-03 (Q1)",
      "signal": "OP MARGIN TURNED POSITIVE (QoQ)",
      "detail": "Op margin: -6.6% -> +7.2%",
      "severity": "HIGH"
    },
    {
      "quarter": "2022-12 (Q4)",
      "signal": "FCF MARGIN EXPANSION",
      "detail": "FCF margin: -17.5% -> -4.6% (+12.9%)",
      "severity": "MEDIUM"
    },
    {
      "quarter": "2022-09 (Q3)",
      "signal": "GROSS MARGIN INFLECTION",
      "detail": "GM: +27.4% -> +24.1% -> +32.1% (reversal +8.1%)",
      "severity": "HIGH"
    },
    {
      "quarter": "2022-03 (Q1)",
      "signal": "FCF MARGIN EXPANSION",
      "detail": "FCF margin: -24.4% -> -2.5% (+21.9%)",
      "severity": "MEDIUM"
    }
  ],
  "data_quality": {
    "n_quarters": 20,
    "coverage": {
      "revenue": [
        20,
        20
      ],
      "gross_profit": [
        19,
        20
      ],
      "op_income": [
        19,
        20
      ],
      "fcf": [
        19,
        20
      ]
    },
    "gaps": [],
    "warnings": []
  },
  "market_cap": null,
  "source": "SEC EDGAR",
  "last_updated": "2026-02-03T01:02:27.512501"
}