{
  "ticker": "SCIA",
  "name": "SCI ENGINEERED MATERIALS,\u00a0INC.",
  "quarters": [
    {
      "date": "2020-12-31T00:00:00",
      "quarter_label": "2020-12 (Q4)",
      "revenue": 3356639,
      "gross_profit": 792029,
      "operating_income": 333545,
      "net_income": 1341288,
      "opex": 458484,
      "cogs": 2564610,
      "rd": 77222,
      "sga": null,
      "fcf": 456579,
      "ocf": 486471,
      "capex": -29892,
      "gross_margin": 0.23595894583838178,
      "op_margin": 0.09936874355568175,
      "fcf_margin": 0.13602267029609083
    },
    {
      "date": "2021-03-31T00:00:00",
      "quarter_label": "2021-03 (Q1)",
      "revenue": 3022310,
      "gross_profit": 803036,
      "operating_income": 425543,
      "net_income": 652585,
      "opex": 377493,
      "cogs": 2219274,
      "rd": 38219,
      "sga": null,
      "fcf": 132816,
      "ocf": 452394,
      "capex": -319578,
      "gross_margin": 0.2657027240752934,
      "op_margin": 0.1408005796890458,
      "fcf_margin": 0.0439451942388438,
      "fcf_margin_change": -0.09207747605724703
    },
    {
      "date": "2021-06-30T00:00:00",
      "quarter_label": "2021-06 (Q2)",
      "revenue": 1972049,
      "gross_profit": 562554,
      "operating_income": 178035,
      "net_income": 121548,
      "opex": 384519,
      "cogs": 1409495,
      "rd": 54377,
      "sga": null,
      "fcf": 557818,
      "ocf": 797068,
      "capex": -239250,
      "gross_margin": 0.28526370287959374,
      "op_margin": 0.09027919691650664,
      "fcf_margin": 0.2828621398352678,
      "fcf_margin_change": 0.238916945596424
    },
    {
      "date": "2021-09-30T00:00:00",
      "quarter_label": "2021-09 (Q3)",
      "revenue": 5211169,
      "gross_profit": 1302368,
      "operating_income": 877027,
      "net_income": 668682,
      "opex": 425341,
      "cogs": 3908801,
      "rd": 56612,
      "sga": null,
      "fcf": 474976,
      "ocf": 531236,
      "capex": -56260,
      "gross_margin": 0.24991858832442396,
      "op_margin": 0.16829755473292077,
      "fcf_margin": 0.09114576786897527,
      "op_leverage_ratio": 15.471515676722227,
      "fcf_margin_change": -0.19171637196629254
    },
    {
      "date": "2021-12-31T00:00:00",
      "quarter_label": "2021-12 (Q4)",
      "revenue": 3242493,
      "gross_profit": 861297,
      "operating_income": 297301,
      "net_income": 236009,
      "opex": 563996,
      "cogs": 2381196,
      "rd": 86471,
      "sga": null,
      "fcf": 738696,
      "ocf": 829850,
      "capex": -91154,
      "gross_margin": 0.26562802140205083,
      "op_margin": 0.09168901829549053,
      "fcf_margin": 0.22781729983688476,
      "rev_growth_yoy": -0.03400603997033938,
      "fcf_margin_change": 0.1366715319679095
    },
    {
      "date": "2022-03-31T00:00:00",
      "quarter_label": "2022-03 (Q1)",
      "revenue": 5326432,
      "gross_profit": 994101,
      "operating_income": 451694,
      "net_income": 384401,
      "opex": 542407,
      "cogs": 4332331,
      "rd": 87031,
      "sga": null,
      "fcf": 524150,
      "ocf": 603992,
      "capex": -79842,
      "gross_margin": 0.1866354437642309,
      "op_margin": 0.08480235925287322,
      "fcf_margin": 0.09840546166739761,
      "incr_op_margin_yoy": 0.011349659436436092,
      "rev_growth_yoy": 0.762371166425681,
      "rev_growth_yoy_accel": 0.7963772063960204,
      "op_leverage_ratio": Infinity,
      "fcf_margin_change": -0.12941183816948715
    },
    {
      "date": "2022-06-30T00:00:00",
      "quarter_label": "2022-06 (Q2)",
      "revenue": 6505005,
      "gross_profit": 1377668,
      "operating_income": 754042,
      "net_income": 664873,
      "opex": 623626,
      "cogs": 5127337,
      "rd": 92085,
      "sga": null,
      "fcf": 786776,
      "ocf": 886074,
      "capex": -99298,
      "gross_margin": 0.21178584797398312,
      "op_margin": 0.11591720529038795,
      "fcf_margin": 0.120949330553935,
      "incr_op_margin_yoy": 0.12707094443449263,
      "rev_growth_yoy": 2.2986021138419988,
      "rev_growth_yoy_accel": 1.5362309474163176,
      "op_leverage_ratio": 1.477705018675487,
      "fcf_margin_change": 0.022543868886537394
    },
    {
      "date": "2022-09-30T00:00:00",
      "quarter_label": "2022-09 (Q3)",
      "revenue": 5816838,
      "gross_profit": 1171583,
      "operating_income": 609715,
      "net_income": 442703,
      "opex": 561868,
      "cogs": 4645255,
      "rd": 93081,
      "sga": null,
      "fcf": 229354,
      "ocf": 561613,
      "capex": -332259,
      "gross_margin": 0.20141234808327135,
      "op_margin": 0.10481897553275508,
      "fcf_margin": 0.03942932569206844,
      "rev_growth_yoy": 0.1162251694389493,
      "rev_growth_yoy_accel": -2.1823769444030496,
      "fcf_margin_change": -0.08152000486186656
    },
    {
      "date": "2022-12-31T00:00:00",
      "quarter_label": "2022-12 (Q4)",
      "revenue": 5818755,
      "gross_profit": 1243603,
      "operating_income": 664767,
      "net_income": 465047,
      "opex": 578836,
      "cogs": 4575152,
      "rd": 103531,
      "sga": null,
      "fcf": 321562,
      "ocf": 346476,
      "capex": -24914,
      "gross_margin": 0.2137232105493357,
      "op_margin": 0.11424557315095756,
      "fcf_margin": 0.0552630244786041,
      "incr_op_margin_yoy": 0.14263533755495364,
      "rev_growth_yoy": 0.7945312449402357,
      "rev_growth_yoy_accel": 0.6783060755012864,
      "fcf_margin_change": 0.015833698786535663
    },
    {
      "date": "2023-03-31T00:00:00",
      "quarter_label": "2023-03 (Q1)",
      "revenue": 5797147,
      "gross_profit": 1324597,
      "operating_income": 647253,
      "net_income": 538020,
      "opex": 677344,
      "cogs": 4472550,
      "rd": 135360,
      "sga": null,
      "fcf": 556043,
      "ocf": 719764,
      "capex": -163721,
      "gross_margin": 0.22849118713049713,
      "op_margin": 0.11165026520804112,
      "fcf_margin": 0.09591666383481391,
      "rev_growth_yoy": 0.08837341770250705,
      "rev_growth_yoy_accel": -0.7061578272377287,
      "fcf_margin_change": 0.04065363935620981
    },
    {
      "date": "2023-06-30T00:00:00",
      "quarter_label": "2023-06 (Q2)",
      "revenue": 7457690,
      "gross_profit": 1253610,
      "operating_income": 591791,
      "net_income": 511359,
      "opex": 661819,
      "cogs": 6204080,
      "rd": 115493,
      "sga": null,
      "fcf": 658268,
      "ocf": 709069,
      "capex": -50801,
      "gross_margin": 0.16809628718812394,
      "op_margin": 0.07935312409070369,
      "fcf_margin": 0.08826701029407229,
      "rev_growth_yoy": 0.1464541533788214,
      "rev_growth_yoy_accel": 0.058080735676314346,
      "op_leverage_ratio": Infinity,
      "fcf_margin_change": -0.007649653540741624
    },
    {
      "date": "2023-09-30T00:00:00",
      "quarter_label": "2023-09 (Q3)",
      "revenue": 7700123,
      "gross_profit": 1386663,
      "operating_income": 710209,
      "net_income": 578784,
      "opex": 676454,
      "cogs": 6313460,
      "rd": 121554,
      "sga": null,
      "fcf": 715887,
      "ocf": 899725,
      "capex": -183838,
      "gross_margin": 0.18008322724195444,
      "op_margin": 0.09223346172522179,
      "fcf_margin": 0.0929708525435243,
      "incr_op_margin_yoy": 0.05336101545968879,
      "rev_growth_yoy": 0.32376438883118286,
      "rev_growth_yoy_accel": 0.17731023545236146,
      "op_leverage_ratio": 1.4700561161050143,
      "fcf_margin_change": 0.004703842249452014
    },
    {
      "date": "2023-12-31T00:00:00",
      "quarter_label": "2023-12 (Q4)",
      "revenue": 7029123,
      "gross_profit": 1286763,
      "operating_income": 544995,
      "net_income": 565736,
      "opex": 741768,
      "cogs": 5742360,
      "rd": 129530,
      "sga": null,
      "fcf": -102590,
      "ocf": -47279,
      "capex": -55311,
      "gross_margin": 0.18306167070913398,
      "op_margin": 0.077533854507881,
      "fcf_margin": -0.014594992860418007,
      "incr_op_margin_yoy": -0.09895502855329949,
      "rev_growth_yoy": 0.20801150761631998,
      "rev_growth_yoy_accel": -0.11575288121486288,
      "fcf_margin_change": -0.1075658454039423
    },
    {
      "date": "2024-03-31T00:00:00",
      "quarter_label": "2024-03 (Q1)",
      "revenue": 8403095,
      "gross_profit": 1415116,
      "operating_income": 618268,
      "net_income": 545324,
      "opex": 796848,
      "cogs": 6987979,
      "rd": 185235,
      "sga": null,
      "fcf": -188228,
      "ocf": -11694,
      "capex": -176534,
      "gross_margin": 0.16840414156926703,
      "op_margin": 0.07357622399841963,
      "fcf_margin": -0.022399841962991017,
      "incr_op_margin_yoy": -0.011122631763949242,
      "rev_growth_yoy": 0.4495224978769729,
      "rev_growth_yoy_accel": 0.24151099026065292,
      "op_leverage_ratio": 2.6323940574013793,
      "fcf_margin_change": -0.00780484910257301
    },
    {
      "date": "2024-06-30T00:00:00",
      "quarter_label": "2024-06 (Q2)",
      "revenue": 5532710,
      "gross_profit": 1378939,
      "operating_income": 585198,
      "net_income": 526506,
      "opex": 793741,
      "cogs": 4153771,
      "rd": 174630,
      "sga": null,
      "fcf": 747805,
      "ocf": 859197,
      "capex": -111392,
      "gross_margin": 0.2492339197246919,
      "op_margin": 0.10577058981945557,
      "fcf_margin": 0.1351607078628737,
      "incr_op_margin_yoy": 0.003424970649045704,
      "rev_growth_yoy": -0.2581201417597138,
      "rev_growth_yoy_accel": -0.7076426396366867,
      "fcf_margin_change": 0.15756054982586473
    },
    {
      "date": "2024-09-30T00:00:00",
      "quarter_label": "2024-09 (Q3)",
      "revenue": 3883237,
      "gross_profit": 1089293,
      "operating_income": 359111,
      "net_income": 360578,
      "opex": 730182,
      "cogs": 2793944,
      "rd": 130014,
      "sga": null,
      "fcf": 1471624,
      "ocf": 1562626,
      "capex": -91002,
      "gross_margin": 0.2805115938069193,
      "op_margin": 0.09247722969265075,
      "fcf_margin": 0.37896837097503966,
      "incr_op_margin_yoy": 0.09198545620697081,
      "rev_growth_yoy": -0.4956915623295888,
      "rev_growth_yoy_accel": -0.23757142056987496,
      "fcf_margin_change": 0.24380766311216595
    },
    {
      "date": "2024-12-31T00:00:00",
      "quarter_label": "2024-12 (Q4)",
      "revenue": 5051150,
      "gross_profit": 1184953,
      "operating_income": 482189,
      "net_income": 428981,
      "opex": 702764,
      "cogs": 3866197,
      "rd": 74697,
      "sga": null,
      "fcf": -161191,
      "ocf": -40314,
      "capex": -120877,
      "gross_margin": 0.23459073676291536,
      "op_margin": 0.09546123160072459,
      "fcf_margin": -0.031911742870435446,
      "incr_op_margin_yoy": 0.03175270845456434,
      "rev_growth_yoy": -0.2813968399756271,
      "rev_growth_yoy_accel": 0.2142947223539617,
      "op_leverage_ratio": Infinity,
      "fcf_margin_change": -0.4108801138454751
    },
    {
      "date": "2025-03-31T00:00:00",
      "quarter_label": "2025-03 (Q1)",
      "revenue": 3500232,
      "gross_profit": 1072814,
      "operating_income": 302539,
      "net_income": 309717,
      "opex": 770275,
      "cogs": 2427418,
      "rd": 102267,
      "sga": null,
      "fcf": 850017,
      "ocf": 933353,
      "capex": -83336,
      "gross_margin": 0.30649796927746503,
      "op_margin": 0.0864339849472835,
      "fcf_margin": 0.24284590278587248,
      "incr_op_margin_yoy": 0.06439686362845545,
      "rev_growth_yoy": -0.5834591897390188,
      "rev_growth_yoy_accel": -0.3020623497633917,
      "fcf_margin_change": 0.27475764565630795
    },
    {
      "date": "2025-06-30T00:00:00",
      "quarter_label": "2025-06 (Q2)",
      "revenue": 3609304,
      "gross_profit": 1158157,
      "operating_income": 355807,
      "net_income": 364459,
      "opex": 802350,
      "cogs": 2451147,
      "rd": 107374,
      "sga": null,
      "fcf": 857770,
      "ocf": 989888,
      "capex": -132118,
      "gross_margin": 0.32088097871500987,
      "op_margin": 0.09858050194718981,
      "fcf_margin": 0.23765523768571448,
      "incr_op_margin_yoy": 0.11926291173054467,
      "rev_growth_yoy": -0.34764265613054,
      "rev_growth_yoy_accel": 0.23581653360847876,
      "op_leverage_ratio": 0.7483341823495421,
      "fcf_margin_change": -0.005190665100158004
    },
    {
      "date": "2025-09-30T00:00:00",
      "quarter_label": "2025-09 (Q3)",
      "revenue": 5289116,
      "gross_profit": 1331145,
      "operating_income": 540169,
      "net_income": 510279,
      "opex": 790976,
      "cogs": 3957971,
      "rd": 111250,
      "sga": null,
      "fcf": 1555155,
      "ocf": 1760654,
      "capex": -205499,
      "gross_margin": 0.25167627255669944,
      "op_margin": 0.10212840860363055,
      "fcf_margin": 0.29402928580125676,
      "incr_op_margin_yoy": 0.1287863322519221,
      "rev_growth_yoy": 0.3620379080648438,
      "rev_growth_yoy_accel": 0.7096805641953838,
      "op_leverage_ratio": Infinity,
      "fcf_margin_change": 0.05637404811554228
    }
  ],
  "signals": [
    {
      "quarter": "2025-09 (Q3)",
      "signal": "FCF MARGIN EXPANSION",
      "detail": "FCF margin: +23.8% -> +29.4% (+5.6%)",
      "severity": "MEDIUM"
    },
    {
      "quarter": "2025-09 (Q3)",
      "signal": "YoY REVENUE GROWTH ACCELERATION",
      "detail": "YoY growth: +36.2% vs prior quarter YoY: -34.8% (accel: +71.0%)",
      "severity": "HIGH"
    },
    {
      "quarter": "2025-06 (Q2)",
      "signal": "YoY REVENUE GROWTH ACCELERATION",
      "detail": "YoY growth: -34.8% vs prior quarter YoY: -58.3% (accel: +23.6%)",
      "severity": "HIGH"
    },
    {
      "quarter": "2025-03 (Q1)",
      "signal": "FCF TURNED POSITIVE",
      "detail": "FCF margin: -3.2% -> +24.3%",
      "severity": "HIGH"
    },
    {
      "quarter": "2025-03 (Q1)",
      "signal": "GROSS MARGIN INFLECTION",
      "detail": "GM: +28.1% -> +23.5% -> +30.6% (reversal +7.2%)",
      "severity": "HIGH"
    },
    {
      "quarter": "2025-03 (Q1)",
      "signal": "YoY REVENUE GROWTH DECELERATION",
      "detail": "YoY growth: -58.3% vs prior quarter YoY: -28.1% (decel: -30.2%)",
      "severity": "WARNING"
    },
    {
      "quarter": "2024-12 (Q4)",
      "signal": "YoY REVENUE GROWTH ACCELERATION",
      "detail": "YoY growth: -28.1% vs prior quarter YoY: -49.6% (accel: +21.4%)",
      "severity": "HIGH"
    },
    {
      "quarter": "2024-09 (Q3)",
      "signal": "FCF MARGIN EXPANSION",
      "detail": "FCF margin: +13.5% -> +37.9% (+24.4%)",
      "severity": "MEDIUM"
    },
    {
      "quarter": "2024-09 (Q3)",
      "signal": "YoY REVENUE GROWTH DECELERATION",
      "detail": "YoY growth: -49.6% vs prior quarter YoY: -25.8% (decel: -23.8%)",
      "severity": "WARNING"
    },
    {
      "quarter": "2024-06 (Q2)",
      "signal": "FCF TURNED POSITIVE",
      "detail": "FCF margin: -2.2% -> +13.5%",
      "severity": "HIGH"
    },
    {
      "quarter": "2024-06 (Q2)",
      "signal": "GROSS MARGIN INFLECTION",
      "detail": "GM: +18.3% -> +16.8% -> +24.9% (reversal +8.1%)",
      "severity": "HIGH"
    },
    {
      "quarter": "2024-06 (Q2)",
      "signal": "YoY REVENUE GROWTH DECELERATION",
      "detail": "YoY growth: -25.8% vs prior quarter YoY: +45.0% (decel: -70.8%)",
      "severity": "WARNING"
    },
    {
      "quarter": "2024-03 (Q1)",
      "signal": "OPERATING LEVERAGE",
      "detail": "Rev growth +19.5% vs OpEx growth +7.4% (leverage: 2.6x)",
      "severity": "MEDIUM"
    },
    {
      "quarter": "2024-03 (Q1)",
      "signal": "YoY REVENUE GROWTH ACCELERATION",
      "detail": "YoY growth: +45.0% vs prior quarter YoY: +20.8% (accel: +24.2%)",
      "severity": "HIGH"
    },
    {
      "quarter": "2023-12 (Q4)",
      "signal": "YoY REVENUE GROWTH DECELERATION",
      "detail": "YoY growth: +20.8% vs prior quarter YoY: +32.4% (decel: -11.6%)",
      "severity": "WARNING"
    },
    {
      "quarter": "2023-09 (Q3)",
      "signal": "YoY REVENUE GROWTH ACCELERATION",
      "detail": "YoY growth: +32.4% vs prior quarter YoY: +14.6% (accel: +17.7%)",
      "severity": "HIGH"
    },
    {
      "quarter": "2023-06 (Q2)",
      "signal": "YoY REVENUE GROWTH ACCELERATION",
      "detail": "YoY growth: +14.6% vs prior quarter YoY: +8.8% (accel: +5.8%)",
      "severity": "MEDIUM"
    },
    {
      "quarter": "2023-03 (Q1)",
      "signal": "YoY REVENUE GROWTH DECELERATION",
      "detail": "YoY growth: +8.8% vs prior quarter YoY: +79.5% (decel: -70.6%)",
      "severity": "WARNING"
    },
    {
      "quarter": "2022-12 (Q4)",
      "signal": "YoY REVENUE GROWTH ACCELERATION",
      "detail": "YoY growth: +79.5% vs prior quarter YoY: +11.6% (accel: +67.8%)",
      "severity": "HIGH"
    },
    {
      "quarter": "2022-09 (Q3)",
      "signal": "YoY REVENUE GROWTH DECELERATION",
      "detail": "YoY growth: +11.6% vs prior quarter YoY: +229.9% (decel: -218.2%)",
      "severity": "WARNING"
    },
    {
      "quarter": "2022-06 (Q2)",
      "signal": "GROSS MARGIN INFLECTION",
      "detail": "GM: +26.6% -> +18.7% -> +21.2% (reversal +2.5%)",
      "severity": "MEDIUM"
    },
    {
      "quarter": "2022-06 (Q2)",
      "signal": "YoY REVENUE GROWTH ACCELERATION",
      "detail": "YoY growth: +229.9% vs prior quarter YoY: +76.2% (accel: +153.6%)",
      "severity": "HIGH"
    },
    {
      "quarter": "2022-03 (Q1)",
      "signal": "YoY REVENUE GROWTH ACCELERATION",
      "detail": "YoY growth: +76.2% vs prior quarter YoY: -3.4% (accel: +79.6%)",
      "severity": "HIGH"
    },
    {
      "quarter": "2021-12 (Q4)",
      "signal": "FCF MARGIN EXPANSION",
      "detail": "FCF margin: +9.1% -> +22.8% (+13.7%)",
      "severity": "MEDIUM"
    },
    {
      "quarter": "2021-09 (Q3)",
      "signal": "OPERATING LEVERAGE",
      "detail": "Rev growth +164.3% vs OpEx growth +10.6% (leverage: 15.5x)",
      "severity": "MEDIUM"
    },
    {
      "quarter": "2021-06 (Q2)",
      "signal": "FCF MARGIN EXPANSION",
      "detail": "FCF margin: +4.4% -> +28.3% (+23.9%)",
      "severity": "MEDIUM"
    }
  ],
  "data_quality": {
    "n_quarters": 20,
    "coverage": {
      "revenue": [
        20,
        20
      ],
      "gross_profit": [
        20,
        20
      ],
      "op_income": [
        20,
        20
      ],
      "fcf": [
        20,
        20
      ]
    },
    "gaps": [],
    "warnings": []
  },
  "market_cap": null,
  "source": "SEC EDGAR",
  "last_updated": "2026-02-02T23:54:52.243326"
}