{
  "ticker": "SCLX",
  "name": "Scilex Holding Company",
  "quarters": [
    {
      "date": "2022-03-31T00:00:00",
      "quarter_label": "2022-03 (Q1)",
      "revenue": 6812000,
      "gross_profit": 5668000,
      "operating_income": -320415,
      "net_income": -806222,
      "opex": 5988415,
      "cogs": 1144000,
      "rd": 2631000,
      "sga": 10908000,
      "fcf": -10731000,
      "ocf": -10731000,
      "capex": null,
      "gross_margin": 0.8320610687022901,
      "op_margin": -0.04703684674104521,
      "fcf_margin": -1.5753082795067528
    },
    {
      "date": "2022-06-30T00:00:00",
      "quarter_label": "2022-06 (Q2)",
      "revenue": 7926000,
      "gross_profit": 6397000,
      "operating_income": -1434136,
      "net_income": 1561125,
      "opex": 7831136,
      "cogs": 1529000,
      "rd": 2589000,
      "sga": 14344000,
      "fcf": -12335000,
      "ocf": -12335000,
      "capex": null,
      "gross_margin": 0.8070905879384305,
      "op_margin": -0.18094070148877114,
      "fcf_margin": -1.5562705021448398,
      "op_leverage_ratio": 0.5314505439531407,
      "fcf_margin_change": 0.019037777361913033
    },
    {
      "date": "2022-09-30T00:00:00",
      "quarter_label": "2022-09 (Q3)",
      "revenue": 11377000,
      "gross_profit": 7766000,
      "operating_income": -657746,
      "net_income": -131387,
      "opex": 8423746,
      "cogs": 3611000,
      "rd": 1237000,
      "sga": 16119000,
      "fcf": 2526000,
      "ocf": 2533000,
      "capex": -7000,
      "gross_margin": 0.6826052562186868,
      "op_margin": -0.05781365913685506,
      "fcf_margin": 0.22202689636986903,
      "op_leverage_ratio": 5.753692951204457,
      "fcf_margin_change": 1.7782973985147088
    },
    {
      "date": "2022-12-31T00:00:00",
      "quarter_label": "2022-12 (Q4)",
      "revenue": 11919000,
      "gross_profit": 7406000,
      "operating_income": -48221703,
      "net_income": -23987516,
      "opex": 55627703,
      "cogs": 4513000,
      "rd": 2597000,
      "sga": 23524000,
      "fcf": -725000,
      "ocf": -725000,
      "capex": null,
      "gross_margin": 0.6213608524205051,
      "op_margin": -4.045784293984394,
      "fcf_margin": -0.06082725060827251,
      "op_leverage_ratio": 0.008501555327717625,
      "fcf_margin_change": -0.28285414697814154
    },
    {
      "date": "2023-03-31T00:00:00",
      "quarter_label": "2023-03 (Q1)",
      "revenue": 10582000,
      "gross_profit": 6991000,
      "operating_income": -25473000,
      "net_income": -30753000,
      "opex": 32464000,
      "cogs": 3591000,
      "rd": 2736000,
      "sga": 28701000,
      "fcf": -7744000,
      "ocf": -7744000,
      "capex": null,
      "gross_margin": 0.6606501606501607,
      "op_margin": -2.4072009072009073,
      "fcf_margin": -0.7318087318087318,
      "incr_op_margin_yoy": -6.671773209549071,
      "rev_growth_yoy": 0.5534351145038168,
      "fcf_margin_change": -0.6709814812004593
    },
    {
      "date": "2023-06-30T00:00:00",
      "quarter_label": "2023-06 (Q2)",
      "revenue": 12582000,
      "gross_profit": 8405000,
      "operating_income": -22814000,
      "net_income": -26649000,
      "opex": 31219000,
      "cogs": 4177000,
      "rd": 3204000,
      "sga": 26989000,
      "fcf": -13473000,
      "ocf": -13473000,
      "capex": null,
      "gross_margin": 0.6680178032109363,
      "op_margin": -1.8132252424097917,
      "fcf_margin": -1.0708154506437768,
      "incr_op_margin_yoy": -4.591895189003436,
      "rev_growth_yoy": 0.5874337623012869,
      "rev_growth_yoy_accel": 0.03399864779747008,
      "op_leverage_ratio": Infinity,
      "fcf_margin_change": -0.33900671883504496
    },
    {
      "date": "2023-09-30T00:00:00",
      "quarter_label": "2023-09 (Q3)",
      "revenue": 10117000,
      "gross_profit": 6725000,
      "operating_income": -38805000,
      "net_income": -35529000,
      "opex": 45530000,
      "cogs": 3392000,
      "rd": 4072000,
      "sga": 40431000,
      "fcf": 5879000,
      "ocf": 5900000,
      "capex": -21000,
      "gross_margin": 0.664722743896412,
      "op_margin": -3.8356232084610062,
      "fcf_margin": 0.5811011169318968,
      "incr_op_margin_yoy": 30.27559841269841,
      "rev_growth_yoy": -0.11074975828425772,
      "rev_growth_yoy_accel": -0.6981835205855446,
      "fcf_margin_change": 1.6519165675756735
    },
    {
      "date": "2023-12-31T00:00:00",
      "quarter_label": "2023-12 (Q4)",
      "revenue": 13462000,
      "gross_profit": 8941000,
      "operating_income": -18339000,
      "net_income": -21400000,
      "opex": 27280000,
      "cogs": 4521000,
      "rd": 2734000,
      "sga": 23520000,
      "fcf": -5391000,
      "ocf": -5390000,
      "capex": -1000,
      "gross_margin": 0.6641658000297133,
      "op_margin": -1.3622790075768831,
      "fcf_margin": -0.4004605556380924,
      "incr_op_margin_yoy": 19.36662540505509,
      "rev_growth_yoy": 0.12945716922560618,
      "rev_growth_yoy_accel": 0.2402069275098639,
      "op_leverage_ratio": Infinity,
      "fcf_margin_change": -0.9815616725699892
    },
    {
      "date": "2024-03-31T00:00:00",
      "quarter_label": "2024-03 (Q1)",
      "revenue": 10884000,
      "gross_profit": 7044000,
      "operating_income": -19478000,
      "net_income": -24377000,
      "opex": 26522000,
      "cogs": 3840000,
      "rd": 3108000,
      "sga": 29278000,
      "fcf": 9391000,
      "ocf": 9391000,
      "capex": null,
      "gross_margin": 0.6471885336273429,
      "op_margin": -1.7895994119808893,
      "fcf_margin": 0.8628261668504227,
      "rev_growth_yoy": 0.028539028539028538,
      "rev_growth_yoy_accel": -0.10091814068657765,
      "fcf_margin_change": 1.2632867224885151
    },
    {
      "date": "2024-06-30T00:00:00",
      "quarter_label": "2024-06 (Q2)",
      "revenue": 16370000,
      "gross_profit": 11980000,
      "operating_income": -15623000,
      "net_income": -37582000,
      "opex": 27603000,
      "cogs": 4390000,
      "rd": 2004000,
      "sga": 24598000,
      "fcf": 2311000,
      "ocf": 2311000,
      "capex": null,
      "gross_margin": 0.7318265119120342,
      "op_margin": -0.9543677458766036,
      "fcf_margin": 0.14117287721441663,
      "incr_op_margin_yoy": 1.898363252375924,
      "rev_growth_yoy": 0.30106501351136544,
      "rev_growth_yoy_accel": 0.27252598497233693,
      "op_leverage_ratio": 12.36652975911819,
      "fcf_margin_change": -0.7216532896360061
    },
    {
      "date": "2024-09-30T00:00:00",
      "quarter_label": "2024-09 (Q3)",
      "revenue": 14436000,
      "gross_profit": 10668000,
      "operating_income": -19917000,
      "net_income": -4388000,
      "opex": 30585000,
      "cogs": 3768000,
      "rd": 2349000,
      "sga": 29734000,
      "fcf": 5113000,
      "ocf": 5113000,
      "capex": null,
      "gross_margin": 0.7389858686616791,
      "op_margin": -1.3796758104738154,
      "fcf_margin": 0.35418398448323635,
      "incr_op_margin_yoy": 4.373234545033573,
      "rev_growth_yoy": 0.4269052090540674,
      "rev_growth_yoy_accel": 0.12584019554270198,
      "fcf_margin_change": 0.21301110726881972
    },
    {
      "date": "2024-12-31T00:00:00",
      "quarter_label": "2024-12 (Q4)",
      "revenue": 14900000,
      "gross_profit": 10209000,
      "operating_income": -28378000,
      "net_income": -6460000,
      "opex": 38587000,
      "cogs": 4691000,
      "rd": 2180000,
      "sga": 35406000,
      "fcf": 2534000,
      "ocf": 2534000,
      "capex": null,
      "gross_margin": 0.6851677852348993,
      "op_margin": -1.9045637583892618,
      "fcf_margin": 0.17006711409395972,
      "incr_op_margin_yoy": -6.981223922114047,
      "rev_growth_yoy": 0.10681919477046502,
      "rev_growth_yoy_accel": -0.3200860142836024,
      "op_leverage_ratio": 0.12285166447374025,
      "fcf_margin_change": -0.18411687038927663
    },
    {
      "date": "2025-03-31T00:00:00",
      "quarter_label": "2025-03 (Q1)",
      "revenue": 5004000,
      "gross_profit": 3620000,
      "operating_income": -27898000,
      "net_income": -26080000,
      "opex": 31518000,
      "cogs": 1384000,
      "rd": 2456000,
      "sga": 28060000,
      "fcf": 6007000,
      "ocf": 6007000,
      "capex": null,
      "gross_margin": 0.7234212629896083,
      "op_margin": -5.575139888089528,
      "fcf_margin": 1.2004396482813748,
      "incr_op_margin_yoy": 1.4319727891156462,
      "rev_growth_yoy": -0.5402425578831312,
      "rev_growth_yoy_accel": -0.6470617526535962,
      "fcf_margin_change": 1.030372534187415
    },
    {
      "date": "2025-06-30T00:00:00",
      "quarter_label": "2025-06 (Q2)",
      "revenue": 9896000,
      "gross_profit": 6624000,
      "operating_income": -20507000,
      "net_income": -44048000,
      "opex": 27131000,
      "cogs": 3272000,
      "rd": 6187000,
      "sga": 19841000,
      "fcf": 7050000,
      "ocf": 7050000,
      "capex": null,
      "gross_margin": 0.6693613581244947,
      "op_margin": -2.0722514147130155,
      "fcf_margin": 0.7124090541632982,
      "incr_op_margin_yoy": 0.7544022242817423,
      "rev_growth_yoy": -0.3954795357361026,
      "rev_growth_yoy_accel": 0.14476302214702863,
      "op_leverage_ratio": Infinity,
      "fcf_margin_change": -0.4880305941180766
    },
    {
      "date": "2025-09-30T00:00:00",
      "quarter_label": "2025-09 (Q3)",
      "revenue": 10560000,
      "gross_profit": 7231000,
      "operating_income": -186512000,
      "net_income": -257820000,
      "opex": 193743000,
      "cogs": 3329000,
      "rd": 3899000,
      "sga": 188824000,
      "fcf": 8230000,
      "ocf": 8230000,
      "capex": null,
      "gross_margin": 0.6847537878787879,
      "op_margin": -17.662121212121214,
      "fcf_margin": 0.7793560606060606,
      "incr_op_margin_yoy": 42.981166150670795,
      "rev_growth_yoy": -0.2684954280964256,
      "rev_growth_yoy_accel": 0.126984107639677,
      "op_leverage_ratio": 0.010926169070439746,
      "fcf_margin_change": 0.0669470064427623
    }
  ],
  "signals": [
    {
      "quarter": "2025-09 (Q3)",
      "signal": "FCF MARGIN EXPANSION",
      "detail": "FCF margin: +71.2% -> +77.9% (+6.7%)",
      "severity": "MEDIUM"
    },
    {
      "quarter": "2025-09 (Q3)",
      "signal": "YoY REVENUE GROWTH ACCELERATION",
      "detail": "YoY growth: -26.8% vs prior quarter YoY: -39.5% (accel: +12.7%)",
      "severity": "MEDIUM"
    },
    {
      "quarter": "2025-06 (Q2)",
      "signal": "YoY REVENUE GROWTH ACCELERATION",
      "detail": "YoY growth: -39.5% vs prior quarter YoY: -54.0% (accel: +14.5%)",
      "severity": "MEDIUM"
    },
    {
      "quarter": "2025-03 (Q1)",
      "signal": "FCF MARGIN EXPANSION",
      "detail": "FCF margin: +17.0% -> +120.0% (+103.0%)",
      "severity": "MEDIUM"
    },
    {
      "quarter": "2025-03 (Q1)",
      "signal": "GROSS MARGIN INFLECTION",
      "detail": "GM: +73.9% -> +68.5% -> +72.3% (reversal +3.8%)",
      "severity": "MEDIUM"
    },
    {
      "quarter": "2025-03 (Q1)",
      "signal": "YoY REVENUE GROWTH DECELERATION",
      "detail": "YoY growth: -54.0% vs prior quarter YoY: +10.7% (decel: -64.7%)",
      "severity": "WARNING"
    },
    {
      "quarter": "2024-12 (Q4)",
      "signal": "YoY REVENUE GROWTH DECELERATION",
      "detail": "YoY growth: +10.7% vs prior quarter YoY: +42.7% (decel: -32.0%)",
      "severity": "WARNING"
    },
    {
      "quarter": "2024-09 (Q3)",
      "signal": "FCF MARGIN EXPANSION",
      "detail": "FCF margin: +14.1% -> +35.4% (+21.3%)",
      "severity": "MEDIUM"
    },
    {
      "quarter": "2024-09 (Q3)",
      "signal": "YoY REVENUE GROWTH ACCELERATION",
      "detail": "YoY growth: +42.7% vs prior quarter YoY: +30.1% (accel: +12.6%)",
      "severity": "MEDIUM"
    },
    {
      "quarter": "2024-06 (Q2)",
      "signal": "OPERATING LEVERAGE",
      "detail": "Rev growth +50.4% vs OpEx growth +4.1% (leverage: 12.4x)",
      "severity": "MEDIUM"
    },
    {
      "quarter": "2024-06 (Q2)",
      "signal": "GROSS MARGIN INFLECTION",
      "detail": "GM: +66.4% -> +64.7% -> +73.2% (reversal +8.5%)",
      "severity": "HIGH"
    },
    {
      "quarter": "2024-06 (Q2)",
      "signal": "YoY REVENUE GROWTH ACCELERATION",
      "detail": "YoY growth: +30.1% vs prior quarter YoY: +2.9% (accel: +27.3%)",
      "severity": "HIGH"
    },
    {
      "quarter": "2024-03 (Q1)",
      "signal": "FCF TURNED POSITIVE",
      "detail": "FCF margin: -40.0% -> +86.3%",
      "severity": "HIGH"
    },
    {
      "quarter": "2024-03 (Q1)",
      "signal": "YoY REVENUE GROWTH DECELERATION",
      "detail": "YoY growth: +2.9% vs prior quarter YoY: +12.9% (decel: -10.1%)",
      "severity": "WARNING"
    },
    {
      "quarter": "2023-12 (Q4)",
      "signal": "YoY REVENUE GROWTH ACCELERATION",
      "detail": "YoY growth: +12.9% vs prior quarter YoY: -11.1% (accel: +24.0%)",
      "severity": "HIGH"
    },
    {
      "quarter": "2023-09 (Q3)",
      "signal": "FCF TURNED POSITIVE",
      "detail": "FCF margin: -107.1% -> +58.1%",
      "severity": "HIGH"
    },
    {
      "quarter": "2023-09 (Q3)",
      "signal": "YoY REVENUE GROWTH DECELERATION",
      "detail": "YoY growth: -11.1% vs prior quarter YoY: +58.7% (decel: -69.8%)",
      "severity": "WARNING"
    },
    {
      "quarter": "2023-03 (Q1)",
      "signal": "GROSS MARGIN INFLECTION",
      "detail": "GM: +68.3% -> +62.1% -> +66.1% (reversal +3.9%)",
      "severity": "MEDIUM"
    },
    {
      "quarter": "2022-09 (Q3)",
      "signal": "FCF TURNED POSITIVE",
      "detail": "FCF margin: -155.6% -> +22.2%",
      "severity": "HIGH"
    },
    {
      "quarter": "2022-09 (Q3)",
      "signal": "OPERATING LEVERAGE",
      "detail": "Rev growth +43.5% vs OpEx growth +7.6% (leverage: 5.8x)",
      "severity": "MEDIUM"
    }
  ],
  "data_quality": {
    "n_quarters": 15,
    "coverage": {
      "revenue": [
        15,
        15
      ],
      "gross_profit": [
        15,
        15
      ],
      "op_income": [
        15,
        15
      ],
      "fcf": [
        15,
        15
      ]
    },
    "gaps": [],
    "warnings": []
  },
  "market_cap": null,
  "source": "SEC EDGAR",
  "last_updated": "2026-02-02T23:32:35.410191"
}