{
  "ticker": "SCOR",
  "name": "COMSCORE, INC.",
  "quarters": [
    {
      "date": "2020-12-31T00:00:00",
      "quarter_label": "2020-12 (Q4)",
      "revenue": 89990000,
      "gross_profit": 46491000,
      "operating_income": -1750000,
      "net_income": -13212000,
      "opex": 48241000,
      "cogs": 43499000,
      "rd": 9304000,
      "sga": null,
      "fcf": 2283000,
      "ocf": 2560000,
      "capex": -277000,
      "gross_margin": 0.5166240693410379,
      "op_margin": -0.01944660517835315,
      "fcf_margin": 0.02536948549838871
    },
    {
      "date": "2021-03-31T00:00:00",
      "quarter_label": "2021-03 (Q1)",
      "revenue": 90330000,
      "gross_profit": 37628000,
      "operating_income": -11459000,
      "net_income": -36355000,
      "opex": 101789000,
      "cogs": 52702000,
      "rd": 10353000,
      "sga": null,
      "fcf": 17731000,
      "ocf": 17888000,
      "capex": -157000,
      "gross_margin": 0.41656149673419685,
      "op_margin": -0.1268570795970331,
      "fcf_margin": 0.19629137606553748,
      "fcf_margin_change": 0.17092189056714877
    },
    {
      "date": "2021-06-30T00:00:00",
      "quarter_label": "2021-06 (Q2)",
      "revenue": 87659000,
      "gross_profit": 36273000,
      "operating_income": -10890000,
      "net_income": -18545000,
      "opex": 98549000,
      "cogs": 51386000,
      "rd": 10132000,
      "sga": null,
      "fcf": -7225000,
      "ocf": -7028000,
      "capex": -197000,
      "gross_margin": 0.413796643812957,
      "op_margin": -0.12423139666206551,
      "fcf_margin": -0.082421656646779,
      "fcf_margin_change": -0.2787130327123165
    },
    {
      "date": "2021-09-30T00:00:00",
      "quarter_label": "2021-09 (Q3)",
      "revenue": 92487000,
      "gross_profit": 43308000,
      "operating_income": -4022000,
      "net_income": 1980000,
      "opex": 96509000,
      "cogs": 49179000,
      "rd": 9051000,
      "sga": null,
      "fcf": -12371000,
      "ocf": -11981000,
      "capex": -390000,
      "gross_margin": 0.46826040416490966,
      "op_margin": -0.04348719279466303,
      "fcf_margin": -0.13375933915036708,
      "op_leverage_ratio": Infinity,
      "fcf_margin_change": -0.051337682503588083
    },
    {
      "date": "2021-12-31T00:00:00",
      "quarter_label": "2021-12 (Q4)",
      "revenue": 96537000,
      "gross_profit": 46760000,
      "operating_income": -2494000,
      "net_income": 2883000,
      "opex": 99031000,
      "cogs": 49777000,
      "rd": 9587000,
      "sga": null,
      "fcf": 10918000,
      "ocf": 10977000,
      "capex": -59000,
      "gross_margin": 0.48437386701471974,
      "op_margin": -0.025834654070460032,
      "fcf_margin": 0.11309653293555838,
      "incr_op_margin_yoy": -0.11363983503894913,
      "rev_growth_yoy": 0.07275252805867319,
      "op_leverage_ratio": 1.6757030653522544,
      "fcf_margin_change": 0.24685587208592547
    },
    {
      "date": "2022-03-31T00:00:00",
      "quarter_label": "2022-03 (Q1)",
      "revenue": 93966000,
      "gross_profit": 41048000,
      "operating_income": -10546000,
      "net_income": -9276000,
      "opex": 104512000,
      "cogs": 52918000,
      "rd": 9532000,
      "sga": null,
      "fcf": 12061000,
      "ocf": 12408000,
      "capex": -347000,
      "gross_margin": 0.43683885660770916,
      "op_margin": -0.1122320839452568,
      "fcf_margin": 0.12835493689206734,
      "incr_op_margin_yoy": 0.2511001100110011,
      "rev_growth_yoy": 0.0402524078379276,
      "rev_growth_yoy_accel": -0.03250012022074559,
      "fcf_margin_change": 0.015258403956508959
    },
    {
      "date": "2022-06-30T00:00:00",
      "quarter_label": "2022-06 (Q2)",
      "revenue": 91434000,
      "gross_profit": 39967000,
      "operating_income": -11310000,
      "net_income": -5050000,
      "opex": 102744000,
      "cogs": 51467000,
      "rd": 9917000,
      "sga": null,
      "fcf": 11503000,
      "ocf": 11825000,
      "capex": -322000,
      "gross_margin": 0.4371131089091585,
      "op_margin": -0.12369578056302907,
      "fcf_margin": 0.12580659273355643,
      "incr_op_margin_yoy": -0.11125827814569536,
      "rev_growth_yoy": 0.043064602607832625,
      "rev_growth_yoy_accel": 0.0028121947699050256,
      "fcf_margin_change": -0.002548344158510907
    },
    {
      "date": "2022-09-30T00:00:00",
      "quarter_label": "2022-09 (Q3)",
      "revenue": 92783000,
      "gross_profit": 41253000,
      "operating_income": -56442000,
      "net_income": -52382000,
      "opex": 149225000,
      "cogs": 51530000,
      "rd": 8741000,
      "sga": null,
      "fcf": 12149000,
      "ocf": 12303000,
      "capex": -154000,
      "gross_margin": 0.4446180873651423,
      "op_margin": -0.60832264531218,
      "fcf_margin": 0.13093993511742452,
      "rev_growth_yoy": 0.003200449792943873,
      "rev_growth_yoy_accel": -0.039864152814888754,
      "op_leverage_ratio": 0.03261258595941409,
      "fcf_margin_change": 0.005133342383868089
    },
    {
      "date": "2022-12-31T00:00:00",
      "quarter_label": "2022-12 (Q4)",
      "revenue": 98240000,
      "gross_profit": 48861000,
      "operating_income": 3425000,
      "net_income": 147000,
      "opex": 94815000,
      "cogs": 49379000,
      "rd": 8797000,
      "sga": null,
      "fcf": -1913000,
      "ocf": -1599000,
      "capex": -314000,
      "gross_margin": 0.4973635993485342,
      "op_margin": 0.034863599348534204,
      "fcf_margin": -0.01947271986970684,
      "incr_op_margin_yoy": 3.4756312389900175,
      "rev_growth_yoy": 0.017640904523654143,
      "rev_growth_yoy_accel": 0.01444045473071027,
      "op_leverage_ratio": Infinity,
      "fcf_margin_change": -0.15041265498713136
    },
    {
      "date": "2023-03-31T00:00:00",
      "quarter_label": "2023-03 (Q1)",
      "revenue": 91558000,
      "gross_profit": 39629000,
      "operating_income": -3827000,
      "net_income": -8671000,
      "opex": 95385000,
      "cogs": 51929000,
      "rd": 8919000,
      "sga": null,
      "fcf": 6764000,
      "ocf": 7251000,
      "capex": -487000,
      "gross_margin": 0.4328294632910286,
      "op_margin": -0.04179864129841194,
      "fcf_margin": 0.07387666834137924,
      "incr_op_margin_yoy": -2.7902823920265782,
      "rev_growth_yoy": -0.025626290360343102,
      "rev_growth_yoy_accel": -0.043267194883997245,
      "fcf_margin_change": 0.09334938821108607
    },
    {
      "date": "2023-06-30T00:00:00",
      "quarter_label": "2023-06 (Q2)",
      "revenue": 93684000,
      "gross_profit": 40726000,
      "operating_income": -47379000,
      "net_income": -44909000,
      "opex": 141063000,
      "cogs": 52958000,
      "rd": 8790000,
      "sga": null,
      "fcf": 8332000,
      "ocf": 8967000,
      "capex": -635000,
      "gross_margin": 0.43471670722855554,
      "op_margin": -0.5057320353528885,
      "fcf_margin": 0.08893727851073822,
      "incr_op_margin_yoy": -16.030666666666665,
      "rev_growth_yoy": 0.024607913905111883,
      "rev_growth_yoy_accel": 0.05023420426545498,
      "op_leverage_ratio": 0.048488635916643104,
      "fcf_margin_change": 0.015060610169358987
    },
    {
      "date": "2023-09-30T00:00:00",
      "quarter_label": "2023-09 (Q3)",
      "revenue": 91000000,
      "gross_profit": 40527000,
      "operating_income": 2067000,
      "net_income": 2618000,
      "opex": 88933000,
      "cogs": 50473000,
      "rd": 8083000,
      "sga": null,
      "fcf": 13949000,
      "ocf": 14067000,
      "capex": -118000,
      "gross_margin": 0.44535164835164837,
      "op_margin": 0.022714285714285715,
      "fcf_margin": 0.15328571428571428,
      "incr_op_margin_yoy": -32.81491867638811,
      "rev_growth_yoy": -0.019216882403026415,
      "rev_growth_yoy_accel": -0.0438247963081383,
      "fcf_margin_change": 0.06434843577497605
    },
    {
      "date": "2023-12-31T00:00:00",
      "quarter_label": "2023-12 (Q4)",
      "revenue": 95101000,
      "gross_profit": 44881000,
      "operating_income": -24462000,
      "net_income": -28399000,
      "opex": 119563000,
      "cogs": 50220000,
      "rd": 7909000,
      "sga": null,
      "fcf": -1699000,
      "ocf": -1359000,
      "capex": -340000,
      "gross_margin": 0.4719298430090115,
      "op_margin": -0.2572212700181912,
      "fcf_margin": -0.017865216979842485,
      "incr_op_margin_yoy": 8.884039503026441,
      "rev_growth_yoy": -0.03195236156351792,
      "rev_growth_yoy_accel": -0.012735479160491503,
      "op_leverage_ratio": 0.13084716664334686,
      "fcf_margin_change": -0.17115093126555675
    },
    {
      "date": "2024-03-31T00:00:00",
      "quarter_label": "2024-03 (Q1)",
      "revenue": 86795000,
      "gross_profit": 36728000,
      "operating_income": -1877000,
      "net_income": -1054000,
      "opex": 88672000,
      "cogs": 50067000,
      "rd": 8767000,
      "sga": null,
      "fcf": 6605000,
      "ocf": 6868000,
      "capex": -263000,
      "gross_margin": 0.4231580160147474,
      "op_margin": -0.02162566968143326,
      "fcf_margin": 0.07609885362060026,
      "incr_op_margin_yoy": -0.40940583665756874,
      "rev_growth_yoy": -0.052021669324362696,
      "rev_growth_yoy_accel": -0.020069307760844778,
      "fcf_margin_change": 0.09396407060044275
    },
    {
      "date": "2024-06-30T00:00:00",
      "quarter_label": "2024-06 (Q2)",
      "revenue": 85837000,
      "gross_profit": 33884000,
      "operating_income": -1928000,
      "net_income": -1708000,
      "opex": 87765000,
      "cogs": 51953000,
      "rd": 8373000,
      "sga": null,
      "fcf": 8542000,
      "ocf": 8735000,
      "capex": -193000,
      "gross_margin": 0.3947481855144052,
      "op_margin": -0.022461176415764762,
      "fcf_margin": 0.09951419551009472,
      "incr_op_margin_yoy": -5.7921498661909006,
      "rev_growth_yoy": -0.08376030058494513,
      "rev_growth_yoy_accel": -0.031738631260582434,
      "fcf_margin_change": 0.023415341889494456
    },
    {
      "date": "2024-09-30T00:00:00",
      "quarter_label": "2024-09 (Q3)",
      "revenue": 88479000,
      "gross_profit": 36474000,
      "operating_income": -59605000,
      "net_income": -60630000,
      "opex": 148084000,
      "cogs": 52005000,
      "rd": 7272000,
      "sga": null,
      "fcf": 12414000,
      "ocf": 12537000,
      "capex": -123000,
      "gross_margin": 0.41223341131793984,
      "op_margin": -0.6736626770194057,
      "fcf_margin": 0.14030447902892212,
      "incr_op_margin_yoy": 24.46330821102737,
      "rev_growth_yoy": -0.027703296703296704,
      "rev_growth_yoy_accel": 0.05605700388164843,
      "op_leverage_ratio": 0.04478427076195644,
      "fcf_margin_change": 0.04079028351882741
    },
    {
      "date": "2024-12-31T00:00:00",
      "quarter_label": "2024-12 (Q4)",
      "revenue": 94936000,
      "gross_profit": 40253000,
      "operating_income": 3901000,
      "net_income": 3144000,
      "opex": 91035000,
      "cogs": 54683000,
      "rd": 8654000,
      "sga": null,
      "fcf": -10270000,
      "ocf": -10036000,
      "capex": -234000,
      "gross_margin": 0.42400143254402967,
      "op_margin": 0.04109084014493975,
      "fcf_margin": -0.10817814106345328,
      "rev_growth_yoy": -0.0017349975289429134,
      "rev_growth_yoy_accel": 0.025968299174353792,
      "op_leverage_ratio": Infinity,
      "fcf_margin_change": -0.2484826200923754
    },
    {
      "date": "2025-03-31T00:00:00",
      "quarter_label": "2025-03 (Q1)",
      "revenue": 85709000,
      "gross_profit": 33962000,
      "operating_income": -2066000,
      "net_income": -3993000,
      "opex": 87775000,
      "cogs": 51747000,
      "rd": 8118000,
      "sga": null,
      "fcf": 8683000,
      "ocf": 9062000,
      "capex": -379000,
      "gross_margin": 0.39624776861239774,
      "op_margin": -0.024104819797220827,
      "fcf_margin": 0.10130791398802926,
      "incr_op_margin_yoy": 0.17403314917127072,
      "rev_growth_yoy": -0.01251224148856501,
      "rev_growth_yoy_accel": -0.010777243959622096,
      "fcf_margin_change": 0.20948605505148254
    },
    {
      "date": "2025-06-30T00:00:00",
      "quarter_label": "2025-06 (Q2)",
      "revenue": 89389000,
      "gross_profit": 36290000,
      "operating_income": -1681000,
      "net_income": -9492000,
      "opex": 91070000,
      "cogs": 53099000,
      "rd": 7804000,
      "sga": null,
      "fcf": 787000,
      "ocf": 932000,
      "capex": -145000,
      "gross_margin": 0.4059783642282607,
      "op_margin": -0.01880544586022889,
      "fcf_margin": 0.008804215283759747,
      "incr_op_margin_yoy": 0.06953828828828829,
      "rev_growth_yoy": 0.04138075655020562,
      "rev_growth_yoy_accel": 0.05389299803877063,
      "op_leverage_ratio": 1.1437650187720099,
      "fcf_margin_change": -0.09250369870426951
    },
    {
      "date": "2025-09-30T00:00:00",
      "quarter_label": "2025-09 (Q3)",
      "revenue": 88906000,
      "gross_profit": 36123000,
      "operating_income": 1705000,
      "net_income": 453000,
      "opex": 87201000,
      "cogs": 52783000,
      "rd": 7184000,
      "sga": null,
      "fcf": 9370000,
      "ocf": 9495000,
      "capex": -125000,
      "gross_margin": 0.4063055361842845,
      "op_margin": 0.019177558320023394,
      "fcf_margin": 0.10539221199919016,
      "rev_growth_yoy": 0.0048260039105324426,
      "rev_growth_yoy_accel": -0.03655475263967318,
      "fcf_margin_change": 0.09658799671543042
    }
  ],
  "signals": [
    {
      "quarter": "2025-09 (Q3)",
      "signal": "FCF MARGIN EXPANSION",
      "detail": "FCF margin: +0.9% -> +10.5% (+9.7%)",
      "severity": "MEDIUM"
    },
    {
      "quarter": "2025-09 (Q3)",
      "signal": "OP MARGIN TURNED POSITIVE (YoY)",
      "detail": "Op margin: -67.4% (year-ago) -> +1.9%",
      "severity": "HIGH"
    },
    {
      "quarter": "2025-09 (Q3)",
      "signal": "OP MARGIN TURNED POSITIVE (QoQ)",
      "detail": "Op margin: -1.9% -> +1.9%",
      "severity": "HIGH"
    },
    {
      "quarter": "2025-06 (Q2)",
      "signal": "YoY REVENUE GROWTH ACCELERATION",
      "detail": "YoY growth: +4.1% vs prior quarter YoY: -1.3% (accel: +5.4%)",
      "severity": "MEDIUM"
    },
    {
      "quarter": "2025-03 (Q1)",
      "signal": "FCF TURNED POSITIVE",
      "detail": "FCF margin: -10.8% -> +10.1%",
      "severity": "HIGH"
    },
    {
      "quarter": "2024-12 (Q4)",
      "signal": "OP MARGIN TURNED POSITIVE (YoY)",
      "detail": "Op margin: -25.7% (year-ago) -> +4.1%",
      "severity": "HIGH"
    },
    {
      "quarter": "2024-12 (Q4)",
      "signal": "OP MARGIN TURNED POSITIVE (QoQ)",
      "detail": "Op margin: -67.4% -> +4.1%",
      "severity": "HIGH"
    },
    {
      "quarter": "2024-09 (Q3)",
      "signal": "YoY REVENUE GROWTH ACCELERATION",
      "detail": "YoY growth: -2.8% vs prior quarter YoY: -8.4% (accel: +5.6%)",
      "severity": "MEDIUM"
    },
    {
      "quarter": "2024-03 (Q1)",
      "signal": "FCF TURNED POSITIVE",
      "detail": "FCF margin: -1.8% -> +7.6%",
      "severity": "HIGH"
    },
    {
      "quarter": "2023-09 (Q3)",
      "signal": "FCF MARGIN EXPANSION",
      "detail": "FCF margin: +8.9% -> +15.3% (+6.4%)",
      "severity": "MEDIUM"
    },
    {
      "quarter": "2023-09 (Q3)",
      "signal": "OP MARGIN TURNED POSITIVE (YoY)",
      "detail": "Op margin: -60.8% (year-ago) -> +2.3%",
      "severity": "HIGH"
    },
    {
      "quarter": "2023-09 (Q3)",
      "signal": "OP MARGIN TURNED POSITIVE (QoQ)",
      "detail": "Op margin: -50.6% -> +2.3%",
      "severity": "HIGH"
    },
    {
      "quarter": "2023-06 (Q2)",
      "signal": "YoY REVENUE GROWTH ACCELERATION",
      "detail": "YoY growth: +2.5% vs prior quarter YoY: -2.6% (accel: +5.0%)",
      "severity": "MEDIUM"
    },
    {
      "quarter": "2023-03 (Q1)",
      "signal": "FCF TURNED POSITIVE",
      "detail": "FCF margin: -1.9% -> +7.4%",
      "severity": "HIGH"
    },
    {
      "quarter": "2022-12 (Q4)",
      "signal": "OP MARGIN TURNED POSITIVE (YoY)",
      "detail": "Op margin: -2.6% (year-ago) -> +3.5%",
      "severity": "HIGH"
    },
    {
      "quarter": "2022-12 (Q4)",
      "signal": "OP MARGIN TURNED POSITIVE (QoQ)",
      "detail": "Op margin: -60.8% -> +3.5%",
      "severity": "HIGH"
    },
    {
      "quarter": "2021-12 (Q4)",
      "signal": "FCF TURNED POSITIVE",
      "detail": "FCF margin: -13.4% -> +11.3%",
      "severity": "HIGH"
    },
    {
      "quarter": "2021-12 (Q4)",
      "signal": "OPERATING LEVERAGE",
      "detail": "Rev growth +4.4% vs OpEx growth +2.6% (leverage: 1.7x)",
      "severity": "MEDIUM"
    },
    {
      "quarter": "2021-09 (Q3)",
      "signal": "GROSS MARGIN INFLECTION",
      "detail": "GM: +41.7% -> +41.4% -> +46.8% (reversal +5.4%)",
      "severity": "HIGH"
    },
    {
      "quarter": "2021-03 (Q1)",
      "signal": "FCF MARGIN EXPANSION",
      "detail": "FCF margin: +2.5% -> +19.6% (+17.1%)",
      "severity": "MEDIUM"
    }
  ],
  "data_quality": {
    "n_quarters": 20,
    "coverage": {
      "revenue": [
        20,
        20
      ],
      "gross_profit": [
        20,
        20
      ],
      "op_income": [
        20,
        20
      ],
      "fcf": [
        20,
        20
      ]
    },
    "gaps": [],
    "warnings": []
  },
  "market_cap": null,
  "source": "SEC EDGAR",
  "last_updated": "2026-02-02T23:42:34.226681"
}