{
  "ticker": "SCVL",
  "name": "Shoe Carnival, Inc.",
  "quarters": [
    {
      "date": "2021-01-30T00:00:00",
      "quarter_label": "2021-01 (Q1)",
      "revenue": 253897000,
      "gross_profit": 78152000,
      "operating_income": 10565000,
      "net_income": 7443000,
      "opex": 67587000,
      "cogs": 175745000,
      "rd": null,
      "sga": 67587000,
      "fcf": 60912000,
      "ocf": 63225000,
      "capex": -2313000,
      "gross_margin": 0.30780985990381926,
      "op_margin": 0.04161136208777575,
      "fcf_margin": 0.23990830927502096
    },
    {
      "date": "2021-05-01T00:00:00",
      "quarter_label": "2021-05 (Q2)",
      "revenue": 328457000,
      "gross_profit": 130158000,
      "operating_income": 57603000,
      "net_income": 43242000,
      "opex": 72555000,
      "cogs": 198299000,
      "rd": null,
      "sga": 72555000,
      "fcf": 72437000,
      "ocf": 76520000,
      "capex": -4083000,
      "gross_margin": 0.39627104917843126,
      "op_margin": 0.1753745543556691,
      "fcf_margin": 0.22053723927332955,
      "op_leverage_ratio": 3.995120772376048,
      "fcf_margin_change": -0.019371070001691415
    },
    {
      "date": "2021-07-31T00:00:00",
      "quarter_label": "2021-07 (Q3)",
      "revenue": 332230000,
      "gross_profit": 135752000,
      "operating_income": 59714000,
      "net_income": 44212000,
      "opex": 76038000,
      "cogs": 196478000,
      "rd": null,
      "sga": 76038000,
      "fcf": -4727000,
      "ocf": 3327000,
      "capex": -8054000,
      "gross_margin": 0.40860849411552236,
      "op_margin": 0.1797369292357704,
      "fcf_margin": -0.014228094994431568,
      "op_leverage_ratio": 0.23928868072531775,
      "fcf_margin_change": -0.2347653342677611
    },
    {
      "date": "2021-10-30T00:00:00",
      "quarter_label": "2021-10 (Q4)",
      "revenue": 356336000,
      "gross_profit": 144056000,
      "operating_income": 62424000,
      "net_income": 46836000,
      "opex": 81632000,
      "cogs": 212280000,
      "rd": null,
      "sga": 81632000,
      "fcf": 32418000,
      "ocf": 40631000,
      "capex": -8213000,
      "gross_margin": 0.40427012707107896,
      "op_margin": 0.1751829733734453,
      "fcf_margin": 0.09097593282744376,
      "op_leverage_ratio": 0.9862670616716663,
      "fcf_margin_change": 0.10520402782187532
    },
    {
      "date": "2022-01-29T00:00:00",
      "quarter_label": "2022-01 (Q1)",
      "revenue": 313371000,
      "gross_profit": 116821000,
      "operating_income": 27913000,
      "net_income": 20591000,
      "opex": 88908000,
      "cogs": 196550000,
      "rd": null,
      "sga": 88908000,
      "fcf": 16378000,
      "ocf": 27415000,
      "capex": -11037000,
      "gross_margin": 0.37278816482699423,
      "op_margin": 0.08907333480124198,
      "fcf_margin": 0.05226392997437542,
      "incr_op_margin_yoy": 0.29169048659918617,
      "rev_growth_yoy": 0.23424459524925462,
      "fcf_margin_change": -0.03871200285306834
    },
    {
      "date": "2022-04-30T00:00:00",
      "quarter_label": "2022-04 (Q2)",
      "revenue": 317527000,
      "gross_profit": 112863000,
      "operating_income": 35384000,
      "net_income": 26897000,
      "opex": 77479000,
      "cogs": 204664000,
      "rd": null,
      "sga": 77479000,
      "fcf": -9204000,
      "ocf": 17703000,
      "capex": -26907000,
      "gross_margin": 0.3554437890321138,
      "op_margin": 0.11143619282769654,
      "fcf_margin": -0.028986511383283942,
      "incr_op_margin_yoy": 2.0328453796889296,
      "rev_growth_yoy": -0.033276806400837855,
      "rev_growth_yoy_accel": -0.26752140165009247,
      "op_leverage_ratio": Infinity,
      "fcf_margin_change": -0.08125044135765937
    },
    {
      "date": "2022-07-30T00:00:00",
      "quarter_label": "2022-07 (Q3)",
      "revenue": 312268000,
      "gross_profit": 113130000,
      "operating_income": 38789000,
      "net_income": 28909000,
      "opex": 74341000,
      "cogs": 199138000,
      "rd": null,
      "sga": 74341000,
      "fcf": -32076000,
      "ocf": -8785000,
      "capex": -23291000,
      "gross_margin": 0.36228496035456725,
      "op_margin": 0.12421701871469379,
      "fcf_margin": -0.10271945892630689,
      "incr_op_margin_yoy": 1.0482416591523895,
      "rev_growth_yoy": -0.06008488095596424,
      "rev_growth_yoy_accel": -0.026808074555126384,
      "fcf_margin_change": -0.07373294754302295
    },
    {
      "date": "2022-10-29T00:00:00",
      "quarter_label": "2022-10 (Q4)",
      "revenue": 341661000,
      "gross_profit": 130849000,
      "operating_income": 43577000,
      "net_income": 32652000,
      "opex": 87272000,
      "cogs": 210812000,
      "rd": null,
      "sga": 87272000,
      "fcf": -3421000,
      "ocf": 10029000,
      "capex": -13450000,
      "gross_margin": 0.3829790347742353,
      "op_margin": 0.12754455439748758,
      "fcf_margin": -0.010012848993593065,
      "incr_op_margin_yoy": 1.2842930153321976,
      "rev_growth_yoy": -0.041183040725607294,
      "rev_growth_yoy_accel": 0.018901840230356945,
      "op_leverage_ratio": 0.5411438410502513,
      "fcf_margin_change": 0.09270660993271383
    },
    {
      "date": "2023-01-28T00:00:00",
      "quarter_label": "2023-01 (Q1)",
      "revenue": 290779000,
      "gross_profit": 111322000,
      "operating_income": 28694000,
      "net_income": 21610000,
      "opex": 82628000,
      "cogs": 179457000,
      "rd": null,
      "sga": 82628000,
      "fcf": 17846000,
      "ocf": 31491000,
      "capex": -13645000,
      "gross_margin": 0.38284057652031267,
      "op_margin": 0.09867975335220219,
      "fcf_margin": 0.0613730702698613,
      "incr_op_margin_yoy": -0.03456975920679887,
      "rev_growth_yoy": -0.07209346110520756,
      "rev_growth_yoy_accel": -0.03091042037960027,
      "fcf_margin_change": 0.07138591926345436
    },
    {
      "date": "2023-04-29T00:00:00",
      "quarter_label": "2023-04 (Q2)",
      "revenue": 281184000,
      "gross_profit": 98517000,
      "operating_income": 20939000,
      "net_income": 16526000,
      "opex": 77578000,
      "cogs": 182667000,
      "rd": null,
      "sga": 77578000,
      "fcf": -12953000,
      "ocf": 2052000,
      "capex": -15005000,
      "gross_margin": 0.3503648856264937,
      "op_margin": 0.07446725275975874,
      "fcf_margin": -0.046065921247297144,
      "incr_op_margin_yoy": 0.3974630602867127,
      "rev_growth_yoy": -0.11445640843140899,
      "rev_growth_yoy_accel": -0.042362947326201425,
      "fcf_margin_change": -0.10743899151715844
    },
    {
      "date": "2023-07-29T00:00:00",
      "quarter_label": "2023-07 (Q3)",
      "revenue": 294615000,
      "gross_profit": 105465000,
      "operating_income": 24662000,
      "net_income": 19441000,
      "opex": 80803000,
      "cogs": 189150000,
      "rd": null,
      "sga": 80803000,
      "fcf": 4676000,
      "ocf": 20300000,
      "capex": -15624000,
      "gross_margin": 0.35797566315360724,
      "op_margin": 0.08370924766220321,
      "fcf_margin": 0.015871561190027663,
      "incr_op_margin_yoy": 0.8002605789384241,
      "rev_growth_yoy": -0.05653156903685296,
      "rev_growth_yoy_accel": 0.057924839394556026,
      "op_leverage_ratio": 1.149017397529649,
      "fcf_margin_change": 0.0619374824373248
    },
    {
      "date": "2023-10-28T00:00:00",
      "quarter_label": "2023-10 (Q4)",
      "revenue": 319914000,
      "gross_profit": 117701000,
      "operating_income": 27935000,
      "net_income": 21861000,
      "opex": 89766000,
      "cogs": 202213000,
      "rd": null,
      "sga": 89766000,
      "fcf": 34026000,
      "ocf": 46998000,
      "capex": -12972000,
      "gross_margin": 0.36791450202241854,
      "op_margin": 0.08732034234200442,
      "fcf_margin": 0.10635983420544272,
      "incr_op_margin_yoy": 0.7192716236722306,
      "rev_growth_yoy": -0.06365081176956106,
      "rev_growth_yoy_accel": -0.0071192427327080934,
      "op_leverage_ratio": 0.7741454920804451,
      "fcf_margin_change": 0.09048827301541505
    },
    {
      "date": "2024-02-03T00:00:00",
      "quarter_label": "2024-02 (Q1)",
      "revenue": 280169000,
      "gross_profit": 99707000,
      "operating_income": 19969000,
      "net_income": 15520000,
      "opex": 79738000,
      "cogs": 180462000,
      "rd": null,
      "sga": 79738000,
      "fcf": 40726000,
      "ocf": 53406000,
      "capex": -12680000,
      "gross_margin": 0.3558816285884591,
      "op_margin": 0.07127483768725305,
      "fcf_margin": 0.14536226349096437,
      "incr_op_margin_yoy": 0.8223374175306315,
      "rev_growth_yoy": -0.036488192063388346,
      "rev_growth_yoy_accel": 0.02716261970617271,
      "fcf_margin_change": 0.03900242928552165
    },
    {
      "date": "2024-05-04T00:00:00",
      "quarter_label": "2024-05 (Q2)",
      "revenue": 300365000,
      "gross_profit": 106800000,
      "operating_income": 22507000,
      "net_income": 17286000,
      "opex": 84293000,
      "cogs": 193565000,
      "rd": null,
      "sga": 84293000,
      "fcf": 6867000,
      "ocf": 17059000,
      "capex": -10192000,
      "gross_margin": 0.35556739300517703,
      "op_margin": 0.07493216586486441,
      "fcf_margin": 0.022862184342383435,
      "incr_op_margin_yoy": 0.08174756269224753,
      "rev_growth_yoy": 0.06821511892568567,
      "rev_growth_yoy_accel": 0.10470331098907401,
      "op_leverage_ratio": 1.261892151271297,
      "fcf_margin_change": -0.12250007914858094
    },
    {
      "date": "2024-08-03T00:00:00",
      "quarter_label": "2024-08 (Q3)",
      "revenue": 332696000,
      "gross_profit": 119943000,
      "operating_income": 30079000,
      "net_income": 22573000,
      "opex": 89864000,
      "cogs": 212753000,
      "rd": null,
      "sga": 89864000,
      "fcf": 18153000,
      "ocf": 23683000,
      "capex": -5530000,
      "gross_margin": 0.36051831101065235,
      "op_margin": 0.09040986365931661,
      "fcf_margin": 0.05456332507754827,
      "incr_op_margin_yoy": 0.14224941571912503,
      "rev_growth_yoy": 0.12925682670604008,
      "rev_growth_yoy_accel": 0.06104170778035441,
      "op_leverage_ratio": 1.6286515039801557,
      "fcf_margin_change": 0.031701140735164834
    },
    {
      "date": "2024-11-02T00:00:00",
      "quarter_label": "2024-11 (Q4)",
      "revenue": 306885000,
      "gross_profit": 110382000,
      "operating_income": 24529000,
      "net_income": 19242000,
      "opex": 85853000,
      "cogs": 196503000,
      "rd": null,
      "sga": 85853000,
      "fcf": 8290000,
      "ocf": 17346000,
      "capex": -9056000,
      "gross_margin": 0.3596852241067501,
      "op_margin": 0.07992896361829349,
      "fcf_margin": 0.027013376346188313,
      "incr_op_margin_yoy": 0.2614168393583544,
      "rev_growth_yoy": -0.040726570265758925,
      "rev_growth_yoy_accel": -0.169983396971799,
      "fcf_margin_change": -0.027549948731359956
    },
    {
      "date": "2025-02-01T00:00:00",
      "quarter_label": "2025-02 (Q1)",
      "revenue": 262939000,
      "gross_profit": 91669000,
      "operating_income": 14037000,
      "net_income": 14665000,
      "opex": 77632000,
      "cogs": 171270000,
      "rd": null,
      "sga": 77632000,
      "fcf": 36167000,
      "ocf": 44550000,
      "capex": -8383000,
      "gross_margin": 0.3486321922575198,
      "op_margin": 0.053385005647697756,
      "fcf_margin": 0.13754901326923735,
      "incr_op_margin_yoy": 0.34428322692977364,
      "rev_growth_yoy": -0.0614985954905789,
      "rev_growth_yoy_accel": -0.020772025224819975,
      "fcf_margin_change": 0.11053563692304905
    },
    {
      "date": "2025-05-03T00:00:00",
      "quarter_label": "2025-05 (Q2)",
      "revenue": 277715000,
      "gross_profit": 95777000,
      "operating_income": 11965000,
      "net_income": 9343000,
      "opex": 83812000,
      "cogs": 181938000,
      "rd": null,
      "sga": 83812000,
      "fcf": -22983000,
      "ocf": -9637000,
      "capex": -13346000,
      "gross_margin": 0.34487514178204276,
      "op_margin": 0.043083736924544945,
      "fcf_margin": -0.08275750319572224,
      "incr_op_margin_yoy": 0.4654304635761589,
      "rev_growth_yoy": -0.07540825329182828,
      "rev_growth_yoy_accel": -0.013909657801249378,
      "op_leverage_ratio": 0.7059178688263318,
      "fcf_margin_change": -0.22030651646495958
    },
    {
      "date": "2025-08-02T00:00:00",
      "quarter_label": "2025-08 (Q3)",
      "revenue": 306388000,
      "gross_profit": 118808000,
      "operating_income": 25228000,
      "net_income": 19225000,
      "opex": 93580000,
      "cogs": 187580000,
      "rd": null,
      "sga": 93580000,
      "fcf": 2197000,
      "ocf": 13259000,
      "capex": -11062000,
      "gross_margin": 0.3877697559956656,
      "op_margin": 0.08234003942713161,
      "fcf_margin": 0.00717064636996227,
      "incr_op_margin_yoy": 0.1843925802037403,
      "rev_growth_yoy": -0.07907519176665785,
      "rev_growth_yoy_accel": -0.003666938474829573,
      "op_leverage_ratio": 0.8858788852865515,
      "fcf_margin_change": 0.08992814956568451
    },
    {
      "date": "2025-11-01T00:00:00",
      "quarter_label": "2025-11 (Q4)",
      "revenue": 297155000,
      "gross_profit": 111837000,
      "operating_income": 18623000,
      "net_income": 14646000,
      "opex": 93214000,
      "cogs": 185318000,
      "rd": null,
      "sga": 93214000,
      "fcf": 19711000,
      "ocf": 33637000,
      "capex": -13926000,
      "gross_margin": 0.3763591391697935,
      "op_margin": 0.06267099661792667,
      "fcf_margin": 0.06633238545540206,
      "incr_op_margin_yoy": 0.6069886947584789,
      "rev_growth_yoy": -0.03170568779836095,
      "rev_growth_yoy_accel": 0.0473695039682969,
      "fcf_margin_change": 0.059161739085439785
    }
  ],
  "signals": [
    {
      "quarter": "2025-11 (Q4)",
      "signal": "FCF MARGIN EXPANSION",
      "detail": "FCF margin: +0.7% -> +6.6% (+5.9%)",
      "severity": "MEDIUM"
    },
    {
      "quarter": "2025-11 (Q4)",
      "signal": "INCREMENTAL MARGIN (YoY)",
      "detail": "YoY Incr OPM: +60.7% vs year-ago OPM: +8.0%",
      "severity": "HIGH"
    },
    {
      "quarter": "2025-08 (Q3)",
      "signal": "FCF TURNED POSITIVE",
      "detail": "FCF margin: -8.3% -> +0.7%",
      "severity": "HIGH"
    },
    {
      "quarter": "2025-08 (Q3)",
      "signal": "GROSS MARGIN INFLECTION",
      "detail": "GM: +34.9% -> +34.5% -> +38.8% (reversal +4.3%)",
      "severity": "MEDIUM"
    },
    {
      "quarter": "2025-05 (Q2)",
      "signal": "INCREMENTAL MARGIN (YoY)",
      "detail": "YoY Incr OPM: +46.5% vs year-ago OPM: +7.5%",
      "severity": "HIGH"
    },
    {
      "quarter": "2025-02 (Q1)",
      "signal": "FCF MARGIN EXPANSION",
      "detail": "FCF margin: +2.7% -> +13.8% (+11.1%)",
      "severity": "MEDIUM"
    },
    {
      "quarter": "2025-02 (Q1)",
      "signal": "INCREMENTAL MARGIN (YoY)",
      "detail": "YoY Incr OPM: +34.4% vs year-ago OPM: +7.1%",
      "severity": "HIGH"
    },
    {
      "quarter": "2024-11 (Q4)",
      "signal": "YoY REVENUE GROWTH DECELERATION",
      "detail": "YoY growth: -4.1% vs prior quarter YoY: +12.9% (decel: -17.0%)",
      "severity": "WARNING"
    },
    {
      "quarter": "2024-11 (Q4)",
      "signal": "INCREMENTAL MARGIN (YoY)",
      "detail": "YoY Incr OPM: +26.1% vs year-ago OPM: +8.7%",
      "severity": "MEDIUM"
    },
    {
      "quarter": "2024-08 (Q3)",
      "signal": "OPERATING LEVERAGE",
      "detail": "Rev growth +10.8% vs OpEx growth +6.6% (leverage: 1.6x)",
      "severity": "MEDIUM"
    },
    {
      "quarter": "2024-08 (Q3)",
      "signal": "YoY REVENUE GROWTH ACCELERATION",
      "detail": "YoY growth: +12.9% vs prior quarter YoY: +6.8% (accel: +6.1%)",
      "severity": "MEDIUM"
    },
    {
      "quarter": "2024-05 (Q2)",
      "signal": "YoY REVENUE GROWTH ACCELERATION",
      "detail": "YoY growth: +6.8% vs prior quarter YoY: -3.6% (accel: +10.5%)",
      "severity": "MEDIUM"
    },
    {
      "quarter": "2024-02 (Q1)",
      "signal": "INCREMENTAL MARGIN (YoY)",
      "detail": "YoY Incr OPM: +82.2% vs year-ago OPM: +9.9%",
      "severity": "HIGH"
    },
    {
      "quarter": "2023-10 (Q4)",
      "signal": "FCF MARGIN EXPANSION",
      "detail": "FCF margin: +1.6% -> +10.6% (+9.0%)",
      "severity": "MEDIUM"
    },
    {
      "quarter": "2023-10 (Q4)",
      "signal": "INCREMENTAL MARGIN (YoY)",
      "detail": "YoY Incr OPM: +71.9% vs year-ago OPM: +12.8%",
      "severity": "HIGH"
    },
    {
      "quarter": "2023-07 (Q3)",
      "signal": "FCF TURNED POSITIVE",
      "detail": "FCF margin: -4.6% -> +1.6%",
      "severity": "HIGH"
    },
    {
      "quarter": "2023-07 (Q3)",
      "signal": "YoY REVENUE GROWTH ACCELERATION",
      "detail": "YoY growth: -5.7% vs prior quarter YoY: -11.4% (accel: +5.8%)",
      "severity": "MEDIUM"
    },
    {
      "quarter": "2023-07 (Q3)",
      "signal": "INCREMENTAL MARGIN (YoY)",
      "detail": "YoY Incr OPM: +80.0% vs year-ago OPM: +12.4%",
      "severity": "HIGH"
    },
    {
      "quarter": "2023-04 (Q2)",
      "signal": "INCREMENTAL MARGIN (YoY)",
      "detail": "YoY Incr OPM: +39.7% vs year-ago OPM: +11.1%",
      "severity": "HIGH"
    },
    {
      "quarter": "2023-01 (Q1)",
      "signal": "FCF TURNED POSITIVE",
      "detail": "FCF margin: -1.0% -> +6.1%",
      "severity": "HIGH"
    },
    {
      "quarter": "2022-10 (Q4)",
      "signal": "FCF MARGIN EXPANSION",
      "detail": "FCF margin: -10.3% -> -1.0% (+9.3%)",
      "severity": "MEDIUM"
    },
    {
      "quarter": "2022-10 (Q4)",
      "signal": "INCREMENTAL MARGIN (YoY)",
      "detail": "YoY Incr OPM: +128.4% vs year-ago OPM: +17.5%",
      "severity": "HIGH"
    },
    {
      "quarter": "2022-07 (Q3)",
      "signal": "INCREMENTAL MARGIN (YoY)",
      "detail": "YoY Incr OPM: +104.8% vs year-ago OPM: +18.0%",
      "severity": "HIGH"
    },
    {
      "quarter": "2022-04 (Q2)",
      "signal": "YoY REVENUE GROWTH DECELERATION",
      "detail": "YoY growth: -3.3% vs prior quarter YoY: +23.4% (decel: -26.8%)",
      "severity": "WARNING"
    },
    {
      "quarter": "2022-04 (Q2)",
      "signal": "INCREMENTAL MARGIN (YoY)",
      "detail": "YoY Incr OPM: +203.3% vs year-ago OPM: +17.5%",
      "severity": "HIGH"
    },
    {
      "quarter": "2022-01 (Q1)",
      "signal": "INCREMENTAL MARGIN (YoY)",
      "detail": "YoY Incr OPM: +29.2% vs year-ago OPM: +4.2%",
      "severity": "HIGH"
    },
    {
      "quarter": "2021-10 (Q4)",
      "signal": "FCF TURNED POSITIVE",
      "detail": "FCF margin: -1.4% -> +9.1%",
      "severity": "HIGH"
    },
    {
      "quarter": "2021-05 (Q2)",
      "signal": "OPERATING LEVERAGE",
      "detail": "Rev growth +29.4% vs OpEx growth +7.4% (leverage: 4.0x)",
      "severity": "MEDIUM"
    }
  ],
  "data_quality": {
    "n_quarters": 20,
    "coverage": {
      "revenue": [
        20,
        20
      ],
      "gross_profit": [
        20,
        20
      ],
      "op_income": [
        20,
        20
      ],
      "fcf": [
        20,
        20
      ]
    },
    "gaps": [],
    "warnings": []
  },
  "market_cap": null,
  "source": "SEC EDGAR",
  "last_updated": "2026-02-02T22:24:06.876799"
}