{
  "ticker": "SDGR",
  "name": "Schrodinger, Inc.",
  "quarters": [
    {
      "date": "2020-12-31T00:00:00",
      "quarter_label": "2020-12 (Q4)",
      "revenue": 33032000,
      "gross_profit": 18992000,
      "operating_income": -16584000,
      "net_income": -11139000,
      "opex": 35576000,
      "cogs": 14040000,
      "rd": 17319000,
      "sga": null,
      "fcf": 42732000,
      "ocf": 43618000,
      "capex": -886000,
      "gross_margin": 0.5749576168563817,
      "op_margin": -0.5020586098328893,
      "fcf_margin": 1.2936546379268588
    },
    {
      "date": "2021-03-31T00:00:00",
      "quarter_label": "2021-03 (Q1)",
      "revenue": 32127000,
      "gross_profit": 16164000,
      "operating_income": -23912000,
      "net_income": -29000,
      "opex": 40076000,
      "cogs": 15963000,
      "rd": 21448000,
      "sga": null,
      "fcf": -11434000,
      "ocf": -10921000,
      "capex": -513000,
      "gross_margin": 0.5031282099168923,
      "op_margin": -0.7442960749525321,
      "fcf_margin": -0.3559000217885268,
      "fcf_margin_change": -1.6495546597153856
    },
    {
      "date": "2021-06-30T00:00:00",
      "quarter_label": "2021-06 (Q2)",
      "revenue": 29784000,
      "gross_profit": 11980000,
      "operating_income": -30342000,
      "net_income": -34644000,
      "opex": 42322000,
      "cogs": 17804000,
      "rd": 21092000,
      "sga": null,
      "fcf": -32286000,
      "ocf": -29372000,
      "capex": -2914000,
      "gross_margin": 0.40222938490464677,
      "op_margin": -1.0187348912167606,
      "fcf_margin": -1.0840048348106366,
      "fcf_margin_change": -0.7281048130221097
    },
    {
      "date": "2021-09-30T00:00:00",
      "quarter_label": "2021-09 (Q3)",
      "revenue": 29850000,
      "gross_profit": 11115000,
      "operating_income": -34674000,
      "net_income": -35007000,
      "opex": 45789000,
      "cogs": 18735000,
      "rd": 23219000,
      "sga": null,
      "fcf": -13421000,
      "ocf": -10638000,
      "capex": -2783000,
      "gross_margin": 0.37236180904522614,
      "op_margin": -1.161608040201005,
      "fcf_margin": -0.44961474036850924,
      "fcf_margin_change": 0.6343900944421274
    },
    {
      "date": "2021-12-31T00:00:00",
      "quarter_label": "2021-12 (Q4)",
      "revenue": 46170000,
      "gross_profit": 26361000,
      "operating_income": -22515000,
      "net_income": -30713000,
      "opex": 48876000,
      "cogs": 19809000,
      "rd": 25145000,
      "sga": null,
      "fcf": -20695000,
      "ocf": -19738000,
      "capex": -957000,
      "gross_margin": 0.5709551656920078,
      "op_margin": -0.4876543209876543,
      "fcf_margin": -0.4482347844920944,
      "incr_op_margin_yoy": -0.4514385751255899,
      "rev_growth_yoy": 0.39773552918382177,
      "op_leverage_ratio": 8.109617084450436,
      "fcf_margin_change": 0.0013799558764148179
    },
    {
      "date": "2022-03-31T00:00:00",
      "quarter_label": "2022-03 (Q1)",
      "revenue": 48663000,
      "gross_profit": 27983000,
      "operating_income": -28643000,
      "net_income": -34440000,
      "opex": 56626000,
      "cogs": 20680000,
      "rd": 27822000,
      "sga": null,
      "fcf": -41407000,
      "ocf": -39711000,
      "capex": -1696000,
      "gross_margin": 0.5750364753508826,
      "op_margin": -0.5885991410311736,
      "fcf_margin": -0.8508928754906192,
      "incr_op_margin_yoy": -0.28610304789550073,
      "rev_growth_yoy": 0.5147072555794192,
      "rev_growth_yoy_accel": 0.11697172639559744,
      "op_leverage_ratio": 0.3405307677796642,
      "fcf_margin_change": -0.4026580909985248
    },
    {
      "date": "2022-06-30T00:00:00",
      "quarter_label": "2022-06 (Q2)",
      "revenue": 38469000,
      "gross_profit": 17134000,
      "operating_income": -43473000,
      "net_income": -47686000,
      "opex": 60607000,
      "cogs": 21335000,
      "rd": 31123000,
      "sga": null,
      "fcf": -26641000,
      "ocf": -24667000,
      "capex": -1974000,
      "gross_margin": 0.4453975928669838,
      "op_margin": -1.1300787647196444,
      "fcf_margin": -0.6925316488601211,
      "incr_op_margin_yoy": -1.5119170984455959,
      "rev_growth_yoy": 0.29159951651893634,
      "rev_growth_yoy_accel": -0.22310773906048287,
      "fcf_margin_change": 0.15836122663049812
    },
    {
      "date": "2022-09-30T00:00:00",
      "quarter_label": "2022-09 (Q3)",
      "revenue": 36980000,
      "gross_profit": 17201000,
      "operating_income": -46163000,
      "net_income": -39853000,
      "opex": 63364000,
      "cogs": 19779000,
      "rd": 32885000,
      "sga": null,
      "fcf": -33361000,
      "ocf": -30363000,
      "capex": -2998000,
      "gross_margin": 0.4651433207138994,
      "op_margin": -1.2483234180638183,
      "fcf_margin": -0.9021362898864251,
      "incr_op_margin_yoy": -1.6113604488078541,
      "rev_growth_yoy": 0.23886097152428812,
      "rev_growth_yoy_accel": -0.05273854499464822,
      "fcf_margin_change": -0.20960464102630405
    },
    {
      "date": "2022-12-31T00:00:00",
      "quarter_label": "2022-12 (Q4)",
      "revenue": 56843000,
      "gross_profit": 38704000,
      "operating_income": -28538000,
      "net_income": -27207000,
      "opex": 67242000,
      "cogs": 18139000,
      "rd": 34542000,
      "sga": null,
      "fcf": -26288000,
      "ocf": -24942000,
      "capex": -1346000,
      "gross_margin": 0.6808929859437398,
      "op_margin": -0.5020495047763137,
      "fcf_margin": -0.46246679450416056,
      "incr_op_margin_yoy": -0.5643211842968238,
      "rev_growth_yoy": 0.2311674247346762,
      "rev_growth_yoy_accel": -0.007693546789611927,
      "op_leverage_ratio": 8.77632538224389,
      "fcf_margin_change": 0.4396694953822646
    },
    {
      "date": "2023-03-31T00:00:00",
      "quarter_label": "2023-03 (Q1)",
      "revenue": 64782000,
      "gross_profit": 45693000,
      "operating_income": -30501000,
      "net_income": 129136000,
      "opex": 76194000,
      "cogs": 19089000,
      "rd": 40741000,
      "sga": null,
      "fcf": -34674000,
      "ocf": -31094000,
      "capex": -3580000,
      "gross_margin": 0.7053348152264518,
      "op_margin": -0.47082522923034176,
      "fcf_margin": -0.535241270723349,
      "incr_op_margin_yoy": -0.1152676965072275,
      "rev_growth_yoy": 0.33123728500092475,
      "rev_growth_yoy_accel": 0.10006986026624856,
      "op_leverage_ratio": 1.0490818178984032,
      "fcf_margin_change": -0.07277447621918848
    },
    {
      "date": "2023-06-30T00:00:00",
      "quarter_label": "2023-06 (Q2)",
      "revenue": 35189000,
      "gross_profit": 13810000,
      "operating_income": -61133000,
      "net_income": 4278000,
      "opex": 74943000,
      "cogs": 21379000,
      "rd": 42705000,
      "sga": null,
      "fcf": -20870000,
      "ocf": -18443000,
      "capex": -2427000,
      "gross_margin": 0.3924521867629089,
      "op_margin": -1.737275853249595,
      "fcf_margin": -0.5930830657307682,
      "incr_op_margin_yoy": 5.384146341463414,
      "rev_growth_yoy": -0.08526345888897553,
      "rev_growth_yoy_accel": -0.41650074388990027,
      "fcf_margin_change": -0.05784179500741915
    },
    {
      "date": "2023-09-30T00:00:00",
      "quarter_label": "2023-09 (Q3)",
      "revenue": 42569000,
      "gross_profit": 23639000,
      "operating_income": -56193000,
      "net_income": -62024000,
      "opex": 79832000,
      "cogs": 18930000,
      "rd": 46833000,
      "sga": null,
      "fcf": -54858000,
      "ocf": -49941000,
      "capex": -4917000,
      "gross_margin": 0.5553102022598605,
      "op_margin": -1.3200451032441447,
      "fcf_margin": -1.2886842537997134,
      "incr_op_margin_yoy": -1.7945965288960457,
      "rev_growth_yoy": 0.15113574905354246,
      "rev_growth_yoy_accel": 0.236399207942518,
      "op_leverage_ratio": 3.2148482174866593,
      "fcf_margin_change": -0.6956011880689452
    },
    {
      "date": "2023-12-31T00:00:00",
      "quarter_label": "2023-12 (Q4)",
      "revenue": 74126000,
      "gross_profit": 57550000,
      "operating_income": -29621000,
      "net_income": -30670000,
      "opex": 87171000,
      "cogs": 16576000,
      "rd": 51487000,
      "sga": null,
      "fcf": -39734000,
      "ocf": -37255000,
      "capex": -2479000,
      "gross_margin": 0.7763807570892804,
      "op_margin": -0.3996033780319996,
      "fcf_margin": -0.5360332406982705,
      "incr_op_margin_yoy": -0.06266273216455477,
      "rev_growth_yoy": 0.3040479918371655,
      "rev_growth_yoy_accel": 0.15291224278362306,
      "op_leverage_ratio": 8.06384894069899,
      "fcf_margin_change": 0.7526510131014429
    },
    {
      "date": "2024-03-31T00:00:00",
      "quarter_label": "2024-03 (Q1)",
      "revenue": 36598000,
      "gross_profit": 18890000,
      "operating_income": -67433000,
      "net_income": -54724000,
      "opex": 86323000,
      "cogs": 17708000,
      "rd": 50611000,
      "sga": null,
      "fcf": -43371000,
      "ocf": -39276000,
      "capex": -4095000,
      "gross_margin": 0.5161484234111153,
      "op_margin": -1.8425323788185146,
      "fcf_margin": -1.1850647576370295,
      "incr_op_margin_yoy": 1.3103888731195004,
      "rev_growth_yoy": -0.4350591213608718,
      "rev_growth_yoy_accel": -0.7391071131980373,
      "fcf_margin_change": -0.6490315169387589
    },
    {
      "date": "2024-06-30T00:00:00",
      "quarter_label": "2024-06 (Q2)",
      "revenue": 47334000,
      "gross_profit": 31335000,
      "operating_income": -52729000,
      "net_income": -54047000,
      "opex": 84064000,
      "cogs": 15999000,
      "rd": 50835000,
      "sga": null,
      "fcf": -54724000,
      "ocf": -53723000,
      "capex": -1001000,
      "gross_margin": 0.6619977183419952,
      "op_margin": -1.1139772679258038,
      "fcf_margin": -1.1561245616258926,
      "incr_op_margin_yoy": 0.6919720049403046,
      "rev_growth_yoy": 0.3451362641734633,
      "rev_growth_yoy_accel": 0.7801953855343351,
      "op_leverage_ratio": Infinity,
      "fcf_margin_change": 0.028940196011136843
    },
    {
      "date": "2024-09-30T00:00:00",
      "quarter_label": "2024-09 (Q3)",
      "revenue": 35290000,
      "gross_profit": 17728000,
      "operating_income": -68422000,
      "net_income": -38136000,
      "opex": 86150000,
      "cogs": 17562000,
      "rd": 50977000,
      "sga": null,
      "fcf": -34598000,
      "ocf": -33256000,
      "capex": -1342000,
      "gross_margin": 0.5023519410597903,
      "op_margin": -1.938849532445452,
      "fcf_margin": -0.9803910456219892,
      "incr_op_margin_yoy": 1.6800384668223658,
      "rev_growth_yoy": -0.17099297610937536,
      "rev_growth_yoy_accel": -0.5161292402828387,
      "fcf_margin_change": 0.1757335160039034
    },
    {
      "date": "2024-12-31T00:00:00",
      "quarter_label": "2024-12 (Q4)",
      "revenue": 88317000,
      "gross_profit": 64130000,
      "operating_income": -20712000,
      "net_income": -40216000,
      "opex": 84842000,
      "cogs": 24187000,
      "rd": 49362000,
      "sga": null,
      "fcf": -31986000,
      "ocf": -31113000,
      "capex": -873000,
      "gross_margin": 0.7261342663360395,
      "op_margin": -0.23451883555827305,
      "fcf_margin": -0.3621726281463365,
      "incr_op_margin_yoy": 0.6277922627017124,
      "rev_growth_yoy": 0.19144429754741926,
      "rev_growth_yoy_accel": 0.3624372736567946,
      "op_leverage_ratio": Infinity,
      "fcf_margin_change": 0.6182184174756526
    },
    {
      "date": "2025-03-31T00:00:00",
      "quarter_label": "2025-03 (Q1)",
      "revenue": 59551000,
      "gross_profit": 31124000,
      "operating_income": -50889000,
      "net_income": -59808000,
      "opex": 82013000,
      "cogs": 28427000,
      "rd": 45844000,
      "sga": null,
      "fcf": 143467000,
      "ocf": 144063000,
      "capex": -596000,
      "gross_margin": 0.5226444560124935,
      "op_margin": -0.8545448439152995,
      "fcf_margin": 2.40914510251717,
      "incr_op_margin_yoy": 0.7207772404478717,
      "rev_growth_yoy": 0.6271654188753484,
      "rev_growth_yoy_accel": 0.4357211213279291,
      "fcf_margin_change": 2.7713177306635064
    },
    {
      "date": "2025-06-30T00:00:00",
      "quarter_label": "2025-06 (Q2)",
      "revenue": 54759000,
      "gross_profit": 26158000,
      "operating_income": -52903000,
      "net_income": -43173000,
      "opex": 79061000,
      "cogs": 28601000,
      "rd": 43138000,
      "sga": null,
      "fcf": -52512000,
      "ocf": -52198000,
      "capex": -314000,
      "gross_margin": 0.477693164593948,
      "op_margin": -0.9661060282328019,
      "fcf_margin": -0.9589656494822769,
      "incr_op_margin_yoy": -0.023434343434343436,
      "rev_growth_yoy": 0.15686398783115732,
      "rev_growth_yoy_accel": -0.4703014310441911,
      "fcf_margin_change": -3.368110751999447
    },
    {
      "date": "2025-09-30T00:00:00",
      "quarter_label": "2025-09 (Q3)",
      "revenue": 54324000,
      "gross_profit": 28039000,
      "operating_income": -45947000,
      "net_income": -32795000,
      "opex": 73986000,
      "cogs": 26285000,
      "rd": 42757000,
      "sga": null,
      "fcf": -62364000,
      "ocf": -61873000,
      "capex": -491000,
      "gross_margin": 0.5161438774758854,
      "op_margin": -0.8457955967896326,
      "fcf_margin": -1.1480008835873647,
      "incr_op_margin_yoy": 1.1807817589576548,
      "rev_growth_yoy": 0.5393595919523945,
      "rev_growth_yoy_accel": 0.3824956041212372,
      "fcf_margin_change": -0.18903523410508782
    }
  ],
  "signals": [
    {
      "quarter": "2025-09 (Q3)",
      "signal": "GROSS MARGIN INFLECTION",
      "detail": "GM: +52.3% -> +47.8% -> +51.6% (reversal +3.8%)",
      "severity": "MEDIUM"
    },
    {
      "quarter": "2025-09 (Q3)",
      "signal": "YoY REVENUE GROWTH ACCELERATION",
      "detail": "YoY growth: +53.9% vs prior quarter YoY: +15.7% (accel: +38.2%)",
      "severity": "HIGH"
    },
    {
      "quarter": "2025-06 (Q2)",
      "signal": "YoY REVENUE GROWTH DECELERATION",
      "detail": "YoY growth: +15.7% vs prior quarter YoY: +62.7% (decel: -47.0%)",
      "severity": "WARNING"
    },
    {
      "quarter": "2025-03 (Q1)",
      "signal": "FCF TURNED POSITIVE",
      "detail": "FCF margin: -36.2% -> +240.9%",
      "severity": "HIGH"
    },
    {
      "quarter": "2025-03 (Q1)",
      "signal": "YoY REVENUE GROWTH ACCELERATION",
      "detail": "YoY growth: +62.7% vs prior quarter YoY: +19.1% (accel: +43.6%)",
      "severity": "HIGH"
    },
    {
      "quarter": "2024-12 (Q4)",
      "signal": "FCF MARGIN EXPANSION",
      "detail": "FCF margin: -98.0% -> -36.2% (+61.8%)",
      "severity": "MEDIUM"
    },
    {
      "quarter": "2024-12 (Q4)",
      "signal": "GROSS MARGIN INFLECTION",
      "detail": "GM: +66.2% -> +50.2% -> +72.6% (reversal +22.4%)",
      "severity": "HIGH"
    },
    {
      "quarter": "2024-12 (Q4)",
      "signal": "YoY REVENUE GROWTH ACCELERATION",
      "detail": "YoY growth: +19.1% vs prior quarter YoY: -17.1% (accel: +36.2%)",
      "severity": "HIGH"
    },
    {
      "quarter": "2024-09 (Q3)",
      "signal": "FCF MARGIN EXPANSION",
      "detail": "FCF margin: -115.6% -> -98.0% (+17.6%)",
      "severity": "MEDIUM"
    },
    {
      "quarter": "2024-09 (Q3)",
      "signal": "YoY REVENUE GROWTH DECELERATION",
      "detail": "YoY growth: -17.1% vs prior quarter YoY: +34.5% (decel: -51.6%)",
      "severity": "WARNING"
    },
    {
      "quarter": "2024-06 (Q2)",
      "signal": "GROSS MARGIN INFLECTION",
      "detail": "GM: +77.6% -> +51.6% -> +66.2% (reversal +14.6%)",
      "severity": "HIGH"
    },
    {
      "quarter": "2024-06 (Q2)",
      "signal": "YoY REVENUE GROWTH ACCELERATION",
      "detail": "YoY growth: +34.5% vs prior quarter YoY: -43.5% (accel: +78.0%)",
      "severity": "HIGH"
    },
    {
      "quarter": "2024-03 (Q1)",
      "signal": "YoY REVENUE GROWTH DECELERATION",
      "detail": "YoY growth: -43.5% vs prior quarter YoY: +30.4% (decel: -73.9%)",
      "severity": "WARNING"
    },
    {
      "quarter": "2023-12 (Q4)",
      "signal": "FCF MARGIN EXPANSION",
      "detail": "FCF margin: -128.9% -> -53.6% (+75.3%)",
      "severity": "MEDIUM"
    },
    {
      "quarter": "2023-12 (Q4)",
      "signal": "OPERATING LEVERAGE",
      "detail": "Rev growth +74.1% vs OpEx growth +9.2% (leverage: 8.1x)",
      "severity": "MEDIUM"
    },
    {
      "quarter": "2023-12 (Q4)",
      "signal": "YoY REVENUE GROWTH ACCELERATION",
      "detail": "YoY growth: +30.4% vs prior quarter YoY: +15.1% (accel: +15.3%)",
      "severity": "HIGH"
    },
    {
      "quarter": "2023-09 (Q3)",
      "signal": "OPERATING LEVERAGE",
      "detail": "Rev growth +21.0% vs OpEx growth +6.5% (leverage: 3.2x)",
      "severity": "MEDIUM"
    },
    {
      "quarter": "2023-09 (Q3)",
      "signal": "GROSS MARGIN INFLECTION",
      "detail": "GM: +70.5% -> +39.2% -> +55.5% (reversal +16.3%)",
      "severity": "HIGH"
    },
    {
      "quarter": "2023-09 (Q3)",
      "signal": "YoY REVENUE GROWTH ACCELERATION",
      "detail": "YoY growth: +15.1% vs prior quarter YoY: -8.5% (accel: +23.6%)",
      "severity": "HIGH"
    },
    {
      "quarter": "2023-06 (Q2)",
      "signal": "YoY REVENUE GROWTH DECELERATION",
      "detail": "YoY growth: -8.5% vs prior quarter YoY: +33.1% (decel: -41.7%)",
      "severity": "WARNING"
    },
    {
      "quarter": "2023-03 (Q1)",
      "signal": "YoY REVENUE GROWTH ACCELERATION",
      "detail": "YoY growth: +33.1% vs prior quarter YoY: +23.1% (accel: +10.0%)",
      "severity": "MEDIUM"
    },
    {
      "quarter": "2022-12 (Q4)",
      "signal": "FCF MARGIN EXPANSION",
      "detail": "FCF margin: -90.2% -> -46.2% (+44.0%)",
      "severity": "MEDIUM"
    },
    {
      "quarter": "2022-12 (Q4)",
      "signal": "OPERATING LEVERAGE",
      "detail": "Rev growth +53.7% vs OpEx growth +6.1% (leverage: 8.8x)",
      "severity": "MEDIUM"
    },
    {
      "quarter": "2022-09 (Q3)",
      "signal": "YoY REVENUE GROWTH DECELERATION",
      "detail": "YoY growth: +23.9% vs prior quarter YoY: +29.2% (decel: -5.3%)",
      "severity": "WARNING"
    },
    {
      "quarter": "2022-06 (Q2)",
      "signal": "FCF MARGIN EXPANSION",
      "detail": "FCF margin: -85.1% -> -69.3% (+15.8%)",
      "severity": "MEDIUM"
    },
    {
      "quarter": "2022-06 (Q2)",
      "signal": "YoY REVENUE GROWTH DECELERATION",
      "detail": "YoY growth: +29.2% vs prior quarter YoY: +51.5% (decel: -22.3%)",
      "severity": "WARNING"
    },
    {
      "quarter": "2022-03 (Q1)",
      "signal": "YoY REVENUE GROWTH ACCELERATION",
      "detail": "YoY growth: +51.5% vs prior quarter YoY: +39.8% (accel: +11.7%)",
      "severity": "MEDIUM"
    },
    {
      "quarter": "2021-12 (Q4)",
      "signal": "OPERATING LEVERAGE",
      "detail": "Rev growth +54.7% vs OpEx growth +6.7% (leverage: 8.1x)",
      "severity": "MEDIUM"
    },
    {
      "quarter": "2021-12 (Q4)",
      "signal": "GROSS MARGIN INFLECTION",
      "detail": "GM: +40.2% -> +37.2% -> +57.1% (reversal +19.9%)",
      "severity": "HIGH"
    },
    {
      "quarter": "2021-09 (Q3)",
      "signal": "FCF MARGIN EXPANSION",
      "detail": "FCF margin: -108.4% -> -45.0% (+63.4%)",
      "severity": "MEDIUM"
    }
  ],
  "data_quality": {
    "n_quarters": 20,
    "coverage": {
      "revenue": [
        20,
        20
      ],
      "gross_profit": [
        20,
        20
      ],
      "op_income": [
        20,
        20
      ],
      "fcf": [
        20,
        20
      ]
    },
    "gaps": [],
    "warnings": []
  },
  "market_cap": null,
  "source": "SEC EDGAR",
  "last_updated": "2026-02-02T21:58:27.302202"
}