{
  "ticker": "SDSYA",
  "name": "SOUTH DAKOTA SOYBEAN PROCESSORS LLC",
  "quarters": [
    {
      "date": "2020-12-31T00:00:00",
      "quarter_label": "2020-12 (Q4)",
      "revenue": 118580144,
      "gross_profit": 8450697,
      "operating_income": 7411664,
      "net_income": 8479301,
      "opex": 1039033,
      "cogs": 110129447,
      "rd": null,
      "sga": null,
      "fcf": 15141621,
      "ocf": 15635629,
      "capex": -494008,
      "gross_margin": 0.07126570026766033,
      "op_margin": 0.0625034154116055,
      "fcf_margin": 0.1276910323198798
    },
    {
      "date": "2021-03-31T00:00:00",
      "quarter_label": "2021-03 (Q1)",
      "revenue": 123627541,
      "gross_profit": 6629211,
      "operating_income": 5511369,
      "net_income": 5784092,
      "opex": 1117842,
      "cogs": 116998330,
      "rd": null,
      "sga": null,
      "fcf": -35447294,
      "ocf": -33683127,
      "capex": -1764167,
      "gross_margin": 0.05362244485636093,
      "op_margin": 0.04458043050455885,
      "fcf_margin": -0.2867265150893845,
      "op_leverage_ratio": 0.5611888273623132,
      "fcf_margin_change": -0.4144175474092643
    },
    {
      "date": "2021-06-30T00:00:00",
      "quarter_label": "2021-06 (Q2)",
      "revenue": 160273107,
      "gross_profit": 3146133,
      "operating_income": 2189327,
      "net_income": 1566057,
      "opex": 956806,
      "cogs": 157126974,
      "rd": null,
      "sga": null,
      "fcf": -18064159,
      "ocf": -16047159,
      "capex": -2017000,
      "gross_margin": 0.019629824734102148,
      "op_margin": 0.013659977278658484,
      "fcf_margin": -0.11270860931147982,
      "op_leverage_ratio": Infinity,
      "fcf_margin_change": 0.1740179057779047
    },
    {
      "date": "2021-09-30T00:00:00",
      "quarter_label": "2021-09 (Q3)",
      "revenue": 147796292,
      "gross_profit": 15996101,
      "operating_income": 14775506,
      "net_income": 14467290,
      "opex": 1220595,
      "cogs": 131800191,
      "rd": null,
      "sga": null,
      "fcf": 6425907,
      "ocf": 9830490,
      "capex": -3404583,
      "gross_margin": 0.10823073287927955,
      "op_margin": 0.09997210214177768,
      "fcf_margin": 0.04347813407930424,
      "fcf_margin_change": 0.15618674339078406
    },
    {
      "date": "2021-12-31T00:00:00",
      "quarter_label": "2021-12 (Q4)",
      "revenue": 158453213,
      "gross_profit": 7702901,
      "operating_income": 6407917,
      "net_income": 6190476,
      "opex": 1294984,
      "cogs": 150750312,
      "rd": null,
      "sga": null,
      "fcf": 51658859,
      "ocf": 57916064,
      "capex": -6257205,
      "gross_margin": 0.04861309439020337,
      "op_margin": 0.040440435878065784,
      "fcf_margin": 0.3260196371025938,
      "incr_op_margin_yoy": -0.02517355762105997,
      "rev_growth_yoy": 0.33625417928316903,
      "op_leverage_ratio": 1.1831262059945562,
      "fcf_margin_change": 0.28254150302328956
    },
    {
      "date": "2022-03-31T00:00:00",
      "quarter_label": "2022-03 (Q1)",
      "revenue": 171724126,
      "gross_profit": 18810105,
      "operating_income": 17411639,
      "net_income": 18297835,
      "opex": 1398466,
      "cogs": 152914021,
      "rd": null,
      "sga": null,
      "fcf": -36590862,
      "ocf": -35857338,
      "capex": -733524,
      "gross_margin": 0.10953676363448198,
      "op_margin": 0.10139308555863606,
      "fcf_margin": -0.21307933167177687,
      "incr_op_margin_yoy": 0.247424427326805,
      "rev_growth_yoy": 0.3890442583501681,
      "rev_growth_yoy_accel": 0.05279007906699906,
      "op_leverage_ratio": 1.0480918429609725,
      "fcf_margin_change": -0.5390989687743707
    },
    {
      "date": "2022-06-30T00:00:00",
      "quarter_label": "2022-06 (Q2)",
      "revenue": 175248306,
      "gross_profit": 24568005,
      "operating_income": 23091572,
      "net_income": 22764103,
      "opex": 1476433,
      "cogs": 150680301,
      "rd": null,
      "sga": null,
      "fcf": 10456083,
      "ocf": 13016056,
      "capex": -2559973,
      "gross_margin": 0.1401896860560809,
      "op_margin": 0.1317648799412646,
      "fcf_margin": 0.05966438842495858,
      "incr_op_margin_yoy": 1.3957908005095625,
      "rev_growth_yoy": 0.0934355069313032,
      "rev_growth_yoy_accel": -0.2956087514188649,
      "op_leverage_ratio": 0.3681017276711253,
      "fcf_margin_change": 0.2727437200967354
    },
    {
      "date": "2022-09-30T00:00:00",
      "quarter_label": "2022-09 (Q3)",
      "revenue": 184725873,
      "gross_profit": 11991884,
      "operating_income": 10741939,
      "net_income": 10435182,
      "opex": 1249945,
      "cogs": 172733989,
      "rd": null,
      "sga": null,
      "fcf": 4843602,
      "ocf": 4843602,
      "capex": null,
      "gross_margin": 0.0649171867765378,
      "op_margin": 0.05815070095784579,
      "fcf_margin": 0.026220485096854842,
      "incr_op_margin_yoy": -0.10922319968915975,
      "rev_growth_yoy": 0.2498681157711318,
      "rev_growth_yoy_accel": 0.1564326088398286,
      "op_leverage_ratio": Infinity,
      "fcf_margin_change": -0.033443903328103736
    },
    {
      "date": "2022-12-31T00:00:00",
      "quarter_label": "2022-12 (Q4)",
      "revenue": 189834024,
      "gross_profit": 18045650,
      "operating_income": 16501068,
      "net_income": 15966981,
      "opex": 1544582,
      "cogs": 171788374,
      "rd": null,
      "sga": null,
      "fcf": 40968450,
      "ocf": 45429494,
      "capex": -4461044,
      "gross_margin": 0.09506014580399981,
      "op_margin": 0.08692365916449203,
      "fcf_margin": 0.2158119452812105,
      "incr_op_margin_yoy": 0.32163448548222673,
      "rev_growth_yoy": 0.19804464930603838,
      "rev_growth_yoy_accel": -0.05182346646509342,
      "op_leverage_ratio": 0.11731123823972336,
      "fcf_margin_change": 0.18959146018435566
    },
    {
      "date": "2023-03-31T00:00:00",
      "quarter_label": "2023-03 (Q1)",
      "revenue": 171913308,
      "gross_profit": 24643571,
      "operating_income": 23065619,
      "net_income": 22742512,
      "opex": 1577952,
      "cogs": 147269737,
      "rd": null,
      "sga": null,
      "fcf": -17188881,
      "ocf": -15629602,
      "capex": -1559279,
      "gross_margin": 0.14334882672375776,
      "op_margin": 0.13417006087742783,
      "fcf_margin": -0.09998574979430912,
      "rev_growth_yoy": 0.0011016623255371816,
      "rev_growth_yoy_accel": -0.1969429869805012,
      "fcf_margin_change": -0.31579769507551964
    },
    {
      "date": "2023-06-30T00:00:00",
      "quarter_label": "2023-06 (Q2)",
      "revenue": 184939386,
      "gross_profit": 12153154,
      "operating_income": 10742647,
      "net_income": 9705536,
      "opex": 1410507,
      "cogs": 172786232,
      "rd": null,
      "sga": null,
      "fcf": 30953203,
      "ocf": 34302877,
      "capex": -3349674,
      "gross_margin": 0.06571425515601095,
      "op_margin": 0.058087394104358064,
      "fcf_margin": 0.167369448279665,
      "incr_op_margin_yoy": -1.2742568423746372,
      "rev_growth_yoy": 0.05529913652917136,
      "rev_growth_yoy_accel": 0.054197474203634174,
      "op_leverage_ratio": Infinity,
      "fcf_margin_change": 0.2673551980739741
    },
    {
      "date": "2023-09-30T00:00:00",
      "quarter_label": "2023-09 (Q3)",
      "revenue": 176915209,
      "gross_profit": 20080517,
      "operating_income": 18560427,
      "net_income": 18441559,
      "opex": 1520090,
      "cogs": 156834692,
      "rd": null,
      "sga": null,
      "fcf": 2662130,
      "ocf": 50582366,
      "capex": -47920236,
      "gross_margin": 0.11350362195259311,
      "op_margin": 0.10491142680672524,
      "fcf_margin": 0.015047490914136161,
      "incr_op_margin_yoy": -1.0010017074092548,
      "rev_growth_yoy": -0.04228245818061447,
      "rev_growth_yoy_accel": -0.09758159470978583,
      "fcf_margin_change": -0.15232195736552884
    },
    {
      "date": "2023-12-31T00:00:00",
      "quarter_label": "2023-12 (Q4)",
      "revenue": 169380506,
      "gross_profit": 21538826,
      "operating_income": 19559802,
      "net_income": 19559971,
      "opex": 1979024,
      "cogs": 147841680,
      "rd": null,
      "sga": null,
      "fcf": 8195583,
      "ocf": 59634650,
      "capex": -51439067,
      "gross_margin": 0.12716236660669794,
      "op_margin": 0.1154784718850704,
      "fcf_margin": 0.04838563299604265,
      "incr_op_margin_yoy": -0.1495456185092462,
      "rev_growth_yoy": -0.10774421554694537,
      "rev_growth_yoy_accel": -0.06546175736633089,
      "fcf_margin_change": 0.03333814208190649
    },
    {
      "date": "2024-03-31T00:00:00",
      "quarter_label": "2024-03 (Q1)",
      "revenue": 148260904,
      "gross_profit": 7336049,
      "operating_income": 5701676,
      "net_income": 5474454,
      "opex": 1634373,
      "cogs": 140924855,
      "rd": null,
      "sga": null,
      "fcf": -54636899,
      "ocf": -31816910,
      "capex": -22819989,
      "gross_margin": 0.049480670912407224,
      "op_margin": 0.038457043267455054,
      "fcf_margin": -0.36851858801562415,
      "incr_op_margin_yoy": 0.7341301543809247,
      "rev_growth_yoy": -0.13758332193805498,
      "rev_growth_yoy_accel": -0.029839106391109607,
      "fcf_margin_change": -0.4169042210116668
    },
    {
      "date": "2024-06-30T00:00:00",
      "quarter_label": "2024-06 (Q2)",
      "revenue": 149716835,
      "gross_profit": 8561344,
      "operating_income": 7058289,
      "net_income": 6030359,
      "opex": 1503055,
      "cogs": 141155491,
      "rd": null,
      "sga": null,
      "fcf": -18457398,
      "ocf": 28680955,
      "capex": -47138353,
      "gross_margin": 0.05718357591516011,
      "op_margin": 0.04714425735756436,
      "fcf_margin": -0.12328204774032259,
      "incr_op_margin_yoy": 0.10460224757712751,
      "rev_growth_yoy": -0.19045456872015354,
      "rev_growth_yoy_accel": -0.05287124678209856,
      "fcf_margin_change": 0.24523654027530156
    },
    {
      "date": "2024-09-30T00:00:00",
      "quarter_label": "2024-09 (Q3)",
      "revenue": 130645696,
      "gross_profit": 2277475,
      "operating_income": 1023888,
      "net_income": 23390,
      "opex": 1253587,
      "cogs": 128368221,
      "rd": null,
      "sga": null,
      "fcf": -8253715,
      "ocf": 24358571,
      "capex": -32612286,
      "gross_margin": 0.017432453343124293,
      "op_margin": 0.007837135331270308,
      "fcf_margin": -0.06317632538005691,
      "incr_op_margin_yoy": 0.37900850609774084,
      "rev_growth_yoy": -0.2615349650351429,
      "rev_growth_yoy_accel": -0.07108039631498936,
      "fcf_margin_change": 0.06010572236026568
    },
    {
      "date": "2024-12-31T00:00:00",
      "quarter_label": "2024-12 (Q4)",
      "revenue": 125796335,
      "gross_profit": 11213695,
      "operating_income": 9550369,
      "net_income": 8791614,
      "opex": 1663326,
      "cogs": 114582640,
      "rd": null,
      "sga": null,
      "fcf": -35953297,
      "ocf": 37172646,
      "capex": -73125943,
      "gross_margin": 0.08914166696509879,
      "op_margin": 0.07591929446911153,
      "fcf_margin": -0.2858055999803174,
      "incr_op_margin_yoy": 0.22965752864726968,
      "rev_growth_yoy": -0.25731515408272543,
      "rev_growth_yoy_accel": 0.004219810952417469,
      "fcf_margin_change": -0.2226292746002605
    },
    {
      "date": "2025-03-31T00:00:00",
      "quarter_label": "2025-03 (Q1)",
      "revenue": 117913309,
      "gross_profit": 5906304,
      "operating_income": 4181338,
      "net_income": 4373073,
      "opex": 1724966,
      "cogs": 112007005,
      "rd": null,
      "sga": null,
      "fcf": -100750579,
      "ocf": -39947126,
      "capex": -60803453,
      "gross_margin": 0.05009022348783376,
      "op_margin": 0.03546111999960921,
      "fcf_margin": -0.854446201658203,
      "incr_op_margin_yoy": 0.05009747889412654,
      "rev_growth_yoy": -0.2046904759193968,
      "rev_growth_yoy_accel": 0.052624678163328636,
      "fcf_margin_change": -0.5686406016778855
    },
    {
      "date": "2025-06-30T00:00:00",
      "quarter_label": "2025-06 (Q2)",
      "revenue": 110640734,
      "gross_profit": 273375,
      "operating_income": -1408409,
      "net_income": -973147,
      "opex": 1681784,
      "cogs": 110367359,
      "rd": null,
      "sga": null,
      "fcf": -60224779,
      "ocf": 1892773,
      "capex": -62117552,
      "gross_margin": 0.0024708350181407873,
      "op_margin": -0.012729570286473334,
      "fcf_margin": -0.5443273631933787,
      "incr_op_margin_yoy": 0.21667202672037314,
      "rev_growth_yoy": -0.261000047189082,
      "rev_growth_yoy_accel": -0.056309571269685194,
      "fcf_margin_change": 0.31011883846482424
    },
    {
      "date": "2025-09-30T00:00:00",
      "quarter_label": "2025-09 (Q3)",
      "revenue": 129821885,
      "gross_profit": 13785851,
      "operating_income": 11912254,
      "net_income": 10753809,
      "opex": 1873597,
      "cogs": 116036034,
      "rd": null,
      "sga": null,
      "fcf": -14527737,
      "ocf": 20938140,
      "capex": -35465877,
      "gross_margin": 0.10619050093133373,
      "op_margin": 0.09175844273097714,
      "fcf_margin": -0.11190514603912892,
      "rev_growth_yoy": -0.006305688018991456,
      "rev_growth_yoy_accel": 0.25469435917009053,
      "op_leverage_ratio": 1.5200287228133882,
      "fcf_margin_change": 0.4324222171542498
    }
  ],
  "signals": [
    {
      "quarter": "2025-09 (Q3)",
      "signal": "FCF MARGIN EXPANSION",
      "detail": "FCF margin: -54.4% -> -11.2% (+43.2%)",
      "severity": "MEDIUM"
    },
    {
      "quarter": "2025-09 (Q3)",
      "signal": "OPERATING LEVERAGE",
      "detail": "Rev growth +17.3% vs OpEx growth +11.4% (leverage: 1.5x)",
      "severity": "MEDIUM"
    },
    {
      "quarter": "2025-09 (Q3)",
      "signal": "GROSS MARGIN INFLECTION",
      "detail": "GM: +5.0% -> +0.2% -> +10.6% (reversal +10.4%)",
      "severity": "HIGH"
    },
    {
      "quarter": "2025-09 (Q3)",
      "signal": "YoY REVENUE GROWTH ACCELERATION",
      "detail": "YoY growth: -0.6% vs prior quarter YoY: -26.1% (accel: +25.5%)",
      "severity": "HIGH"
    },
    {
      "quarter": "2025-09 (Q3)",
      "signal": "OP MARGIN TURNED POSITIVE (QoQ)",
      "detail": "Op margin: -1.3% -> +9.2%",
      "severity": "HIGH"
    },
    {
      "quarter": "2025-06 (Q2)",
      "signal": "FCF MARGIN EXPANSION",
      "detail": "FCF margin: -85.4% -> -54.4% (+31.0%)",
      "severity": "MEDIUM"
    },
    {
      "quarter": "2025-06 (Q2)",
      "signal": "YoY REVENUE GROWTH DECELERATION",
      "detail": "YoY growth: -26.1% vs prior quarter YoY: -20.5% (decel: -5.6%)",
      "severity": "WARNING"
    },
    {
      "quarter": "2025-03 (Q1)",
      "signal": "YoY REVENUE GROWTH ACCELERATION",
      "detail": "YoY growth: -20.5% vs prior quarter YoY: -25.7% (accel: +5.3%)",
      "severity": "MEDIUM"
    },
    {
      "quarter": "2024-12 (Q4)",
      "signal": "GROSS MARGIN INFLECTION",
      "detail": "GM: +5.7% -> +1.7% -> +8.9% (reversal +7.2%)",
      "severity": "HIGH"
    },
    {
      "quarter": "2024-12 (Q4)",
      "signal": "INCREMENTAL MARGIN (YoY)",
      "detail": "YoY Incr OPM: +23.0% vs year-ago OPM: +11.5%",
      "severity": "MEDIUM"
    },
    {
      "quarter": "2024-09 (Q3)",
      "signal": "FCF MARGIN EXPANSION",
      "detail": "FCF margin: -12.3% -> -6.3% (+6.0%)",
      "severity": "MEDIUM"
    },
    {
      "quarter": "2024-09 (Q3)",
      "signal": "YoY REVENUE GROWTH DECELERATION",
      "detail": "YoY growth: -26.2% vs prior quarter YoY: -19.0% (decel: -7.1%)",
      "severity": "WARNING"
    },
    {
      "quarter": "2024-09 (Q3)",
      "signal": "INCREMENTAL MARGIN (YoY)",
      "detail": "YoY Incr OPM: +37.9% vs year-ago OPM: +10.5%",
      "severity": "HIGH"
    },
    {
      "quarter": "2024-06 (Q2)",
      "signal": "FCF MARGIN EXPANSION",
      "detail": "FCF margin: -36.9% -> -12.3% (+24.5%)",
      "severity": "MEDIUM"
    },
    {
      "quarter": "2024-06 (Q2)",
      "signal": "YoY REVENUE GROWTH DECELERATION",
      "detail": "YoY growth: -19.0% vs prior quarter YoY: -13.8% (decel: -5.3%)",
      "severity": "WARNING"
    },
    {
      "quarter": "2024-03 (Q1)",
      "signal": "INCREMENTAL MARGIN (YoY)",
      "detail": "YoY Incr OPM: +73.4% vs year-ago OPM: +13.4%",
      "severity": "HIGH"
    },
    {
      "quarter": "2023-12 (Q4)",
      "signal": "YoY REVENUE GROWTH DECELERATION",
      "detail": "YoY growth: -10.8% vs prior quarter YoY: -4.2% (decel: -6.5%)",
      "severity": "WARNING"
    },
    {
      "quarter": "2023-09 (Q3)",
      "signal": "GROSS MARGIN INFLECTION",
      "detail": "GM: +14.3% -> +6.6% -> +11.4% (reversal +4.8%)",
      "severity": "MEDIUM"
    },
    {
      "quarter": "2023-09 (Q3)",
      "signal": "YoY REVENUE GROWTH DECELERATION",
      "detail": "YoY growth: -4.2% vs prior quarter YoY: +5.5% (decel: -9.8%)",
      "severity": "WARNING"
    },
    {
      "quarter": "2023-06 (Q2)",
      "signal": "FCF TURNED POSITIVE",
      "detail": "FCF margin: -10.0% -> +16.7%",
      "severity": "HIGH"
    },
    {
      "quarter": "2023-06 (Q2)",
      "signal": "YoY REVENUE GROWTH ACCELERATION",
      "detail": "YoY growth: +5.5% vs prior quarter YoY: +0.1% (accel: +5.4%)",
      "severity": "MEDIUM"
    },
    {
      "quarter": "2023-03 (Q1)",
      "signal": "YoY REVENUE GROWTH DECELERATION",
      "detail": "YoY growth: +0.1% vs prior quarter YoY: +19.8% (decel: -19.7%)",
      "severity": "WARNING"
    },
    {
      "quarter": "2022-12 (Q4)",
      "signal": "FCF MARGIN EXPANSION",
      "detail": "FCF margin: +2.6% -> +21.6% (+19.0%)",
      "severity": "MEDIUM"
    },
    {
      "quarter": "2022-12 (Q4)",
      "signal": "GROSS MARGIN INFLECTION",
      "detail": "GM: +14.0% -> +6.5% -> +9.5% (reversal +3.0%)",
      "severity": "MEDIUM"
    },
    {
      "quarter": "2022-12 (Q4)",
      "signal": "YoY REVENUE GROWTH DECELERATION",
      "detail": "YoY growth: +19.8% vs prior quarter YoY: +25.0% (decel: -5.2%)",
      "severity": "WARNING"
    },
    {
      "quarter": "2022-12 (Q4)",
      "signal": "INCREMENTAL MARGIN (YoY)",
      "detail": "YoY Incr OPM: +32.2% vs year-ago OPM: +4.0%",
      "severity": "HIGH"
    },
    {
      "quarter": "2022-09 (Q3)",
      "signal": "YoY REVENUE GROWTH ACCELERATION",
      "detail": "YoY growth: +25.0% vs prior quarter YoY: +9.3% (accel: +15.6%)",
      "severity": "HIGH"
    },
    {
      "quarter": "2022-06 (Q2)",
      "signal": "FCF TURNED POSITIVE",
      "detail": "FCF margin: -21.3% -> +6.0%",
      "severity": "HIGH"
    },
    {
      "quarter": "2022-06 (Q2)",
      "signal": "YoY REVENUE GROWTH DECELERATION",
      "detail": "YoY growth: +9.3% vs prior quarter YoY: +38.9% (decel: -29.6%)",
      "severity": "WARNING"
    },
    {
      "quarter": "2022-06 (Q2)",
      "signal": "INCREMENTAL MARGIN (YoY)",
      "detail": "YoY Incr OPM: +139.6% vs year-ago OPM: +1.4%",
      "severity": "HIGH"
    },
    {
      "quarter": "2022-03 (Q1)",
      "signal": "GROSS MARGIN INFLECTION",
      "detail": "GM: +10.8% -> +4.9% -> +11.0% (reversal +6.1%)",
      "severity": "HIGH"
    },
    {
      "quarter": "2022-03 (Q1)",
      "signal": "YoY REVENUE GROWTH ACCELERATION",
      "detail": "YoY growth: +38.9% vs prior quarter YoY: +33.6% (accel: +5.3%)",
      "severity": "MEDIUM"
    },
    {
      "quarter": "2022-03 (Q1)",
      "signal": "INCREMENTAL MARGIN (YoY)",
      "detail": "YoY Incr OPM: +24.7% vs year-ago OPM: +4.5%",
      "severity": "HIGH"
    },
    {
      "quarter": "2021-12 (Q4)",
      "signal": "FCF MARGIN EXPANSION",
      "detail": "FCF margin: +4.3% -> +32.6% (+28.3%)",
      "severity": "MEDIUM"
    },
    {
      "quarter": "2021-09 (Q3)",
      "signal": "FCF TURNED POSITIVE",
      "detail": "FCF margin: -11.3% -> +4.3%",
      "severity": "HIGH"
    },
    {
      "quarter": "2021-09 (Q3)",
      "signal": "GROSS MARGIN INFLECTION",
      "detail": "GM: +5.4% -> +2.0% -> +10.8% (reversal +8.9%)",
      "severity": "HIGH"
    },
    {
      "quarter": "2021-06 (Q2)",
      "signal": "FCF MARGIN EXPANSION",
      "detail": "FCF margin: -28.7% -> -11.3% (+17.4%)",
      "severity": "MEDIUM"
    }
  ],
  "data_quality": {
    "n_quarters": 20,
    "coverage": {
      "revenue": [
        20,
        20
      ],
      "gross_profit": [
        20,
        20
      ],
      "op_income": [
        20,
        20
      ],
      "fcf": [
        20,
        20
      ]
    },
    "gaps": [],
    "warnings": []
  },
  "market_cap": null,
  "source": "SEC EDGAR",
  "last_updated": "2026-02-02T22:56:36.729826"
}