{
  "ticker": "SEAC",
  "name": "SEACHANGE INTERNATIONAL INC",
  "quarters": [
    {
      "date": "2018-07-31T00:00:00",
      "quarter_label": "2018-07 (Q3)",
      "revenue": 11901000,
      "gross_profit": 6286000,
      "operating_income": -8270000,
      "net_income": -9080000,
      "opex": 14556000,
      "cogs": 5615000,
      "rd": 5157000,
      "sga": null,
      "fcf": -14804000,
      "ocf": -14633000,
      "capex": -171000,
      "gross_margin": 0.5281909083270313,
      "op_margin": -0.6948995882698933,
      "fcf_margin": -1.2439290815897823
    },
    {
      "date": "2018-10-31T00:00:00",
      "quarter_label": "2018-10 (Q4)",
      "revenue": 18611000,
      "gross_profit": 11288000,
      "operating_income": -2515000,
      "net_income": -3827000,
      "opex": 13803000,
      "cogs": 7323000,
      "rd": 4836000,
      "sga": null,
      "fcf": -3331000,
      "ocf": -3287000,
      "capex": -44000,
      "gross_margin": 0.6065230240180538,
      "op_margin": -0.13513513513513514,
      "fcf_margin": -0.1789801730159583,
      "op_leverage_ratio": Infinity,
      "fcf_margin_change": 1.064948908573824
    },
    {
      "date": "2019-01-31T00:00:00",
      "quarter_label": "2019-01 (Q1)",
      "revenue": 16955000,
      "gross_profit": 10850000,
      "operating_income": -19902000,
      "net_income": -19624000,
      "opex": 30752000,
      "cogs": 6105000,
      "rd": 4228000,
      "sga": null,
      "fcf": -288000,
      "ocf": -252000,
      "capex": -36000,
      "gross_margin": 0.6399292244175759,
      "op_margin": -1.1738130345030964,
      "fcf_margin": -0.016986139781775288,
      "fcf_margin_change": 0.16199403323418302
    },
    {
      "date": "2019-04-30T00:00:00",
      "quarter_label": "2019-04 (Q2)",
      "revenue": 8485000,
      "gross_profit": 2908000,
      "operating_income": -8656000,
      "net_income": -10849000,
      "opex": 11564000,
      "cogs": 5577000,
      "rd": 4252000,
      "sga": null,
      "fcf": -2735000,
      "ocf": -2685000,
      "capex": -50000,
      "gross_margin": 0.3427224513847967,
      "op_margin": -1.0201532115497938,
      "fcf_margin": -0.3223335297583972,
      "fcf_margin_change": -0.3053473899766219
    },
    {
      "date": "2019-07-31T00:00:00",
      "quarter_label": "2019-07 (Q3)",
      "revenue": 18812000,
      "gross_profit": 10888000,
      "operating_income": -659000,
      "net_income": -174000,
      "opex": 11547000,
      "cogs": 7924000,
      "rd": 3775000,
      "sga": null,
      "fcf": -5456000,
      "ocf": -5353000,
      "capex": -103000,
      "gross_margin": 0.5787795024452477,
      "op_margin": -0.03503083138422284,
      "fcf_margin": -0.29002764193068253,
      "incr_op_margin_yoy": 1.1012878020546955,
      "rev_growth_yoy": 0.5807075035711284,
      "op_leverage_ratio": Infinity,
      "fcf_margin_change": 0.03230588782771465
    },
    {
      "date": "2019-10-31T00:00:00",
      "quarter_label": "2019-10 (Q4)",
      "revenue": 20544000,
      "gross_profit": 15692000,
      "operating_income": 2253000,
      "net_income": 2145000,
      "opex": 13439000,
      "cogs": 4852000,
      "rd": 4033000,
      "sga": null,
      "fcf": -5081000,
      "ocf": -4982000,
      "capex": -99000,
      "gross_margin": 0.7638239875389408,
      "op_margin": 0.10966705607476636,
      "fcf_margin": -0.24732281931464176,
      "incr_op_margin_yoy": 2.4666321779617175,
      "rev_growth_yoy": 0.10386330664660684,
      "rev_growth_yoy_accel": -0.4768441969245216,
      "op_leverage_ratio": 0.5619024831885006,
      "fcf_margin_change": 0.04270482261604078
    },
    {
      "date": "2020-01-31T00:00:00",
      "quarter_label": "2020-01 (Q1)",
      "revenue": 19313000,
      "gross_profit": 14014000,
      "operating_income": -1822000,
      "net_income": -43000,
      "opex": 15836000,
      "cogs": 5299000,
      "rd": 3990000,
      "sga": null,
      "fcf": -1803000,
      "ocf": -1774000,
      "capex": -29000,
      "gross_margin": 0.725625226531352,
      "op_margin": -0.09434059959612696,
      "fcf_margin": -0.09335680629627711,
      "incr_op_margin_yoy": 7.667514843087362,
      "rev_growth_yoy": 0.13907401946328515,
      "rev_growth_yoy_accel": 0.03521071281667831,
      "fcf_margin_change": 0.15396601301836466
    },
    {
      "date": "2020-04-30T00:00:00",
      "quarter_label": "2020-04 (Q2)",
      "revenue": 6915000,
      "gross_profit": 2509000,
      "operating_income": -6323000,
      "net_income": -6510000,
      "opex": 8832000,
      "cogs": 4406000,
      "rd": 4166000,
      "sga": null,
      "fcf": -4401000,
      "ocf": -4263000,
      "capex": -138000,
      "gross_margin": 0.3628344179320318,
      "op_margin": -0.9143890093998553,
      "fcf_margin": -0.6364425162689805,
      "incr_op_margin_yoy": -1.4859872611464968,
      "rev_growth_yoy": -0.1850324101355333,
      "rev_growth_yoy_accel": -0.3241064295988184,
      "fcf_margin_change": -0.5430857099727034
    },
    {
      "date": "2020-07-31T00:00:00",
      "quarter_label": "2020-07 (Q3)",
      "revenue": 4995000,
      "gross_profit": 1814000,
      "operating_income": -6184000,
      "net_income": -5766000,
      "opex": 7998000,
      "cogs": 3181000,
      "rd": 3360000,
      "sga": null,
      "fcf": -1347000,
      "ocf": -1283000,
      "capex": -64000,
      "gross_margin": 0.36316316316316316,
      "op_margin": -1.238038038038038,
      "fcf_margin": -0.26966966966966965,
      "incr_op_margin_yoy": 0.3998697257002244,
      "rev_growth_yoy": -0.734477992770572,
      "rev_growth_yoy_accel": -0.5494455826350387,
      "fcf_margin_change": 0.36677284659931086
    },
    {
      "date": "2020-10-31T00:00:00",
      "quarter_label": "2020-10 (Q4)",
      "revenue": 4966000,
      "gross_profit": 2776000,
      "operating_income": -4573000,
      "net_income": -5117000,
      "opex": 7349000,
      "cogs": 2190000,
      "rd": 3024000,
      "sga": null,
      "fcf": -3884000,
      "ocf": -3775000,
      "capex": -109000,
      "gross_margin": 0.5590012082158679,
      "op_margin": -0.9208618606524366,
      "fcf_margin": -0.7821184051550544,
      "incr_op_margin_yoy": 0.4381820516112466,
      "rev_growth_yoy": -0.7582749221183801,
      "rev_growth_yoy_accel": -0.023796929347808082,
      "fcf_margin_change": -0.5124487354853847
    },
    {
      "date": "2021-01-31T00:00:00",
      "quarter_label": "2021-01 (Q1)",
      "revenue": 5123000,
      "gross_profit": 2831000,
      "operating_income": -4441000,
      "net_income": -4366000,
      "opex": 7272000,
      "cogs": 2292000,
      "rd": 3258000,
      "sga": null,
      "fcf": -51000,
      "ocf": -34000,
      "capex": -17000,
      "gross_margin": 0.5526058949834082,
      "op_margin": -0.8668748780011711,
      "fcf_margin": -0.009955104430997463,
      "incr_op_margin_yoy": 0.18456659619450316,
      "rev_growth_yoy": -0.7347382592036452,
      "rev_growth_yoy_accel": 0.023536662914734885,
      "op_leverage_ratio": Infinity,
      "fcf_margin_change": 0.7721633007240569
    },
    {
      "date": "2021-04-30T00:00:00",
      "quarter_label": "2021-04 (Q2)",
      "revenue": 5052000,
      "gross_profit": 2831000,
      "operating_income": -3806000,
      "net_income": -4068000,
      "opex": 6637000,
      "cogs": 2221000,
      "rd": 2668000,
      "sga": null,
      "fcf": -1827000,
      "ocf": -1820000,
      "capex": -7000,
      "gross_margin": 0.5603721298495645,
      "op_margin": -0.7533650039588282,
      "fcf_margin": -0.36163895486935865,
      "incr_op_margin_yoy": -1.3510466988727858,
      "rev_growth_yoy": -0.26941431670281996,
      "rev_growth_yoy_accel": 0.46532394250082526,
      "fcf_margin_change": -0.3516838504383612
    },
    {
      "date": "2021-07-31T00:00:00",
      "quarter_label": "2021-07 (Q3)",
      "revenue": 6540000,
      "gross_profit": 4117000,
      "operating_income": -2508000,
      "net_income": 227000,
      "opex": 6625000,
      "cogs": 2423000,
      "rd": 2213000,
      "sga": null,
      "fcf": -2583000,
      "ocf": -2513000,
      "capex": -70000,
      "gross_margin": 0.6295107033639143,
      "op_margin": -0.3834862385321101,
      "fcf_margin": -0.394954128440367,
      "incr_op_margin_yoy": 2.379288025889968,
      "rev_growth_yoy": 0.30930930930930933,
      "rev_growth_yoy_accel": 0.5787236260121293,
      "op_leverage_ratio": Infinity,
      "fcf_margin_change": -0.03331517357100833
    },
    {
      "date": "2021-10-31T00:00:00",
      "quarter_label": "2021-10 (Q4)",
      "revenue": 7151000,
      "gross_profit": 3712000,
      "operating_income": -2012000,
      "net_income": -2105000,
      "opex": 5724000,
      "cogs": 3439000,
      "rd": 2090000,
      "sga": null,
      "fcf": -1168000,
      "ocf": -1167000,
      "capex": -1000,
      "gross_margin": 0.5190882394070759,
      "op_margin": -0.2813592504544819,
      "fcf_margin": -0.1633337994686058,
      "incr_op_margin_yoy": 1.1720823798627003,
      "rev_growth_yoy": 0.4399919452275473,
      "rev_growth_yoy_accel": 0.13068263591823798,
      "op_leverage_ratio": Infinity,
      "fcf_margin_change": 0.23162032897176119
    },
    {
      "date": "2022-01-31T00:00:00",
      "quarter_label": "2022-01 (Q1)",
      "revenue": 8567000,
      "gross_profit": 5691000,
      "operating_income": -1080000,
      "net_income": -1484000,
      "opex": 6771000,
      "cogs": 2876000,
      "rd": 1939000,
      "sga": null,
      "fcf": 185000,
      "ocf": 753000,
      "capex": -568000,
      "gross_margin": 0.6642932181627174,
      "op_margin": -0.12606513365238706,
      "fcf_margin": 0.021594490486751487,
      "incr_op_margin_yoy": 0.9759001161440186,
      "rev_growth_yoy": 0.6722623462814757,
      "rev_growth_yoy_accel": 0.23227040105392843,
      "op_leverage_ratio": 1.082553625256892,
      "fcf_margin_change": 0.1849282899553573
    },
    {
      "date": "2022-04-30T00:00:00",
      "quarter_label": "2022-04 (Q2)",
      "revenue": 6723000,
      "gross_profit": 3220000,
      "operating_income": -2736000,
      "net_income": -2996000,
      "opex": 5956000,
      "cogs": 3503000,
      "rd": 1707000,
      "sga": null,
      "fcf": -758000,
      "ocf": -743000,
      "capex": -15000,
      "gross_margin": 0.4789528484307601,
      "op_margin": -0.4069611780455154,
      "fcf_margin": -0.11274728543804849,
      "incr_op_margin_yoy": 0.6403351286654698,
      "rev_growth_yoy": 0.3307600950118765,
      "rev_growth_yoy_accel": -0.34150225126959927,
      "fcf_margin_change": -0.13434177592479998
    },
    {
      "date": "2022-07-31T00:00:00",
      "quarter_label": "2022-07 (Q3)",
      "revenue": 7324000,
      "gross_profit": 4759000,
      "operating_income": -6492000,
      "net_income": -6451000,
      "opex": 11251000,
      "cogs": 2565000,
      "rd": 1956000,
      "sga": null,
      "fcf": -1864000,
      "ocf": -1859000,
      "capex": -5000,
      "gross_margin": 0.649781540141999,
      "op_margin": -0.886400873839432,
      "fcf_margin": -0.2545057345712725,
      "rev_growth_yoy": 0.1198776758409786,
      "rev_growth_yoy_accel": -0.2108824191708979,
      "op_leverage_ratio": 0.10055416995509756,
      "fcf_margin_change": -0.14175844913322402
    },
    {
      "date": "2022-10-31T00:00:00",
      "quarter_label": "2022-10 (Q4)",
      "revenue": 8288000,
      "gross_profit": 5155000,
      "operating_income": -3667000,
      "net_income": -3684000,
      "opex": 8822000,
      "cogs": 3133000,
      "rd": 2012000,
      "sga": null,
      "fcf": 378000,
      "ocf": 482000,
      "capex": -104000,
      "gross_margin": 0.6219835907335908,
      "op_margin": -0.4424469111969112,
      "fcf_margin": 0.04560810810810811,
      "incr_op_margin_yoy": -1.455584872471416,
      "rev_growth_yoy": 0.15899874143476436,
      "rev_growth_yoy_accel": 0.03912106559378577,
      "op_leverage_ratio": Infinity,
      "fcf_margin_change": 0.3001138426793806
    },
    {
      "date": "2023-01-31T00:00:00",
      "quarter_label": "2023-01 (Q1)",
      "revenue": 10158000,
      "gross_profit": 7393000,
      "operating_income": 1240000,
      "net_income": 1727000,
      "opex": 6153000,
      "cogs": 2765000,
      "rd": 2312000,
      "sga": null,
      "fcf": 154000,
      "ocf": 100000,
      "capex": 54000,
      "gross_margin": 0.7278007481787754,
      "op_margin": 0.12207127387280961,
      "fcf_margin": 0.015160464658397323,
      "incr_op_margin_yoy": 1.4582023884349467,
      "rev_growth_yoy": 0.1857126181860628,
      "rev_growth_yoy_accel": 0.026713876751298438,
      "op_leverage_ratio": Infinity,
      "fcf_margin_change": -0.030447643449710786
    },
    {
      "date": "2023-04-30T00:00:00",
      "quarter_label": "2023-04 (Q2)",
      "revenue": 6992000,
      "gross_profit": 4153000,
      "operating_income": -806000,
      "net_income": -714000,
      "opex": 4959000,
      "cogs": 2839000,
      "rd": 1797000,
      "sga": null,
      "fcf": 579000,
      "ocf": 579000,
      "capex": null,
      "gross_margin": 0.5939645308924485,
      "op_margin": -0.1152745995423341,
      "fcf_margin": 0.08280892448512586,
      "rev_growth_yoy": 0.04001189944965045,
      "rev_growth_yoy_accel": -0.14570071873641235,
      "fcf_margin_change": 0.06764845982672854
    }
  ],
  "signals": [
    {
      "quarter": "2023-04 (Q2)",
      "signal": "FCF MARGIN EXPANSION",
      "detail": "FCF margin: +1.5% -> +8.3% (+6.8%)",
      "severity": "MEDIUM"
    },
    {
      "quarter": "2023-04 (Q2)",
      "signal": "YoY REVENUE GROWTH DECELERATION",
      "detail": "YoY growth: +4.0% vs prior quarter YoY: +18.6% (decel: -14.6%)",
      "severity": "WARNING"
    },
    {
      "quarter": "2023-01 (Q1)",
      "signal": "GROSS MARGIN INFLECTION",
      "detail": "GM: +65.0% -> +62.2% -> +72.8% (reversal +10.6%)",
      "severity": "HIGH"
    },
    {
      "quarter": "2023-01 (Q1)",
      "signal": "OP MARGIN TURNED POSITIVE (YoY)",
      "detail": "Op margin: -12.6% (year-ago) -> +12.2%",
      "severity": "HIGH"
    },
    {
      "quarter": "2023-01 (Q1)",
      "signal": "OP MARGIN TURNED POSITIVE (QoQ)",
      "detail": "Op margin: -44.2% -> +12.2%",
      "severity": "HIGH"
    },
    {
      "quarter": "2022-10 (Q4)",
      "signal": "FCF TURNED POSITIVE",
      "detail": "FCF margin: -25.5% -> +4.6%",
      "severity": "HIGH"
    },
    {
      "quarter": "2022-07 (Q3)",
      "signal": "GROSS MARGIN INFLECTION",
      "detail": "GM: +66.4% -> +47.9% -> +65.0% (reversal +17.1%)",
      "severity": "HIGH"
    },
    {
      "quarter": "2022-07 (Q3)",
      "signal": "YoY REVENUE GROWTH DECELERATION",
      "detail": "YoY growth: +12.0% vs prior quarter YoY: +33.1% (decel: -21.1%)",
      "severity": "WARNING"
    },
    {
      "quarter": "2022-04 (Q2)",
      "signal": "YoY REVENUE GROWTH DECELERATION",
      "detail": "YoY growth: +33.1% vs prior quarter YoY: +67.2% (decel: -34.2%)",
      "severity": "WARNING"
    },
    {
      "quarter": "2022-01 (Q1)",
      "signal": "FCF TURNED POSITIVE",
      "detail": "FCF margin: -16.3% -> +2.2%",
      "severity": "HIGH"
    },
    {
      "quarter": "2022-01 (Q1)",
      "signal": "GROSS MARGIN INFLECTION",
      "detail": "GM: +63.0% -> +51.9% -> +66.4% (reversal +14.5%)",
      "severity": "HIGH"
    },
    {
      "quarter": "2022-01 (Q1)",
      "signal": "YoY REVENUE GROWTH ACCELERATION",
      "detail": "YoY growth: +67.2% vs prior quarter YoY: +44.0% (accel: +23.2%)",
      "severity": "HIGH"
    },
    {
      "quarter": "2021-10 (Q4)",
      "signal": "FCF MARGIN EXPANSION",
      "detail": "FCF margin: -39.5% -> -16.3% (+23.2%)",
      "severity": "MEDIUM"
    },
    {
      "quarter": "2021-10 (Q4)",
      "signal": "YoY REVENUE GROWTH ACCELERATION",
      "detail": "YoY growth: +44.0% vs prior quarter YoY: +30.9% (accel: +13.1%)",
      "severity": "MEDIUM"
    },
    {
      "quarter": "2021-07 (Q3)",
      "signal": "YoY REVENUE GROWTH ACCELERATION",
      "detail": "YoY growth: +30.9% vs prior quarter YoY: -26.9% (accel: +57.9%)",
      "severity": "HIGH"
    },
    {
      "quarter": "2021-04 (Q2)",
      "signal": "YoY REVENUE GROWTH ACCELERATION",
      "detail": "YoY growth: -26.9% vs prior quarter YoY: -73.5% (accel: +46.5%)",
      "severity": "HIGH"
    },
    {
      "quarter": "2021-01 (Q1)",
      "signal": "FCF MARGIN EXPANSION",
      "detail": "FCF margin: -78.2% -> -1.0% (+77.2%)",
      "severity": "MEDIUM"
    },
    {
      "quarter": "2020-07 (Q3)",
      "signal": "FCF MARGIN EXPANSION",
      "detail": "FCF margin: -63.6% -> -27.0% (+36.7%)",
      "severity": "MEDIUM"
    },
    {
      "quarter": "2020-07 (Q3)",
      "signal": "YoY REVENUE GROWTH DECELERATION",
      "detail": "YoY growth: -73.4% vs prior quarter YoY: -18.5% (decel: -54.9%)",
      "severity": "WARNING"
    },
    {
      "quarter": "2020-04 (Q2)",
      "signal": "YoY REVENUE GROWTH DECELERATION",
      "detail": "YoY growth: -18.5% vs prior quarter YoY: +13.9% (decel: -32.4%)",
      "severity": "WARNING"
    },
    {
      "quarter": "2020-01 (Q1)",
      "signal": "FCF MARGIN EXPANSION",
      "detail": "FCF margin: -24.7% -> -9.3% (+15.4%)",
      "severity": "MEDIUM"
    },
    {
      "quarter": "2019-10 (Q4)",
      "signal": "YoY REVENUE GROWTH DECELERATION",
      "detail": "YoY growth: +10.4% vs prior quarter YoY: +58.1% (decel: -47.7%)",
      "severity": "WARNING"
    },
    {
      "quarter": "2019-10 (Q4)",
      "signal": "OP MARGIN TURNED POSITIVE (YoY)",
      "detail": "Op margin: -13.5% (year-ago) -> +11.0%",
      "severity": "HIGH"
    },
    {
      "quarter": "2019-10 (Q4)",
      "signal": "OP MARGIN TURNED POSITIVE (QoQ)",
      "detail": "Op margin: -3.5% -> +11.0%",
      "severity": "HIGH"
    },
    {
      "quarter": "2019-07 (Q3)",
      "signal": "GROSS MARGIN INFLECTION",
      "detail": "GM: +64.0% -> +34.3% -> +57.9% (reversal +23.6%)",
      "severity": "HIGH"
    },
    {
      "quarter": "2019-01 (Q1)",
      "signal": "FCF MARGIN EXPANSION",
      "detail": "FCF margin: -17.9% -> -1.7% (+16.2%)",
      "severity": "MEDIUM"
    },
    {
      "quarter": "2018-10 (Q4)",
      "signal": "FCF MARGIN EXPANSION",
      "detail": "FCF margin: -124.4% -> -17.9% (+106.5%)",
      "severity": "MEDIUM"
    }
  ],
  "data_quality": {
    "n_quarters": 20,
    "coverage": {
      "revenue": [
        20,
        20
      ],
      "gross_profit": [
        20,
        20
      ],
      "op_income": [
        20,
        20
      ],
      "fcf": [
        20,
        20
      ]
    },
    "gaps": [],
    "warnings": []
  },
  "market_cap": null,
  "source": "SEC EDGAR",
  "last_updated": "2026-02-03T01:02:03.966671"
}