{
  "ticker": "SEB",
  "name": "SEABOARD CORPORATION",
  "sector": "Industrials",
  "industry": "Conglomerates",
  "quarters": [
    {
      "date": "2021-04-03T00:00:00",
      "quarter_label": "2021-04 (Q2)",
      "revenue": 2059000000,
      "gross_profit": 178000000,
      "operating_income": 92000000,
      "net_income": null,
      "opex": 86000000,
      "cogs": 1881000000,
      "rd": null,
      "sga": 86000000,
      "fcf": -246000000,
      "ocf": -150000000,
      "capex": -96000000,
      "gross_margin": 0.08644973288003885,
      "op_margin": 0.044681884409907724,
      "fcf_margin": -0.11947547353084022
    },
    {
      "date": "2021-07-03T00:00:00",
      "quarter_label": "2021-07 (Q3)",
      "revenue": 2430000000,
      "gross_profit": 253000000,
      "operating_income": 165000000,
      "net_income": null,
      "opex": 88000000,
      "cogs": 2177000000,
      "rd": null,
      "sga": 88000000,
      "fcf": -45000000,
      "ocf": 82000000,
      "capex": -127000000,
      "gross_margin": 0.10411522633744856,
      "op_margin": 0.06790123456790123,
      "fcf_margin": -0.018518518518518517,
      "op_leverage_ratio": 7.747935891209325,
      "fcf_margin_change": 0.1009569550123217
    },
    {
      "date": "2021-10-02T00:00:00",
      "quarter_label": "2021-10 (Q4)",
      "revenue": 2276000000,
      "gross_profit": 200000000,
      "operating_income": 112000000,
      "net_income": null,
      "opex": 88000000,
      "cogs": 2076000000,
      "rd": null,
      "sga": 88000000,
      "fcf": 63000000,
      "ocf": 164000000,
      "capex": -101000000,
      "gross_margin": 0.08787346221441125,
      "op_margin": 0.0492091388400703,
      "fcf_margin": 0.027680140597539545,
      "fcf_margin_change": 0.04619865911605806
    },
    {
      "date": "2021-12-31T00:00:00",
      "quarter_label": "2021-12 (Q4)",
      "revenue": 2464000000,
      "gross_profit": 187000000,
      "operating_income": 89000000,
      "net_income": null,
      "opex": 98000000,
      "cogs": 2277000000,
      "rd": null,
      "sga": 98000000,
      "fcf": -140000000,
      "ocf": -4000000,
      "capex": -136000000,
      "gross_margin": 0.07589285714285714,
      "op_margin": 0.03612012987012987,
      "fcf_margin": -0.056818181818181816,
      "op_leverage_ratio": 0.7268892794376098,
      "fcf_margin_change": -0.08449832241572136
    },
    {
      "date": "2022-04-02T00:00:00",
      "quarter_label": "2022-04 (Q2)",
      "revenue": 2709000000,
      "gross_profit": 236000000,
      "operating_income": 146000000,
      "net_income": null,
      "opex": 90000000,
      "cogs": 2473000000,
      "rd": null,
      "sga": 90000000,
      "fcf": -55000000,
      "ocf": 106000000,
      "capex": -161000000,
      "gross_margin": 0.08711701734957548,
      "op_margin": 0.05389442598744924,
      "fcf_margin": -0.020302694721299374,
      "incr_op_margin_yoy": 0.08307692307692308,
      "rev_growth_yoy": 0.31568722680913064,
      "op_leverage_ratio": null,
      "fcf_margin_change": 0.036515487096882446
    },
    {
      "date": "2022-07-02T00:00:00",
      "quarter_label": "2022-07 (Q3)",
      "revenue": 2973000000,
      "gross_profit": 281000000,
      "operating_income": 192000000,
      "net_income": null,
      "opex": 89000000,
      "cogs": 2692000000,
      "rd": null,
      "sga": 89000000,
      "fcf": -101000000,
      "ocf": 11000000,
      "capex": -112000000,
      "gross_margin": 0.09451732256979482,
      "op_margin": 0.06458123107971746,
      "fcf_margin": -0.0339724184325597,
      "incr_op_margin_yoy": 0.049723756906077346,
      "rev_growth_yoy": 0.2234567901234568,
      "rev_growth_yoy_accel": -0.09223043668567385,
      "op_leverage_ratio": null,
      "fcf_margin_change": -0.013669723711260327
    },
    {
      "date": "2022-10-01T00:00:00",
      "quarter_label": "2022-10 (Q4)",
      "revenue": 2895000000,
      "gross_profit": 247000000,
      "operating_income": 155000000,
      "net_income": null,
      "opex": 92000000,
      "cogs": 2648000000,
      "rd": null,
      "sga": 92000000,
      "fcf": 166000000,
      "ocf": 260000000,
      "capex": -94000000,
      "gross_margin": 0.08531951640759931,
      "op_margin": 0.0535405872193437,
      "fcf_margin": 0.05734024179620035,
      "incr_op_margin_yoy": 0.06946688206785137,
      "rev_growth_yoy": 0.2719683655536028,
      "rev_growth_yoy_accel": 0.04851157543014603,
      "fcf_margin_change": 0.09131266022876006
    },
    {
      "date": "2022-12-31T00:00:00",
      "quarter_label": "2022-12 (Q4)",
      "revenue": 2666000000,
      "gross_profit": 266000000,
      "operating_income": 164000000,
      "net_income": null,
      "opex": 102000000,
      "cogs": 2400000000,
      "rd": null,
      "sga": 102000000,
      "fcf": 192000000,
      "ocf": 299000000,
      "capex": -107000000,
      "gross_margin": 0.09977494373593399,
      "op_margin": 0.06151537884471118,
      "fcf_margin": 0.07201800450112528,
      "incr_op_margin_yoy": 0.3712871287128713,
      "rev_growth_yoy": 0.08198051948051949,
      "rev_growth_yoy_accel": -0.18998784607308333,
      "fcf_margin_change": 0.014677762704924928
    },
    {
      "date": "2023-04-01T00:00:00",
      "quarter_label": "2023-04 (Q2)",
      "revenue": 2499000000,
      "gross_profit": 34000000,
      "operating_income": -63000000,
      "net_income": null,
      "opex": 97000000,
      "cogs": 2465000000,
      "rd": null,
      "sga": 97000000,
      "fcf": -18000000,
      "ocf": 93000000,
      "capex": -111000000,
      "gross_margin": 0.013605442176870748,
      "op_margin": -0.025210084033613446,
      "fcf_margin": -0.007202881152460984,
      "incr_op_margin_yoy": 0.9952380952380953,
      "rev_growth_yoy": -0.07751937984496124,
      "rev_growth_yoy_accel": -0.15949989932548073,
      "fcf_margin_change": -0.07922088565358626
    },
    {
      "date": "2023-07-01T00:00:00",
      "quarter_label": "2023-07 (Q3)",
      "revenue": 2393000000,
      "gross_profit": 96000000,
      "operating_income": -4000000,
      "net_income": null,
      "opex": 100000000,
      "cogs": 2297000000,
      "rd": null,
      "sga": 100000000,
      "fcf": 3000000,
      "ocf": 111000000,
      "capex": -108000000,
      "gross_margin": 0.040117007939824485,
      "op_margin": -0.001671541997492687,
      "fcf_margin": 0.0012536564981195152,
      "incr_op_margin_yoy": 0.33793103448275863,
      "rev_growth_yoy": -0.19508913555331314,
      "rev_growth_yoy_accel": -0.1175697557083519,
      "fcf_margin_change": 0.0084565376505805
    },
    {
      "date": "2023-09-30T00:00:00",
      "quarter_label": "2023-09 (Q3)",
      "revenue": 2388000000,
      "gross_profit": 165000000,
      "operating_income": 67000000,
      "net_income": null,
      "opex": 98000000,
      "cogs": 2223000000,
      "rd": null,
      "sga": 98000000,
      "fcf": 252000000,
      "ocf": 377000000,
      "capex": -125000000,
      "gross_margin": 0.06909547738693467,
      "op_margin": 0.028056951423785594,
      "fcf_margin": 0.10552763819095477,
      "incr_op_margin_yoy": 0.17357001972386588,
      "rev_growth_yoy": -0.17512953367875647,
      "rev_growth_yoy_accel": 0.01995960187455667,
      "fcf_margin_change": 0.10427398169283526
    },
    {
      "date": "2023-12-31T00:00:00",
      "quarter_label": "2023-12 (Q4)",
      "revenue": 2282000000,
      "gross_profit": 21000000,
      "operating_income": null,
      "net_income": null,
      "opex": null,
      "cogs": 2261000000,
      "rd": null,
      "sga": 108000000,
      "fcf": -33000000,
      "ocf": 129000000,
      "capex": -162000000,
      "gross_margin": 0.009202453987730062,
      "op_margin": null,
      "fcf_margin": -0.014460999123575811,
      "rev_growth_yoy": -0.14403600900225055,
      "rev_growth_yoy_accel": 0.031093524676505918,
      "fcf_margin_change": -0.11998863731453058
    },
    {
      "date": "2024-03-30T00:00:00",
      "quarter_label": "2024-03 (Q1)",
      "revenue": 2191000000,
      "gross_profit": 87000000,
      "operating_income": -20000000,
      "net_income": null,
      "opex": 107000000,
      "cogs": 2104000000,
      "rd": null,
      "sga": 107000000,
      "fcf": -85000000,
      "ocf": 19000000,
      "capex": -104000000,
      "gross_margin": 0.03970789593792789,
      "op_margin": -0.009128251939753538,
      "fcf_margin": -0.03879507074395253,
      "incr_op_margin_yoy": -0.1396103896103896,
      "rev_growth_yoy": -0.12324929971988796,
      "rev_growth_yoy_accel": 0.020786709282362592,
      "fcf_margin_change": -0.02433407162037672
    },
    {
      "date": "2024-06-29T00:00:00",
      "quarter_label": "2024-06 (Q2)",
      "revenue": 2209000000,
      "gross_profit": 129000000,
      "operating_income": 30000000,
      "net_income": null,
      "opex": 99000000,
      "cogs": 2080000000,
      "rd": null,
      "sga": 99000000,
      "fcf": -127000000,
      "ocf": 6000000,
      "capex": -133000000,
      "gross_margin": 0.058397464916251696,
      "op_margin": 0.013580805794477138,
      "fcf_margin": -0.057492077863286556,
      "incr_op_margin_yoy": -0.18478260869565216,
      "rev_growth_yoy": -0.0768909318846636,
      "rev_growth_yoy_accel": 0.04635836783522436,
      "fcf_margin_change": -0.018697007119334023
    },
    {
      "date": "2024-09-28T00:00:00",
      "quarter_label": "2024-09 (Q3)",
      "revenue": 2218000000,
      "gross_profit": 137000000,
      "operating_income": 32000000,
      "net_income": null,
      "opex": 105000000,
      "cogs": 2081000000,
      "rd": null,
      "sga": 105000000,
      "fcf": 58000000,
      "ocf": 194000000,
      "capex": -136000000,
      "gross_margin": 0.06176735798016231,
      "op_margin": 0.014427412082957619,
      "fcf_margin": 0.026149684400360685,
      "incr_op_margin_yoy": 0.20588235294117646,
      "rev_growth_yoy": -0.0711892797319933,
      "rev_growth_yoy_accel": 0.0057016521526703084,
      "fcf_margin_change": 0.08364176226364724
    },
    {
      "date": "2024-12-31T00:00:00",
      "quarter_label": "2024-12 (Q4)",
      "revenue": 2482000000,
      "gross_profit": 223000000,
      "operating_income": 114000000,
      "net_income": null,
      "opex": 109000000,
      "cogs": 2259000000,
      "rd": null,
      "sga": 109000000,
      "fcf": 162000000,
      "ocf": 300000000,
      "capex": -138000000,
      "gross_margin": 0.08984689766317486,
      "op_margin": 0.04593070104754231,
      "fcf_margin": 0.0652699435938759,
      "rev_growth_yoy": 0.0876424189307625,
      "rev_growth_yoy_accel": 0.1588316986627558,
      "op_leverage_ratio": 3.1244364292155096,
      "fcf_margin_change": 0.03912025919351522
    },
    {
      "date": "2025-03-29T00:00:00",
      "quarter_label": "2025-03 (Q1)",
      "revenue": 2316000000,
      "gross_profit": 142000000,
      "operating_income": 38000000,
      "net_income": null,
      "opex": 104000000,
      "cogs": 2174000000,
      "rd": null,
      "sga": 104000000,
      "fcf": -129000000,
      "ocf": -20000000,
      "capex": -109000000,
      "gross_margin": 0.0613126079447323,
      "op_margin": 0.016407599309153715,
      "fcf_margin": -0.05569948186528497,
      "incr_op_margin_yoy": 0.464,
      "rev_growth_yoy": 0.057051574623459604,
      "rev_growth_yoy_accel": -0.03059084430730289,
      "fcf_margin_change": -0.12096942545916087
    },
    {
      "date": "2025-06-28T00:00:00",
      "quarter_label": "2025-06 (Q2)",
      "revenue": 2480000000,
      "gross_profit": 162000000,
      "operating_income": 52000000,
      "net_income": null,
      "opex": 110000000,
      "cogs": 2318000000,
      "rd": null,
      "sga": 110000000,
      "fcf": -70000000,
      "ocf": 81000000,
      "capex": -151000000,
      "gross_margin": 0.06532258064516129,
      "op_margin": 0.020967741935483872,
      "fcf_margin": -0.028225806451612902,
      "incr_op_margin_yoy": 0.08118081180811808,
      "rev_growth_yoy": 0.12267994567677683,
      "rev_growth_yoy_accel": 0.06562837105331723,
      "op_leverage_ratio": 1.2274035693724812,
      "fcf_margin_change": 0.02747367541367207
    },
    {
      "date": "2025-09-27T00:00:00",
      "quarter_label": "2025-09 (Q3)",
      "revenue": 2540000000,
      "gross_profit": 198000000,
      "operating_income": 84000000,
      "net_income": null,
      "opex": 114000000,
      "cogs": 2342000000,
      "rd": null,
      "sga": 114000000,
      "fcf": 152000000,
      "ocf": 319000000,
      "capex": -167000000,
      "gross_margin": 0.07795275590551182,
      "op_margin": 0.03307086614173228,
      "fcf_margin": 0.05984251968503937,
      "incr_op_margin_yoy": 0.16149068322981366,
      "rev_growth_yoy": 0.14517583408476104,
      "rev_growth_yoy_accel": 0.022495888407984208,
      "op_leverage_ratio": 0.6653225806451613,
      "fcf_margin_change": 0.08806832613665228
    },
    {
      "date": "2025-12-31T00:00:00",
      "quarter_label": "2025-12 (Q4)",
      "revenue": 2410000000,
      "gross_profit": 191000000,
      "operating_income": 65000000,
      "net_income": null,
      "opex": 126000000,
      "cogs": 2219000000,
      "rd": null,
      "sga": 126000000,
      "fcf": 53000000,
      "ocf": 188000000,
      "capex": -135000000,
      "gross_margin": 0.07925311203319502,
      "op_margin": 0.026970954356846474,
      "fcf_margin": 0.02199170124481328,
      "incr_op_margin_yoy": 0.6805555555555556,
      "rev_growth_yoy": -0.029008863819500404,
      "rev_growth_yoy_accel": -0.17418469790426144,
      "fcf_margin_change": -0.037850818440226086
    }
  ],
  "signals": [
    {
      "quarter": "2025-12 (Q4)",
      "signal": "YoY REVENUE GROWTH DECELERATION",
      "detail": "YoY growth: -2.9% vs prior quarter YoY: +14.5% (decel: -17.4%)",
      "severity": "WARNING"
    },
    {
      "quarter": "2025-12 (Q4)",
      "signal": "INCREMENTAL MARGIN (YoY)",
      "detail": "YoY Incr OPM: +68.1% vs year-ago OPM: +4.6%",
      "severity": "HIGH"
    },
    {
      "quarter": "2025-09 (Q3)",
      "signal": "FCF TURNED POSITIVE",
      "detail": "FCF margin: -2.8% -> +6.0%",
      "severity": "HIGH"
    },
    {
      "quarter": "2025-09 (Q3)",
      "signal": "INCREMENTAL MARGIN (YoY)",
      "detail": "YoY Incr OPM: +16.1% vs year-ago OPM: +1.4%",
      "severity": "MEDIUM"
    },
    {
      "quarter": "2025-06 (Q2)",
      "signal": "YoY REVENUE GROWTH ACCELERATION",
      "detail": "YoY growth: +12.3% vs prior quarter YoY: +5.7% (accel: +6.6%)",
      "severity": "MEDIUM"
    },
    {
      "quarter": "2025-03 (Q1)",
      "signal": "OP MARGIN TURNED POSITIVE (YoY)",
      "detail": "Op margin: -0.9% (year-ago) -> +1.6%",
      "severity": "HIGH"
    },
    {
      "quarter": "2024-12 (Q4)",
      "signal": "OPERATING LEVERAGE",
      "detail": "Rev growth +11.9% vs OpEx growth +3.8% (leverage: 3.1x)",
      "severity": "MEDIUM"
    },
    {
      "quarter": "2024-12 (Q4)",
      "signal": "YoY REVENUE GROWTH ACCELERATION",
      "detail": "YoY growth: +8.8% vs prior quarter YoY: -7.1% (accel: +15.9%)",
      "severity": "HIGH"
    },
    {
      "quarter": "2024-09 (Q3)",
      "signal": "FCF TURNED POSITIVE",
      "detail": "FCF margin: -5.7% -> +2.6%",
      "severity": "HIGH"
    },
    {
      "quarter": "2024-09 (Q3)",
      "signal": "INCREMENTAL MARGIN (YoY)",
      "detail": "YoY Incr OPM: +20.6% vs year-ago OPM: +2.8%",
      "severity": "MEDIUM"
    },
    {
      "quarter": "2024-06 (Q2)",
      "signal": "OP MARGIN TURNED POSITIVE (YoY)",
      "detail": "Op margin: -0.2% (year-ago) -> +1.4%",
      "severity": "HIGH"
    },
    {
      "quarter": "2024-06 (Q2)",
      "signal": "OP MARGIN TURNED POSITIVE (QoQ)",
      "detail": "Op margin: -0.9% -> +1.4%",
      "severity": "HIGH"
    },
    {
      "quarter": "2024-03 (Q1)",
      "signal": "GROSS MARGIN INFLECTION",
      "detail": "GM: +6.9% -> +0.9% -> +4.0% (reversal +3.1%)",
      "severity": "MEDIUM"
    },
    {
      "quarter": "2023-09 (Q3)",
      "signal": "FCF MARGIN EXPANSION",
      "detail": "FCF margin: +0.1% -> +10.6% (+10.4%)",
      "severity": "MEDIUM"
    },
    {
      "quarter": "2023-09 (Q3)",
      "signal": "INCREMENTAL MARGIN (YoY)",
      "detail": "YoY Incr OPM: +17.4% vs year-ago OPM: +5.4%",
      "severity": "MEDIUM"
    },
    {
      "quarter": "2023-09 (Q3)",
      "signal": "OP MARGIN TURNED POSITIVE (QoQ)",
      "detail": "Op margin: -0.2% -> +2.8%",
      "severity": "HIGH"
    },
    {
      "quarter": "2023-07 (Q3)",
      "signal": "FCF TURNED POSITIVE",
      "detail": "FCF margin: -0.7% -> +0.1%",
      "severity": "HIGH"
    },
    {
      "quarter": "2023-07 (Q3)",
      "signal": "GROSS MARGIN INFLECTION",
      "detail": "GM: +10.0% -> +1.4% -> +4.0% (reversal +2.7%)",
      "severity": "MEDIUM"
    },
    {
      "quarter": "2023-07 (Q3)",
      "signal": "YoY REVENUE GROWTH DECELERATION",
      "detail": "YoY growth: -19.5% vs prior quarter YoY: -7.8% (decel: -11.8%)",
      "severity": "WARNING"
    },
    {
      "quarter": "2023-04 (Q2)",
      "signal": "YoY REVENUE GROWTH DECELERATION",
      "detail": "YoY growth: -7.8% vs prior quarter YoY: +8.2% (decel: -15.9%)",
      "severity": "WARNING"
    },
    {
      "quarter": "2022-12 (Q4)",
      "signal": "YoY REVENUE GROWTH DECELERATION",
      "detail": "YoY growth: +8.2% vs prior quarter YoY: +27.2% (decel: -19.0%)",
      "severity": "WARNING"
    },
    {
      "quarter": "2022-12 (Q4)",
      "signal": "INCREMENTAL MARGIN (YoY)",
      "detail": "YoY Incr OPM: +37.1% vs year-ago OPM: +3.6%",
      "severity": "HIGH"
    },
    {
      "quarter": "2022-10 (Q4)",
      "signal": "FCF TURNED POSITIVE",
      "detail": "FCF margin: -3.4% -> +5.7%",
      "severity": "HIGH"
    },
    {
      "quarter": "2022-07 (Q3)",
      "signal": "YoY REVENUE GROWTH DECELERATION",
      "detail": "YoY growth: +22.3% vs prior quarter YoY: +31.6% (decel: -9.2%)",
      "severity": "WARNING"
    },
    {
      "quarter": "2021-10 (Q4)",
      "signal": "FCF TURNED POSITIVE",
      "detail": "FCF margin: -1.9% -> +2.8%",
      "severity": "HIGH"
    },
    {
      "quarter": "2021-07 (Q3)",
      "signal": "FCF MARGIN EXPANSION",
      "detail": "FCF margin: -11.9% -> -1.9% (+10.1%)",
      "severity": "MEDIUM"
    },
    {
      "quarter": "2021-07 (Q3)",
      "signal": "OPERATING LEVERAGE",
      "detail": "Rev growth +18.0% vs OpEx growth +2.3% (leverage: 7.7x)",
      "severity": "MEDIUM"
    }
  ],
  "data_quality": {
    "n_quarters": 20,
    "coverage": {
      "revenue": [
        20,
        20
      ],
      "gross_profit": [
        20,
        20
      ],
      "op_income": [
        19,
        20
      ],
      "fcf": [
        20,
        20
      ]
    },
    "gaps": [],
    "warnings": []
  },
  "market_cap": null,
  "source": "SEC EDGAR",
  "last_updated": "2026-02-13T11:38:36.084313"
}