{
  "ticker": "SEDG",
  "name": "SOLAREDGE TECHNOLOGIES, INC.",
  "quarters": [
    {
      "date": "2020-12-31T00:00:00",
      "quarter_label": "2020-12 (Q4)",
      "revenue": 358107000,
      "gross_profit": 110325000,
      "operating_income": 14427000,
      "net_income": 17655000,
      "opex": 95898000,
      "cogs": 247782000,
      "rd": 47513000,
      "sga": null,
      "fcf": -9011000,
      "ocf": 27226000,
      "capex": -36237000,
      "gross_margin": 0.3080783117894931,
      "op_margin": 0.04028684164230244,
      "fcf_margin": -0.025162870315296824
    },
    {
      "date": "2021-03-31T00:00:00",
      "quarter_label": "2021-03 (Q1)",
      "revenue": 405489000,
      "gross_profit": 140074000,
      "operating_income": 44128000,
      "net_income": 30076000,
      "opex": 95946000,
      "cogs": 265415000,
      "rd": 46977000,
      "sga": null,
      "fcf": -462000,
      "ocf": 24083000,
      "capex": -24545000,
      "gross_margin": 0.345444635982727,
      "op_margin": 0.10882662661625839,
      "fcf_margin": -0.001139365062924025,
      "op_leverage_ratio": Infinity,
      "fcf_margin_change": 0.0240235052523728
    },
    {
      "date": "2021-06-30T00:00:00",
      "quarter_label": "2021-06 (Q2)",
      "revenue": 480057000,
      "gross_profit": 156192000,
      "operating_income": 55559000,
      "net_income": 45092000,
      "opex": 100633000,
      "cogs": 323865000,
      "rd": 52664000,
      "sga": null,
      "fcf": -2037000,
      "ocf": 38685000,
      "capex": -40722000,
      "gross_margin": 0.3253613633381036,
      "op_margin": 0.11573417323359518,
      "fcf_margin": -0.0042432461145239,
      "op_leverage_ratio": 3.7644829789713747,
      "fcf_margin_change": -0.0031038810515998747
    },
    {
      "date": "2021-09-30T00:00:00",
      "quarter_label": "2021-09 (Q3)",
      "revenue": 526404000,
      "gross_profit": 172561000,
      "operating_income": 66414000,
      "net_income": 53048000,
      "opex": 106147000,
      "cogs": 353843000,
      "rd": 55666000,
      "sga": null,
      "fcf": 32916000,
      "ocf": 61784000,
      "capex": -28868000,
      "gross_margin": 0.32781095888329115,
      "op_margin": 0.12616545466979734,
      "fcf_margin": 0.06252991998541045,
      "op_leverage_ratio": 1.761986104420321,
      "fcf_margin_change": 0.06677316609993435
    },
    {
      "date": "2021-12-31T00:00:00",
      "quarter_label": "2021-12 (Q4)",
      "revenue": 551915000,
      "gross_profit": 160491000,
      "operating_income": 41038000,
      "net_income": 40954000,
      "opex": 119453000,
      "cogs": 391424000,
      "rd": 64326000,
      "sga": null,
      "fcf": 34461000,
      "ocf": 89577000,
      "capex": -55116000,
      "gross_margin": 0.29078934256180755,
      "op_margin": 0.07435565259143165,
      "fcf_margin": 0.062438962521402755,
      "incr_op_margin_yoy": 0.13730599356063733,
      "rev_growth_yoy": 0.5412013727740591,
      "op_leverage_ratio": 0.38660592649860515,
      "fcf_margin_change": -9.0957464007696e-05
    },
    {
      "date": "2022-03-31T00:00:00",
      "quarter_label": "2022-03 (Q1)",
      "revenue": 655080000,
      "gross_profit": 178958000,
      "operating_income": 50864000,
      "net_income": 33123000,
      "opex": 128094000,
      "cogs": 476122000,
      "rd": 66349000,
      "sga": null,
      "fcf": -206199000,
      "ocf": -162989000,
      "capex": -43210000,
      "gross_margin": 0.2731849545093729,
      "op_margin": 0.07764547841485009,
      "fcf_margin": -0.31476918849606156,
      "incr_op_margin_yoy": 0.026988152617682528,
      "rev_growth_yoy": 0.6155308775330527,
      "rev_growth_yoy_accel": 0.07432950475899358,
      "op_leverage_ratio": 2.5840043543332745,
      "fcf_margin_change": -0.3772081510174643
    },
    {
      "date": "2022-06-30T00:00:00",
      "quarter_label": "2022-06 (Q2)",
      "revenue": 727774000,
      "gross_profit": 182642000,
      "operating_income": 36012000,
      "net_income": 15084000,
      "opex": 146630000,
      "cogs": 545132000,
      "rd": 74847000,
      "sga": null,
      "fcf": 28741000,
      "ocf": 77415000,
      "capex": -48674000,
      "gross_margin": 0.25095977597440966,
      "op_margin": 0.049482394259756465,
      "fcf_margin": 0.03949165537653172,
      "incr_op_margin_yoy": -0.07890859327377613,
      "rev_growth_yoy": 0.5160158064563166,
      "rev_growth_yoy_accel": -0.09951507107673607,
      "op_leverage_ratio": 0.7668616031082889,
      "fcf_margin_change": 0.35426084387259327
    },
    {
      "date": "2022-09-30T00:00:00",
      "quarter_label": "2022-09 (Q3)",
      "revenue": 836723000,
      "gross_profit": 222001000,
      "operating_income": 84407000,
      "net_income": 24743000,
      "opex": 137594000,
      "cogs": 614722000,
      "rd": 69659000,
      "sga": null,
      "fcf": -27643000,
      "ocf": 5558000,
      "capex": -33201000,
      "gross_margin": 0.26532197632908383,
      "op_margin": 0.10087806836910185,
      "fcf_margin": -0.03303721781282455,
      "incr_op_margin_yoy": 0.0579822698577915,
      "rev_growth_yoy": 0.5895072985767585,
      "rev_growth_yoy_accel": 0.07349149212044193,
      "op_leverage_ratio": Infinity,
      "fcf_margin_change": -0.07252887318935627
    },
    {
      "date": "2022-12-31T00:00:00",
      "quarter_label": "2022-12 (Q4)",
      "revenue": 890702000,
      "gross_profit": 261047000,
      "operating_income": -5163000,
      "net_income": 20829000,
      "opex": 266210000,
      "cogs": 629655000,
      "rd": 78959000,
      "sga": null,
      "fcf": 67044000,
      "ocf": 111300000,
      "capex": -44256000,
      "gross_margin": 0.2930800649375436,
      "op_margin": -0.005796551484110286,
      "fcf_margin": 0.07527096604700562,
      "incr_op_margin_yoy": -0.13637182064246858,
      "rev_growth_yoy": 0.6138390875406539,
      "rev_growth_yoy_accel": 0.024331788963895318,
      "op_leverage_ratio": 0.06901565674388775,
      "fcf_margin_change": 0.10830818385983017
    },
    {
      "date": "2023-03-31T00:00:00",
      "quarter_label": "2023-03 (Q1)",
      "revenue": 943889000,
      "gross_profit": 300126000,
      "operating_income": 144154000,
      "net_income": 138378000,
      "opex": 155972000,
      "cogs": 643763000,
      "rd": 79873000,
      "sga": null,
      "fcf": -30415000,
      "ocf": 7923000,
      "capex": -38338000,
      "gross_margin": 0.317967472870221,
      "op_margin": 0.1527234664245478,
      "fcf_margin": -0.03222306860234625,
      "incr_op_margin_yoy": 0.32301624949360996,
      "rev_growth_yoy": 0.440875923551322,
      "rev_growth_yoy_accel": -0.17296316398933187,
      "op_leverage_ratio": Infinity,
      "fcf_margin_change": -0.10749403464935187
    },
    {
      "date": "2023-06-30T00:00:00",
      "quarter_label": "2023-06 (Q2)",
      "revenue": 991290000,
      "gross_profit": 317305000,
      "operating_income": 150358000,
      "net_income": 119510000,
      "opex": 166947000,
      "cogs": 673985000,
      "rd": 86526000,
      "sga": null,
      "fcf": -134448000,
      "ocf": -88711000,
      "capex": -45737000,
      "gross_margin": 0.3200930101181289,
      "op_margin": 0.1516791251803206,
      "fcf_margin": -0.1356293314771661,
      "incr_op_margin_yoy": 0.4339243157910715,
      "rev_growth_yoy": 0.36208493295995736,
      "rev_growth_yoy_accel": -0.07879099059136463,
      "op_leverage_ratio": 0.713688487428825,
      "fcf_margin_change": -0.10340626287481985
    },
    {
      "date": "2023-09-30T00:00:00",
      "quarter_label": "2023-09 (Q3)",
      "revenue": 725305000,
      "gross_profit": 142817000,
      "operating_income": -16726000,
      "net_income": -61176000,
      "opex": 159543000,
      "cogs": 582488000,
      "rd": 80082000,
      "sga": null,
      "fcf": -5364000,
      "ocf": 40585000,
      "capex": -45949000,
      "gross_margin": 0.19690612914566974,
      "op_margin": -0.023060643453443722,
      "fcf_margin": -0.007395509475324174,
      "incr_op_margin_yoy": 0.9076899603295697,
      "rev_growth_yoy": -0.13315995855259147,
      "rev_growth_yoy_accel": -0.4952448915125488,
      "fcf_margin_change": 0.12823382200184194
    },
    {
      "date": "2023-12-31T00:00:00",
      "quarter_label": "2023-12 (Q4)",
      "revenue": 316044000,
      "gross_profit": -56425000,
      "operating_income": -237581000,
      "net_income": -162383000,
      "opex": 181156000,
      "cogs": 372469000,
      "rd": 75001000,
      "sga": null,
      "fcf": -180409000,
      "ocf": -139910000,
      "capex": -40499000,
      "gross_margin": -0.1785352672412702,
      "op_margin": -0.7517339357810938,
      "fcf_margin": -0.5708350735973472,
      "incr_op_margin_yoy": 0.40444577470425885,
      "rev_growth_yoy": -0.6451742558117081,
      "rev_growth_yoy_accel": -0.5120142972591166,
      "fcf_margin_change": -0.563439564122023
    },
    {
      "date": "2024-03-31T00:00:00",
      "quarter_label": "2024-03 (Q1)",
      "revenue": 204399000,
      "gross_profit": -26187000,
      "operating_income": -173705000,
      "net_income": -157311000,
      "opex": 147518000,
      "cogs": 230586000,
      "rd": 75351000,
      "sga": null,
      "fcf": -243366000,
      "ocf": -217019000,
      "capex": -26347000,
      "gross_margin": -0.12811706515198215,
      "op_margin": -0.8498329248186146,
      "fcf_margin": -1.1906418328856794,
      "incr_op_margin_yoy": 0.4298354271186899,
      "rev_growth_yoy": -0.7834501726368249,
      "rev_growth_yoy_accel": -0.13827591682511686,
      "fcf_margin_change": -0.6198067592883322
    },
    {
      "date": "2024-06-30T00:00:00",
      "quarter_label": "2024-06 (Q2)",
      "revenue": 265405000,
      "gross_profit": -10969000,
      "operating_income": -160182000,
      "net_income": -130818000,
      "opex": 149213000,
      "cogs": 276374000,
      "rd": 69276000,
      "sga": null,
      "fcf": -66960000,
      "ocf": -44772000,
      "capex": -22188000,
      "gross_margin": -0.041329289199525256,
      "op_margin": -0.6035379891109813,
      "fcf_margin": -0.25229366439969103,
      "incr_op_margin_yoy": 0.42780881269071547,
      "rev_growth_yoy": -0.7322630108242795,
      "rev_growth_yoy_accel": 0.051187161812545456,
      "op_leverage_ratio": 25.97580987305167,
      "fcf_margin_change": 0.9383481684859883
    },
    {
      "date": "2024-09-30T00:00:00",
      "quarter_label": "2024-09 (Q3)",
      "revenue": 260903000,
      "gross_profit": -702326000,
      "operating_income": -1085266000,
      "net_income": -1205321000,
      "opex": 382940000,
      "cogs": 963229000,
      "rd": 70372000,
      "sga": null,
      "fcf": -136703000,
      "ocf": -89333000,
      "capex": -47370000,
      "gross_margin": -2.6919046542201506,
      "op_margin": -4.15965320444763,
      "fcf_margin": -0.523961012330253,
      "incr_op_margin_yoy": 2.3008944836585545,
      "rev_growth_yoy": -0.6402851214316736,
      "rev_growth_yoy_accel": 0.09197788939260587,
      "fcf_margin_change": -0.271667347930562
    },
    {
      "date": "2024-12-31T00:00:00",
      "quarter_label": "2024-12 (Q4)",
      "revenue": 170749000,
      "gross_profit": -137722000,
      "operating_income": -289135000,
      "net_income": 238911000,
      "opex": 151413000,
      "cogs": 308471000,
      "rd": 62238000,
      "sga": null,
      "fcf": 25547000,
      "ocf": 37805000,
      "capex": -12258000,
      "gross_margin": -0.8065757339720877,
      "op_margin": -1.6933334895079912,
      "fcf_margin": 0.1496172744789135,
      "incr_op_margin_yoy": 0.35482294641935375,
      "rev_growth_yoy": -0.45973029071901383,
      "rev_growth_yoy_accel": 0.18055483071265976,
      "fcf_margin_change": 0.6735782868091665
    },
    {
      "date": "2025-03-31T00:00:00",
      "quarter_label": "2025-03 (Q1)",
      "revenue": 219480000,
      "gross_profit": 17536000,
      "operating_income": -102726000,
      "net_income": -98523000,
      "opex": 120262000,
      "cogs": 201944000,
      "rd": 61997000,
      "sga": null,
      "fcf": 23714000,
      "ocf": 33823000,
      "capex": -10109000,
      "gross_margin": 0.07989794058684163,
      "op_margin": -0.46804264625478403,
      "fcf_margin": 0.1080462912338254,
      "incr_op_margin_yoy": 4.7065181354021615,
      "rev_growth_yoy": 0.07378216136086771,
      "rev_growth_yoy_accel": 0.5335124520798815,
      "op_leverage_ratio": Infinity,
      "fcf_margin_change": -0.04157098324508808
    },
    {
      "date": "2025-06-30T00:00:00",
      "quarter_label": "2025-06 (Q2)",
      "revenue": 289429000,
      "gross_profit": 32131000,
      "operating_income": -115493000,
      "net_income": -124744000,
      "opex": 147624000,
      "cogs": 257298000,
      "rd": 53386000,
      "sga": null,
      "fcf": -9055000,
      "ocf": -7799000,
      "capex": -1256000,
      "gross_margin": 0.11101513670019245,
      "op_margin": -0.3990374150482502,
      "fcf_margin": -0.03128573847126584,
      "incr_op_margin_yoy": 1.860181485181485,
      "rev_growth_yoy": 0.09051826453910063,
      "rev_growth_yoy_accel": 0.016736103178232917,
      "op_leverage_ratio": 1.4007710002552762,
      "fcf_margin_change": -0.13933202970509123
    },
    {
      "date": "2025-09-30T00:00:00",
      "quarter_label": "2025-09 (Q3)",
      "revenue": 340177000,
      "gross_profit": 72143000,
      "operating_income": -35150000,
      "net_income": -50060000,
      "opex": 107293000,
      "cogs": 268034000,
      "rd": 54146000,
      "sga": null,
      "fcf": 22799000,
      "ocf": 25608000,
      "capex": -2809000,
      "gross_margin": 0.2120748904246907,
      "op_margin": -0.10332856130778977,
      "fcf_margin": 0.06702099201298148,
      "incr_op_margin_yoy": 13.24666347099932,
      "rev_growth_yoy": 0.30384472390121997,
      "rev_growth_yoy_accel": 0.21332645936211936,
      "op_leverage_ratio": Infinity,
      "fcf_margin_change": 0.09830673048424732
    }
  ],
  "signals": [
    {
      "quarter": "2025-09 (Q3)",
      "signal": "FCF TURNED POSITIVE",
      "detail": "FCF margin: -3.1% -> +6.7%",
      "severity": "HIGH"
    },
    {
      "quarter": "2025-09 (Q3)",
      "signal": "YoY REVENUE GROWTH ACCELERATION",
      "detail": "YoY growth: +30.4% vs prior quarter YoY: +9.1% (accel: +21.3%)",
      "severity": "HIGH"
    },
    {
      "quarter": "2025-03 (Q1)",
      "signal": "YoY REVENUE GROWTH ACCELERATION",
      "detail": "YoY growth: +7.4% vs prior quarter YoY: -46.0% (accel: +53.4%)",
      "severity": "HIGH"
    },
    {
      "quarter": "2024-12 (Q4)",
      "signal": "FCF TURNED POSITIVE",
      "detail": "FCF margin: -52.4% -> +15.0%",
      "severity": "HIGH"
    },
    {
      "quarter": "2024-12 (Q4)",
      "signal": "GROSS MARGIN INFLECTION",
      "detail": "GM: -4.1% -> -269.2% -> -80.7% (reversal +188.5%)",
      "severity": "HIGH"
    },
    {
      "quarter": "2024-12 (Q4)",
      "signal": "YoY REVENUE GROWTH ACCELERATION",
      "detail": "YoY growth: -46.0% vs prior quarter YoY: -64.0% (accel: +18.1%)",
      "severity": "HIGH"
    },
    {
      "quarter": "2024-09 (Q3)",
      "signal": "YoY REVENUE GROWTH ACCELERATION",
      "detail": "YoY growth: -64.0% vs prior quarter YoY: -73.2% (accel: +9.2%)",
      "severity": "MEDIUM"
    },
    {
      "quarter": "2024-06 (Q2)",
      "signal": "FCF MARGIN EXPANSION",
      "detail": "FCF margin: -119.1% -> -25.2% (+93.8%)",
      "severity": "MEDIUM"
    },
    {
      "quarter": "2024-06 (Q2)",
      "signal": "OPERATING LEVERAGE",
      "detail": "Rev growth +29.8% vs OpEx growth +1.1% (leverage: 26.0x)",
      "severity": "MEDIUM"
    },
    {
      "quarter": "2024-06 (Q2)",
      "signal": "YoY REVENUE GROWTH ACCELERATION",
      "detail": "YoY growth: -73.2% vs prior quarter YoY: -78.3% (accel: +5.1%)",
      "severity": "MEDIUM"
    },
    {
      "quarter": "2024-03 (Q1)",
      "signal": "GROSS MARGIN INFLECTION",
      "detail": "GM: +19.7% -> -17.9% -> -12.8% (reversal +5.0%)",
      "severity": "HIGH"
    },
    {
      "quarter": "2024-03 (Q1)",
      "signal": "YoY REVENUE GROWTH DECELERATION",
      "detail": "YoY growth: -78.3% vs prior quarter YoY: -64.5% (decel: -13.8%)",
      "severity": "WARNING"
    },
    {
      "quarter": "2023-12 (Q4)",
      "signal": "YoY REVENUE GROWTH DECELERATION",
      "detail": "YoY growth: -64.5% vs prior quarter YoY: -13.3% (decel: -51.2%)",
      "severity": "WARNING"
    },
    {
      "quarter": "2023-09 (Q3)",
      "signal": "FCF MARGIN EXPANSION",
      "detail": "FCF margin: -13.6% -> -0.7% (+12.8%)",
      "severity": "MEDIUM"
    },
    {
      "quarter": "2023-09 (Q3)",
      "signal": "YoY REVENUE GROWTH DECELERATION",
      "detail": "YoY growth: -13.3% vs prior quarter YoY: +36.2% (decel: -49.5%)",
      "severity": "WARNING"
    },
    {
      "quarter": "2023-06 (Q2)",
      "signal": "YoY REVENUE GROWTH DECELERATION",
      "detail": "YoY growth: +36.2% vs prior quarter YoY: +44.1% (decel: -7.9%)",
      "severity": "WARNING"
    },
    {
      "quarter": "2023-06 (Q2)",
      "signal": "INCREMENTAL MARGIN (YoY)",
      "detail": "YoY Incr OPM: +43.4% vs year-ago OPM: +4.9%",
      "severity": "HIGH"
    },
    {
      "quarter": "2023-03 (Q1)",
      "signal": "YoY REVENUE GROWTH DECELERATION",
      "detail": "YoY growth: +44.1% vs prior quarter YoY: +61.4% (decel: -17.3%)",
      "severity": "WARNING"
    },
    {
      "quarter": "2023-03 (Q1)",
      "signal": "INCREMENTAL MARGIN (YoY)",
      "detail": "YoY Incr OPM: +32.3% vs year-ago OPM: +7.8%",
      "severity": "HIGH"
    },
    {
      "quarter": "2023-03 (Q1)",
      "signal": "OP MARGIN TURNED POSITIVE (QoQ)",
      "detail": "Op margin: -0.6% -> +15.3%",
      "severity": "HIGH"
    },
    {
      "quarter": "2022-12 (Q4)",
      "signal": "FCF TURNED POSITIVE",
      "detail": "FCF margin: -3.3% -> +7.5%",
      "severity": "HIGH"
    },
    {
      "quarter": "2022-09 (Q3)",
      "signal": "YoY REVENUE GROWTH ACCELERATION",
      "detail": "YoY growth: +59.0% vs prior quarter YoY: +51.6% (accel: +7.3%)",
      "severity": "MEDIUM"
    },
    {
      "quarter": "2022-06 (Q2)",
      "signal": "FCF TURNED POSITIVE",
      "detail": "FCF margin: -31.5% -> +3.9%",
      "severity": "HIGH"
    },
    {
      "quarter": "2022-06 (Q2)",
      "signal": "YoY REVENUE GROWTH DECELERATION",
      "detail": "YoY growth: +51.6% vs prior quarter YoY: +61.6% (decel: -10.0%)",
      "severity": "WARNING"
    },
    {
      "quarter": "2022-03 (Q1)",
      "signal": "OPERATING LEVERAGE",
      "detail": "Rev growth +18.7% vs OpEx growth +7.2% (leverage: 2.6x)",
      "severity": "MEDIUM"
    },
    {
      "quarter": "2022-03 (Q1)",
      "signal": "YoY REVENUE GROWTH ACCELERATION",
      "detail": "YoY growth: +61.6% vs prior quarter YoY: +54.1% (accel: +7.4%)",
      "severity": "MEDIUM"
    },
    {
      "quarter": "2021-09 (Q3)",
      "signal": "FCF TURNED POSITIVE",
      "detail": "FCF margin: -0.4% -> +6.3%",
      "severity": "HIGH"
    },
    {
      "quarter": "2021-09 (Q3)",
      "signal": "OPERATING LEVERAGE",
      "detail": "Rev growth +9.7% vs OpEx growth +5.5% (leverage: 1.8x)",
      "severity": "MEDIUM"
    },
    {
      "quarter": "2021-06 (Q2)",
      "signal": "OPERATING LEVERAGE",
      "detail": "Rev growth +18.4% vs OpEx growth +4.9% (leverage: 3.8x)",
      "severity": "MEDIUM"
    },
    {
      "quarter": "2021-03 (Q1)",
      "signal": "OPERATING LEVERAGE",
      "detail": "Rev growth +13.2% vs OpEx growth +0.1% (leverage: 264.3x)",
      "severity": "MEDIUM"
    }
  ],
  "data_quality": {
    "n_quarters": 20,
    "coverage": {
      "revenue": [
        20,
        20
      ],
      "gross_profit": [
        20,
        20
      ],
      "op_income": [
        20,
        20
      ],
      "fcf": [
        20,
        20
      ]
    },
    "gaps": [],
    "warnings": []
  },
  "market_cap": null,
  "source": "SEC EDGAR",
  "last_updated": "2026-02-02T21:35:41.112180"
}