{
  "ticker": "SEE",
  "name": "SEALED AIR CORP/DE",
  "quarters": [
    {
      "date": "2020-12-31T00:00:00",
      "quarter_label": "2020-12 (Q4)",
      "revenue": 1340900000,
      "gross_profit": 424400000,
      "operating_income": 220800000,
      "net_income": 142200000,
      "opex": 203600000,
      "cogs": 916500000,
      "rd": null,
      "sga": 194800000,
      "fcf": 264000000,
      "ocf": 326800000,
      "capex": -62800000,
      "gross_margin": 0.3165038407040048,
      "op_margin": 0.1646655231560892,
      "fcf_margin": 0.19688269073010664
    },
    {
      "date": "2021-03-31T00:00:00",
      "quarter_label": "2021-03 (Q1)",
      "revenue": 1267100000,
      "gross_profit": 401100000,
      "operating_income": 202500000,
      "net_income": 110100000,
      "opex": 198600000,
      "cogs": 866000000,
      "rd": null,
      "sga": 188900000,
      "fcf": 36000000,
      "ocf": 79900000,
      "capex": -43900000,
      "gross_margin": 0.3165496014521348,
      "op_margin": 0.1598137479283403,
      "fcf_margin": 0.028411332965038276,
      "fcf_margin_change": -0.16847135776506836
    },
    {
      "date": "2021-06-30T00:00:00",
      "quarter_label": "2021-06 (Q2)",
      "revenue": 1328500000,
      "gross_profit": 400700000,
      "operating_income": 196900000,
      "net_income": 108100000,
      "opex": 203800000,
      "cogs": 927800000,
      "rd": null,
      "sga": 192000000,
      "fcf": 66400000,
      "ocf": 119600000,
      "capex": -53200000,
      "gross_margin": 0.30161836657884833,
      "op_margin": 0.1482122694768536,
      "fcf_margin": 0.04998118178396688,
      "op_leverage_ratio": 1.8506887319924963,
      "fcf_margin_change": 0.0215698488189286
    },
    {
      "date": "2021-09-30T00:00:00",
      "quarter_label": "2021-09 (Q3)",
      "revenue": 1406700000,
      "gross_profit": 403700000,
      "operating_income": 201300000,
      "net_income": 107700000,
      "opex": 202400000,
      "cogs": 1003000000,
      "rd": null,
      "sga": 190300000,
      "fcf": 120300000,
      "ocf": 178000000,
      "capex": -57700000,
      "gross_margin": 0.2869837207649108,
      "op_margin": 0.14310087438686286,
      "fcf_margin": 0.08551930049050971,
      "op_leverage_ratio": Infinity,
      "fcf_margin_change": 0.03553811870654283
    },
    {
      "date": "2021-12-31T00:00:00",
      "quarter_label": "2021-12 (Q4)",
      "revenue": 1531500000,
      "gross_profit": 475400000,
      "operating_income": 300200000,
      "net_income": 180900000,
      "opex": 175200000,
      "cogs": 1056100000,
      "rd": null,
      "sga": 201200000,
      "fcf": 273900000,
      "ocf": 332200000,
      "capex": -58300000,
      "gross_margin": 0.31041462618348026,
      "op_margin": 0.196016976820111,
      "fcf_margin": 0.17884427032321254,
      "incr_op_margin_yoy": 0.41657922350472193,
      "rev_growth_yoy": 0.14214333656499367,
      "op_leverage_ratio": Infinity,
      "fcf_margin_change": 0.09332496983270283
    },
    {
      "date": "2022-03-31T00:00:00",
      "quarter_label": "2022-03 (Q1)",
      "revenue": 1417600000,
      "gross_profit": 477000000,
      "operating_income": 262100000,
      "net_income": 149200000,
      "opex": 214900000,
      "cogs": 940600000,
      "rd": null,
      "sga": 205000000,
      "fcf": -18600000,
      "ocf": 48400000,
      "capex": -67000000,
      "gross_margin": 0.3364841986455982,
      "op_margin": 0.18488995485327314,
      "fcf_margin": -0.01312076749435666,
      "incr_op_margin_yoy": 0.39601328903654487,
      "rev_growth_yoy": 0.11877515586772946,
      "rev_growth_yoy_accel": -0.023368180697264207,
      "fcf_margin_change": -0.1919650378175692
    },
    {
      "date": "2022-06-30T00:00:00",
      "quarter_label": "2022-06 (Q2)",
      "revenue": 1418000000,
      "gross_profit": 438300000,
      "operating_income": 226700000,
      "net_income": 113900000,
      "opex": 211600000,
      "cogs": 979700000,
      "rd": null,
      "sga": 199200000,
      "fcf": 112600000,
      "ocf": 164500000,
      "capex": -51900000,
      "gross_margin": 0.30909732016925245,
      "op_margin": 0.15987306064880114,
      "fcf_margin": 0.07940761636107194,
      "incr_op_margin_yoy": 0.3329608938547486,
      "rev_growth_yoy": 0.06736921339856981,
      "rev_growth_yoy_accel": -0.05140594246915965,
      "fcf_margin_change": 0.0925283838554286
    },
    {
      "date": "2022-09-30T00:00:00",
      "quarter_label": "2022-09 (Q3)",
      "revenue": 1400400000,
      "gross_profit": 433600000,
      "operating_income": 228000000,
      "net_income": 134200000,
      "opex": 205600000,
      "cogs": 966800000,
      "rd": null,
      "sga": 196300000,
      "fcf": 43300000,
      "ocf": 107900000,
      "capex": -64600000,
      "gross_margin": 0.3096258211939446,
      "op_margin": 0.16281062553556128,
      "fcf_margin": 0.030919737217937733,
      "incr_op_margin_yoy": -4.238095238095238,
      "rev_growth_yoy": -0.004478566858605247,
      "rev_growth_yoy_accel": -0.07184778025717506,
      "fcf_margin_change": -0.048487879143134203
    },
    {
      "date": "2022-12-31T00:00:00",
      "quarter_label": "2022-12 (Q4)",
      "revenue": 1405900000,
      "gross_profit": 424000000,
      "operating_income": 228000000,
      "net_income": 94300000,
      "opex": 196000000,
      "cogs": 981900000,
      "rd": null,
      "sga": 185700000,
      "fcf": 238700000,
      "ocf": 292500000,
      "capex": -53800000,
      "gross_margin": 0.30158617255850345,
      "op_margin": 0.16217369656447828,
      "fcf_margin": 0.16978447969272353,
      "incr_op_margin_yoy": 0.5748407643312102,
      "rev_growth_yoy": -0.08201110022853411,
      "rev_growth_yoy_accel": -0.07753253336992887,
      "fcf_margin_change": 0.1388647424747858
    },
    {
      "date": "2023-03-31T00:00:00",
      "quarter_label": "2023-03 (Q1)",
      "revenue": 1348800000,
      "gross_profit": 405100000,
      "operating_income": 169500000,
      "net_income": 61900000,
      "opex": 235600000,
      "cogs": 943700000,
      "rd": null,
      "sga": 221600000,
      "fcf": -13000000,
      "ocf": 51900000,
      "capex": -64900000,
      "gross_margin": 0.30034104389086597,
      "op_margin": 0.12566725978647686,
      "fcf_margin": -0.009638196915776987,
      "incr_op_margin_yoy": 1.3459302325581395,
      "rev_growth_yoy": -0.04853273137697517,
      "rev_growth_yoy_accel": 0.03347836885155894,
      "fcf_margin_change": -0.17942267660850053
    },
    {
      "date": "2023-06-30T00:00:00",
      "quarter_label": "2023-06 (Q2)",
      "revenue": 1380800000,
      "gross_profit": 418000000,
      "operating_income": 216300000,
      "net_income": 99100000,
      "opex": 201700000,
      "cogs": 962800000,
      "rd": null,
      "sga": 185700000,
      "fcf": -117300000,
      "ocf": -58500000,
      "capex": -58800000,
      "gross_margin": 0.30272305909617614,
      "op_margin": 0.15664831981460023,
      "fcf_margin": -0.08495075318655852,
      "incr_op_margin_yoy": 0.27956989247311825,
      "rev_growth_yoy": -0.02623413258110014,
      "rev_growth_yoy_accel": 0.02229859879587503,
      "op_leverage_ratio": Infinity,
      "fcf_margin_change": -0.07531255627078154
    },
    {
      "date": "2023-09-30T00:00:00",
      "quarter_label": "2023-09 (Q3)",
      "revenue": 1381800000,
      "gross_profit": 413300000,
      "operating_income": 157600000,
      "net_income": 56600000,
      "opex": 255700000,
      "cogs": 968500000,
      "rd": null,
      "sga": 181800000,
      "fcf": 137800000,
      "ocf": 199100000,
      "capex": -61300000,
      "gross_margin": 0.2991026197713128,
      "op_margin": 0.11405413229121436,
      "fcf_margin": 0.09972499638153133,
      "incr_op_margin_yoy": 3.78494623655914,
      "rev_growth_yoy": -0.013281919451585262,
      "rev_growth_yoy_accel": 0.012952213129514879,
      "fcf_margin_change": 0.18467574956808985
    },
    {
      "date": "2023-12-31T00:00:00",
      "quarter_label": "2023-12 (Q4)",
      "revenue": 1377500000,
      "gross_profit": 404900000,
      "operating_income": 211200000,
      "net_income": 124000000,
      "opex": 193700000,
      "cogs": 972600000,
      "rd": null,
      "sga": 176500000,
      "fcf": 264500000,
      "ocf": 323700000,
      "capex": -59200000,
      "gross_margin": 0.2939382940108893,
      "op_margin": 0.1533212341197822,
      "fcf_margin": 0.19201451905626135,
      "incr_op_margin_yoy": 0.5915492957746479,
      "rev_growth_yoy": -0.02020058325627712,
      "rev_growth_yoy_accel": -0.006918663804691857,
      "fcf_margin_change": 0.09228952267473002
    },
    {
      "date": "2024-03-31T00:00:00",
      "quarter_label": "2024-03 (Q1)",
      "revenue": 1329600000,
      "gross_profit": 400800000,
      "operating_income": 185000000,
      "net_income": 82000000,
      "opex": 215800000,
      "cogs": 928800000,
      "rd": null,
      "sga": 185500000,
      "fcf": 78000000,
      "ocf": 125100000,
      "capex": -47100000,
      "gross_margin": 0.30144404332129965,
      "op_margin": 0.1391395908543923,
      "fcf_margin": 0.058664259927797835,
      "incr_op_margin_yoy": -0.8072916666666666,
      "rev_growth_yoy": -0.014234875444839857,
      "rev_growth_yoy_accel": 0.005965707811437262,
      "fcf_margin_change": -0.13335025912846352
    },
    {
      "date": "2024-06-30T00:00:00",
      "quarter_label": "2024-06 (Q2)",
      "revenue": 1345100000,
      "gross_profit": 416000000,
      "operating_income": 205600000,
      "net_income": 98300000,
      "opex": 210400000,
      "cogs": 929100000,
      "rd": null,
      "sga": 191600000,
      "fcf": 129500000,
      "ocf": 188200000,
      "capex": -58700000,
      "gross_margin": 0.309270686194335,
      "op_margin": 0.15285108913835402,
      "fcf_margin": 0.09627536986097687,
      "incr_op_margin_yoy": 0.29971988795518206,
      "rev_growth_yoy": -0.02585457705677868,
      "rev_growth_yoy_accel": -0.011619701611938822,
      "op_leverage_ratio": Infinity,
      "fcf_margin_change": 0.03761110993317904
    },
    {
      "date": "2024-09-30T00:00:00",
      "quarter_label": "2024-09 (Q3)",
      "revenue": 1345100000,
      "gross_profit": 401500000,
      "operating_income": 186300000,
      "net_income": 91700000,
      "opex": 215200000,
      "cogs": 943600000,
      "rd": null,
      "sga": 187100000,
      "fcf": 115200000,
      "ocf": 170500000,
      "capex": -55300000,
      "gross_margin": 0.2984908185265036,
      "op_margin": 0.1385027135528957,
      "fcf_margin": 0.08564419002304662,
      "incr_op_margin_yoy": -0.782016348773842,
      "rev_growth_yoy": -0.02655955999421045,
      "rev_growth_yoy_accel": -0.0007049829374317709,
      "fcf_margin_change": -0.010631179837930257
    },
    {
      "date": "2024-12-31T00:00:00",
      "quarter_label": "2024-12 (Q4)",
      "revenue": 1372800000,
      "gross_profit": 406800000,
      "operating_income": 159000000,
      "net_income": -7300000,
      "opex": 247800000,
      "cogs": 966000000,
      "rd": null,
      "sga": 188800000,
      "fcf": 185100000,
      "ocf": 244200000,
      "capex": -59100000,
      "gross_margin": 0.29632867132867136,
      "op_margin": 0.11582167832167832,
      "fcf_margin": 0.1348339160839161,
      "incr_op_margin_yoy": 11.106382978723405,
      "rev_growth_yoy": -0.003411978221415608,
      "rev_growth_yoy_accel": 0.023147581772794842,
      "op_leverage_ratio": 0.1359408131217466,
      "fcf_margin_change": 0.04918972606086948
    },
    {
      "date": "2025-03-31T00:00:00",
      "quarter_label": "2025-03 (Q1)",
      "revenue": 1272500000,
      "gross_profit": 391700000,
      "operating_income": 183400000,
      "net_income": 113500000,
      "opex": 208300000,
      "cogs": 880800000,
      "rd": null,
      "sga": 190500000,
      "fcf": -12000000,
      "ocf": 31900000,
      "capex": -43900000,
      "gross_margin": 0.30781925343811395,
      "op_margin": 0.14412573673870335,
      "fcf_margin": -0.009430255402750491,
      "incr_op_margin_yoy": 0.028021015761821366,
      "rev_growth_yoy": -0.04294524669073405,
      "rev_growth_yoy_accel": -0.03953326846931844,
      "fcf_margin_change": -0.1442641714866666
    },
    {
      "date": "2025-06-30T00:00:00",
      "quarter_label": "2025-06 (Q2)",
      "revenue": 1335000000,
      "gross_profit": 406200000,
      "operating_income": 198300000,
      "net_income": 93100000,
      "opex": 207900000,
      "cogs": 928800000,
      "rd": null,
      "sga": 184200000,
      "fcf": 93200000,
      "ocf": 136600000,
      "capex": -43400000,
      "gross_margin": 0.3042696629213483,
      "op_margin": 0.14853932584269663,
      "fcf_margin": 0.06981273408239701,
      "incr_op_margin_yoy": 0.7227722772277227,
      "rev_growth_yoy": -0.007508735410006691,
      "rev_growth_yoy_accel": 0.03543651128072736,
      "op_leverage_ratio": Infinity,
      "fcf_margin_change": 0.07924298948514749
    },
    {
      "date": "2025-09-30T00:00:00",
      "quarter_label": "2025-09 (Q3)",
      "revenue": 1351300000,
      "gross_profit": 400500000,
      "operating_income": 184700000,
      "net_income": 255100000,
      "opex": 215800000,
      "cogs": 950800000,
      "rd": null,
      "sga": 175300000,
      "fcf": 119600000,
      "ocf": 165900000,
      "capex": -46300000,
      "gross_margin": 0.29638126248797453,
      "op_margin": 0.13668319396137052,
      "fcf_margin": 0.08850736327980463,
      "incr_op_margin_yoy": -0.25806451612903225,
      "rev_growth_yoy": 0.0046093227269348004,
      "rev_growth_yoy_accel": 0.01211805813694149,
      "op_leverage_ratio": 0.3213170246053193,
      "fcf_margin_change": 0.018694629197407622
    }
  ],
  "signals": [
    {
      "quarter": "2025-06 (Q2)",
      "signal": "FCF TURNED POSITIVE",
      "detail": "FCF margin: -0.9% -> +7.0%",
      "severity": "HIGH"
    },
    {
      "quarter": "2025-06 (Q2)",
      "signal": "INCREMENTAL MARGIN (YoY)",
      "detail": "YoY Incr OPM: +72.3% vs year-ago OPM: +15.3%",
      "severity": "HIGH"
    },
    {
      "quarter": "2024-12 (Q4)",
      "signal": "INCREMENTAL MARGIN (YoY)",
      "detail": "YoY Incr OPM: +1110.6% vs year-ago OPM: +15.3%",
      "severity": "HIGH"
    },
    {
      "quarter": "2024-06 (Q2)",
      "signal": "INCREMENTAL MARGIN (YoY)",
      "detail": "YoY Incr OPM: +30.0% vs year-ago OPM: +15.7%",
      "severity": "MEDIUM"
    },
    {
      "quarter": "2023-12 (Q4)",
      "signal": "FCF MARGIN EXPANSION",
      "detail": "FCF margin: +10.0% -> +19.2% (+9.2%)",
      "severity": "MEDIUM"
    },
    {
      "quarter": "2023-12 (Q4)",
      "signal": "INCREMENTAL MARGIN (YoY)",
      "detail": "YoY Incr OPM: +59.2% vs year-ago OPM: +16.2%",
      "severity": "HIGH"
    },
    {
      "quarter": "2023-09 (Q3)",
      "signal": "FCF TURNED POSITIVE",
      "detail": "FCF margin: -8.5% -> +10.0%",
      "severity": "HIGH"
    },
    {
      "quarter": "2023-09 (Q3)",
      "signal": "INCREMENTAL MARGIN (YoY)",
      "detail": "YoY Incr OPM: +378.5% vs year-ago OPM: +16.3%",
      "severity": "HIGH"
    },
    {
      "quarter": "2023-06 (Q2)",
      "signal": "INCREMENTAL MARGIN (YoY)",
      "detail": "YoY Incr OPM: +28.0% vs year-ago OPM: +16.0%",
      "severity": "MEDIUM"
    },
    {
      "quarter": "2023-03 (Q1)",
      "signal": "INCREMENTAL MARGIN (YoY)",
      "detail": "YoY Incr OPM: +134.6% vs year-ago OPM: +18.5%",
      "severity": "HIGH"
    },
    {
      "quarter": "2022-12 (Q4)",
      "signal": "FCF MARGIN EXPANSION",
      "detail": "FCF margin: +3.1% -> +17.0% (+13.9%)",
      "severity": "MEDIUM"
    },
    {
      "quarter": "2022-12 (Q4)",
      "signal": "YoY REVENUE GROWTH DECELERATION",
      "detail": "YoY growth: -8.2% vs prior quarter YoY: -0.4% (decel: -7.8%)",
      "severity": "WARNING"
    },
    {
      "quarter": "2022-12 (Q4)",
      "signal": "INCREMENTAL MARGIN (YoY)",
      "detail": "YoY Incr OPM: +57.5% vs year-ago OPM: +19.6%",
      "severity": "HIGH"
    },
    {
      "quarter": "2022-09 (Q3)",
      "signal": "YoY REVENUE GROWTH DECELERATION",
      "detail": "YoY growth: -0.4% vs prior quarter YoY: +6.7% (decel: -7.2%)",
      "severity": "WARNING"
    },
    {
      "quarter": "2022-06 (Q2)",
      "signal": "FCF TURNED POSITIVE",
      "detail": "FCF margin: -1.3% -> +7.9%",
      "severity": "HIGH"
    },
    {
      "quarter": "2022-06 (Q2)",
      "signal": "YoY REVENUE GROWTH DECELERATION",
      "detail": "YoY growth: +6.7% vs prior quarter YoY: +11.9% (decel: -5.1%)",
      "severity": "WARNING"
    },
    {
      "quarter": "2022-06 (Q2)",
      "signal": "INCREMENTAL MARGIN (YoY)",
      "detail": "YoY Incr OPM: +33.3% vs year-ago OPM: +14.8%",
      "severity": "MEDIUM"
    },
    {
      "quarter": "2022-03 (Q1)",
      "signal": "INCREMENTAL MARGIN (YoY)",
      "detail": "YoY Incr OPM: +39.6% vs year-ago OPM: +16.0%",
      "severity": "HIGH"
    },
    {
      "quarter": "2021-12 (Q4)",
      "signal": "FCF MARGIN EXPANSION",
      "detail": "FCF margin: +8.6% -> +17.9% (+9.3%)",
      "severity": "MEDIUM"
    },
    {
      "quarter": "2021-12 (Q4)",
      "signal": "GROSS MARGIN INFLECTION",
      "detail": "GM: +30.2% -> +28.7% -> +31.0% (reversal +2.3%)",
      "severity": "MEDIUM"
    },
    {
      "quarter": "2021-12 (Q4)",
      "signal": "INCREMENTAL MARGIN (YoY)",
      "detail": "YoY Incr OPM: +41.7% vs year-ago OPM: +16.5%",
      "severity": "HIGH"
    },
    {
      "quarter": "2021-06 (Q2)",
      "signal": "OPERATING LEVERAGE",
      "detail": "Rev growth +4.8% vs OpEx growth +2.6% (leverage: 1.9x)",
      "severity": "MEDIUM"
    }
  ],
  "data_quality": {
    "n_quarters": 20,
    "coverage": {
      "revenue": [
        20,
        20
      ],
      "gross_profit": [
        20,
        20
      ],
      "op_income": [
        20,
        20
      ],
      "fcf": [
        20,
        20
      ]
    },
    "gaps": [],
    "warnings": []
  },
  "market_cap": null,
  "source": "SEC EDGAR",
  "last_updated": "2026-02-02T20:55:28.272841"
}