{
  "ticker": "SEI",
  "name": "SOLARIS ENERGY INFRASTRUCTURE,\u00a0INC.",
  "quarters": [
    {
      "date": "2020-12-31T00:00:00",
      "quarter_label": "2020-12 (Q4)",
      "revenue": 25276000,
      "gross_profit": null,
      "operating_income": -3420000,
      "net_income": -1437000,
      "opex": 28695000,
      "cogs": null,
      "rd": null,
      "sga": 4269000,
      "fcf": 4083000,
      "ocf": 5843000,
      "capex": -1760000,
      "gross_margin": null,
      "op_margin": -0.13530621933850293,
      "fcf_margin": 0.16153663554359868
    },
    {
      "date": "2021-03-31T00:00:00",
      "quarter_label": "2021-03 (Q1)",
      "revenue": 28669000,
      "gross_profit": 9463000,
      "operating_income": -2089000,
      "net_income": -1169000,
      "opex": 30758000,
      "cogs": 19206000,
      "rd": null,
      "sga": 4606000,
      "fcf": 119000,
      "ocf": 2766000,
      "capex": -2647000,
      "gross_margin": 0.3300777843663888,
      "op_margin": -0.0728661620565768,
      "fcf_margin": 0.0041508249328543025,
      "op_leverage_ratio": 1.8671642095022767,
      "fcf_margin_change": -0.1573858106107444
    },
    {
      "date": "2021-06-30T00:00:00",
      "quarter_label": "2021-06 (Q2)",
      "revenue": 35179000,
      "gross_profit": 10044000,
      "operating_income": -2032000,
      "net_income": -1211000,
      "opex": 37211000,
      "cogs": 25135000,
      "rd": null,
      "sga": 4964000,
      "fcf": -3795000,
      "ocf": 1274000,
      "capex": -5069000,
      "gross_margin": 0.28551124250262944,
      "op_margin": -0.05776173285198556,
      "fcf_margin": -0.10787685835299468,
      "op_leverage_ratio": 1.0823428971003124,
      "fcf_margin_change": -0.11202768328584899
    },
    {
      "date": "2021-09-30T00:00:00",
      "quarter_label": "2021-09 (Q3)",
      "revenue": 49377000,
      "gross_profit": 10917000,
      "operating_income": 2005000,
      "net_income": 874000,
      "opex": 47372000,
      "cogs": 38460000,
      "rd": null,
      "sga": 4760000,
      "fcf": 1671000,
      "ocf": 7657000,
      "capex": -5986000,
      "gross_margin": 0.22109484172793,
      "op_margin": 0.04060595013872856,
      "fcf_margin": 0.03384166717297527,
      "op_leverage_ratio": 1.4780140815896556,
      "fcf_margin_change": 0.14171852552596995
    },
    {
      "date": "2021-12-31T00:00:00",
      "quarter_label": "2021-12 (Q4)",
      "revenue": 45949000,
      "gross_profit": 13306000,
      "operating_income": 1729000,
      "net_income": 638000,
      "opex": 44220000,
      "cogs": 32643000,
      "rd": null,
      "sga": 4938000,
      "fcf": -1160000,
      "ocf": 4776000,
      "capex": -5936000,
      "gross_margin": 0.28958192778950576,
      "op_margin": 0.037628675270408495,
      "fcf_margin": -0.025245380748220855,
      "incr_op_margin_yoy": 0.24906883374449765,
      "rev_growth_yoy": 0.8178904890014242,
      "fcf_margin_change": -0.05908704792119612
    },
    {
      "date": "2022-03-31T00:00:00",
      "quarter_label": "2022-03 (Q1)",
      "revenue": 56915000,
      "gross_profit": 19244000,
      "operating_income": 7413000,
      "net_income": 3502000,
      "opex": 49502000,
      "cogs": 37671000,
      "rd": null,
      "sga": 5211000,
      "fcf": -5507000,
      "ocf": 6269000,
      "capex": -11776000,
      "gross_margin": 0.33811824650795047,
      "op_margin": 0.13024685935166477,
      "fcf_margin": -0.09675832381621717,
      "incr_op_margin_yoy": 0.3364016143878779,
      "rev_growth_yoy": 0.9852453870033835,
      "rev_growth_yoy_accel": 0.16735489800195924,
      "op_leverage_ratio": 1.9979863587627225,
      "fcf_margin_change": -0.07151294306799631
    },
    {
      "date": "2022-06-30T00:00:00",
      "quarter_label": "2022-06 (Q2)",
      "revenue": 86711000,
      "gross_profit": 25474000,
      "operating_income": 10322000,
      "net_income": 5453000,
      "opex": 76389000,
      "cogs": 61237000,
      "rd": null,
      "sga": 6062000,
      "fcf": -4425000,
      "ocf": 16125000,
      "capex": -20550000,
      "gross_margin": 0.2937804892112881,
      "op_margin": 0.11903910691838406,
      "fcf_margin": -0.0510315876878366,
      "incr_op_margin_yoy": 0.2397345338818598,
      "rev_growth_yoy": 1.464851189630177,
      "rev_growth_yoy_accel": 0.47960580262679353,
      "op_leverage_ratio": 0.963854821242898,
      "fcf_margin_change": 0.04572673612838057
    },
    {
      "date": "2022-09-30T00:00:00",
      "quarter_label": "2022-09 (Q3)",
      "revenue": 92325000,
      "gross_profit": 28154000,
      "operating_income": 13985000,
      "net_income": 7406000,
      "opex": 78340000,
      "cogs": 64171000,
      "rd": null,
      "sga": 5929000,
      "fcf": -5683000,
      "ocf": 21518000,
      "capex": -27201000,
      "gross_margin": 0.30494448957487136,
      "op_margin": 0.15147576496073653,
      "fcf_margin": -0.061554291903601406,
      "incr_op_margin_yoy": 0.27894197634348517,
      "rev_growth_yoy": 0.8697976790813536,
      "rev_growth_yoy_accel": -0.5950535105488234,
      "op_leverage_ratio": 2.534963840984209,
      "fcf_margin_change": -0.010522704215764803
    },
    {
      "date": "2022-12-31T00:00:00",
      "quarter_label": "2022-12 (Q4)",
      "revenue": 84054000,
      "gross_profit": 27358000,
      "operating_income": 10084000,
      "net_income": 4797000,
      "opex": 73970000,
      "cogs": 56696000,
      "rd": null,
      "sga": 5872000,
      "fcf": 2200000,
      "ocf": 24084000,
      "capex": -21884000,
      "gross_margin": 0.32548123825160014,
      "op_margin": 0.1199704951578747,
      "fcf_margin": 0.026173650272443904,
      "incr_op_margin_yoy": 0.21926256396798322,
      "rev_growth_yoy": 0.8292889943197893,
      "rev_growth_yoy_accel": -0.04050868476156433,
      "fcf_margin_change": 0.0877279421760453
    },
    {
      "date": "2023-03-31T00:00:00",
      "quarter_label": "2023-03 (Q1)",
      "revenue": 82722000,
      "gross_profit": 29499000,
      "operating_income": 14882000,
      "net_income": 7569000,
      "opex": 67840000,
      "cogs": 53223000,
      "rd": null,
      "sga": 6538000,
      "fcf": -2100000,
      "ocf": 16849000,
      "capex": -18949000,
      "gross_margin": 0.3566040472909262,
      "op_margin": 0.17990377408670002,
      "fcf_margin": -0.025386233408283165,
      "incr_op_margin_yoy": 0.28941759987600263,
      "rev_growth_yoy": 0.45343055433541246,
      "rev_growth_yoy_accel": -0.37585843998437685,
      "fcf_margin_change": -0.05155988368072707
    },
    {
      "date": "2023-06-30T00:00:00",
      "quarter_label": "2023-06 (Q2)",
      "revenue": 77202000,
      "gross_profit": 31550000,
      "operating_income": 15779000,
      "net_income": 7532000,
      "opex": 61423000,
      "cogs": 45652000,
      "rd": null,
      "sga": 6825000,
      "fcf": 5767000,
      "ocf": 26948000,
      "capex": -21181000,
      "gross_margin": 0.40866816921841403,
      "op_margin": 0.20438589673842647,
      "fcf_margin": 0.07470013730214244,
      "incr_op_margin_yoy": -0.5738773793248502,
      "rev_growth_yoy": -0.10966313385844934,
      "rev_growth_yoy_accel": -0.5630936881938617,
      "fcf_margin_change": 0.1000863707104256
    },
    {
      "date": "2023-09-30T00:00:00",
      "quarter_label": "2023-09 (Q3)",
      "revenue": 69676000,
      "gross_profit": 27574000,
      "operating_income": 10000000,
      "net_income": 4934000,
      "opex": 59676000,
      "cogs": 42102000,
      "rd": null,
      "sga": 6359000,
      "fcf": 3894000,
      "ocf": 20881000,
      "capex": -16987000,
      "gross_margin": 0.3957460244560537,
      "op_margin": 0.14352144210345025,
      "fcf_margin": 0.05588724955508353,
      "incr_op_margin_yoy": 0.17594595787893505,
      "rev_growth_yoy": -0.24531816950988355,
      "rev_growth_yoy_accel": -0.13565503565143422,
      "fcf_margin_change": -0.018812887747058908
    },
    {
      "date": "2023-12-31T00:00:00",
      "quarter_label": "2023-12 (Q4)",
      "revenue": 63347000,
      "gross_profit": 26477000,
      "operating_income": 9241000,
      "net_income": 4301000,
      "opex": 54106000,
      "cogs": 36870000,
      "rd": null,
      "sga": 7229000,
      "fcf": 16312000,
      "ocf": 23583000,
      "capex": -7271000,
      "gross_margin": 0.41796770170647385,
      "op_margin": 0.14587904715298278,
      "fcf_margin": 0.2575023284449145,
      "incr_op_margin_yoy": 0.04071087072004636,
      "rev_growth_yoy": -0.24635353463249815,
      "rev_growth_yoy_accel": -0.0010353651226145955,
      "fcf_margin_change": 0.20161507888983096
    },
    {
      "date": "2024-03-31T00:00:00",
      "quarter_label": "2024-03 (Q1)",
      "revenue": 67890000,
      "gross_profit": 28003000,
      "operating_income": 9956000,
      "net_income": 4317000,
      "opex": 57934000,
      "cogs": 39887000,
      "rd": null,
      "sga": 7990000,
      "fcf": 13517000,
      "ocf": 16875000,
      "capex": -3358000,
      "gross_margin": 0.4124760642215348,
      "op_margin": 0.146648991014877,
      "fcf_margin": 0.1991014877006923,
      "incr_op_margin_yoy": 0.3321197411003236,
      "rev_growth_yoy": -0.17929933995793138,
      "rev_growth_yoy_accel": 0.06705419467456677,
      "op_leverage_ratio": 1.0136550388672934,
      "fcf_margin_change": -0.05840084074422219
    },
    {
      "date": "2024-06-30T00:00:00",
      "quarter_label": "2024-06 (Q2)",
      "revenue": 73886000,
      "gross_profit": 27755000,
      "operating_income": 11854000,
      "net_income": 6208000,
      "opex": 62032000,
      "cogs": 46131000,
      "rd": null,
      "sga": 8259000,
      "fcf": 18213000,
      "ocf": 18876000,
      "capex": -663000,
      "gross_margin": 0.3756462658690415,
      "op_margin": 0.1604363478872858,
      "fcf_margin": 0.2465013669707387,
      "incr_op_margin_yoy": 1.183655006031363,
      "rev_growth_yoy": -0.04295225512292428,
      "rev_growth_yoy_accel": 0.1363470848350071,
      "op_leverage_ratio": 1.2485828818630544,
      "fcf_margin_change": 0.04739987927004641
    },
    {
      "date": "2024-09-30T00:00:00",
      "quarter_label": "2024-09 (Q3)",
      "revenue": 75018000,
      "gross_profit": 28095000,
      "operating_income": 5267000,
      "net_income": -968000,
      "opex": 69751000,
      "cogs": 46923000,
      "rd": null,
      "sga": 8799000,
      "fcf": -47231000,
      "ocf": 10516000,
      "capex": -57747000,
      "gross_margin": 0.37451011757178276,
      "op_margin": 0.07020981631075209,
      "fcf_margin": -0.6295955637313712,
      "incr_op_margin_yoy": -0.8859977536503182,
      "rev_growth_yoy": 0.07666915437166312,
      "rev_growth_yoy_accel": 0.1196214094945874,
      "op_leverage_ratio": 0.12312295040699474,
      "fcf_margin_change": -0.8760969307021098
    },
    {
      "date": "2024-12-31T00:00:00",
      "quarter_label": "2024-12 (Q4)",
      "revenue": 96297000,
      "gross_profit": null,
      "operating_income": 25739000,
      "net_income": 6251000,
      "opex": 70558000,
      "cogs": null,
      "rd": null,
      "sga": 10569000,
      "fcf": -113551000,
      "ocf": 13100000,
      "capex": -126651000,
      "gross_margin": null,
      "op_margin": 0.2672876621286229,
      "fcf_margin": -1.179174844491521,
      "incr_op_margin_yoy": 0.5006980273141123,
      "rev_growth_yoy": 0.5201509148025952,
      "rev_growth_yoy_accel": 0.4434817604309321,
      "op_leverage_ratio": 24.516735215270764,
      "fcf_margin_change": -0.54957928076015
    },
    {
      "date": "2025-03-31T00:00:00",
      "quarter_label": "2025-03 (Q1)",
      "revenue": 126332000,
      "gross_profit": null,
      "operating_income": 22055000,
      "net_income": 5320000,
      "opex": 104277000,
      "cogs": null,
      "rd": null,
      "sga": 15274000,
      "fcf": -118608000,
      "ocf": 25722000,
      "capex": -144330000,
      "gross_margin": null,
      "op_margin": 0.17457967894120255,
      "fcf_margin": -0.9388595130291613,
      "incr_op_margin_yoy": 0.2070257691386332,
      "rev_growth_yoy": 0.860833701576079,
      "rev_growth_yoy_accel": 0.34068278677348374,
      "op_leverage_ratio": 0.6526591852654827,
      "fcf_margin_change": 0.24031533146235984
    },
    {
      "date": "2025-06-30T00:00:00",
      "quarter_label": "2025-06 (Q2)",
      "revenue": 149328000,
      "gross_profit": null,
      "operating_income": 35569000,
      "net_income": 11955000,
      "opex": 113759000,
      "cogs": null,
      "rd": null,
      "sga": 14899000,
      "fcf": -160943000,
      "ocf": 24181000,
      "capex": -185124000,
      "gross_margin": null,
      "op_margin": 0.23819377477767062,
      "fcf_margin": -1.0777817957784206,
      "incr_op_margin_yoy": 0.31434744571989076,
      "rev_growth_yoy": 1.0210594699943156,
      "rev_growth_yoy_accel": 0.16022576841823666,
      "op_leverage_ratio": 2.0018314388386527,
      "fcf_margin_change": -0.13892228274925933
    },
    {
      "date": "2025-09-30T00:00:00",
      "quarter_label": "2025-09 (Q3)",
      "revenue": 166843000,
      "gross_profit": null,
      "operating_income": 37913000,
      "net_income": 14550000,
      "opex": 128930000,
      "cogs": null,
      "rd": null,
      "sga": 15546000,
      "fcf": 462000,
      "ocf": 63264000,
      "capex": -62802000,
      "gross_margin": null,
      "op_margin": 0.22723758263756946,
      "fcf_margin": 0.0027690703235976337,
      "incr_op_margin_yoy": 0.3555240947454397,
      "rev_growth_yoy": 1.2240395638380122,
      "rev_growth_yoy_accel": 0.20298009384369653,
      "op_leverage_ratio": 0.8795093292972843,
      "fcf_margin_change": 1.0805508661020182
    }
  ],
  "signals": [
    {
      "quarter": "2025-09 (Q3)",
      "signal": "FCF TURNED POSITIVE",
      "detail": "FCF margin: -107.8% -> +0.3%",
      "severity": "HIGH"
    },
    {
      "quarter": "2025-09 (Q3)",
      "signal": "YoY REVENUE GROWTH ACCELERATION",
      "detail": "YoY growth: +122.4% vs prior quarter YoY: +102.1% (accel: +20.3%)",
      "severity": "HIGH"
    },
    {
      "quarter": "2025-09 (Q3)",
      "signal": "INCREMENTAL MARGIN (YoY)",
      "detail": "YoY Incr OPM: +35.6% vs year-ago OPM: +7.0%",
      "severity": "HIGH"
    },
    {
      "quarter": "2025-06 (Q2)",
      "signal": "OPERATING LEVERAGE",
      "detail": "Rev growth +18.2% vs OpEx growth +9.1% (leverage: 2.0x)",
      "severity": "MEDIUM"
    },
    {
      "quarter": "2025-06 (Q2)",
      "signal": "YoY REVENUE GROWTH ACCELERATION",
      "detail": "YoY growth: +102.1% vs prior quarter YoY: +86.1% (accel: +16.0%)",
      "severity": "HIGH"
    },
    {
      "quarter": "2025-06 (Q2)",
      "signal": "INCREMENTAL MARGIN (YoY)",
      "detail": "YoY Incr OPM: +31.4% vs year-ago OPM: +16.0%",
      "severity": "MEDIUM"
    },
    {
      "quarter": "2025-03 (Q1)",
      "signal": "FCF MARGIN EXPANSION",
      "detail": "FCF margin: -117.9% -> -93.9% (+24.0%)",
      "severity": "MEDIUM"
    },
    {
      "quarter": "2025-03 (Q1)",
      "signal": "YoY REVENUE GROWTH ACCELERATION",
      "detail": "YoY growth: +86.1% vs prior quarter YoY: +52.0% (accel: +34.1%)",
      "severity": "HIGH"
    },
    {
      "quarter": "2024-12 (Q4)",
      "signal": "OPERATING LEVERAGE",
      "detail": "Rev growth +28.4% vs OpEx growth +1.2% (leverage: 24.5x)",
      "severity": "MEDIUM"
    },
    {
      "quarter": "2024-12 (Q4)",
      "signal": "YoY REVENUE GROWTH ACCELERATION",
      "detail": "YoY growth: +52.0% vs prior quarter YoY: +7.7% (accel: +44.3%)",
      "severity": "HIGH"
    },
    {
      "quarter": "2024-12 (Q4)",
      "signal": "INCREMENTAL MARGIN (YoY)",
      "detail": "YoY Incr OPM: +50.1% vs year-ago OPM: +14.6%",
      "severity": "HIGH"
    },
    {
      "quarter": "2024-09 (Q3)",
      "signal": "YoY REVENUE GROWTH ACCELERATION",
      "detail": "YoY growth: +7.7% vs prior quarter YoY: -4.3% (accel: +12.0%)",
      "severity": "MEDIUM"
    },
    {
      "quarter": "2024-06 (Q2)",
      "signal": "YoY REVENUE GROWTH ACCELERATION",
      "detail": "YoY growth: -4.3% vs prior quarter YoY: -17.9% (accel: +13.6%)",
      "severity": "MEDIUM"
    },
    {
      "quarter": "2024-06 (Q2)",
      "signal": "INCREMENTAL MARGIN (YoY)",
      "detail": "YoY Incr OPM: +118.4% vs year-ago OPM: +20.4%",
      "severity": "HIGH"
    },
    {
      "quarter": "2024-03 (Q1)",
      "signal": "YoY REVENUE GROWTH ACCELERATION",
      "detail": "YoY growth: -17.9% vs prior quarter YoY: -24.6% (accel: +6.7%)",
      "severity": "MEDIUM"
    },
    {
      "quarter": "2024-03 (Q1)",
      "signal": "INCREMENTAL MARGIN (YoY)",
      "detail": "YoY Incr OPM: +33.2% vs year-ago OPM: +18.0%",
      "severity": "MEDIUM"
    },
    {
      "quarter": "2023-12 (Q4)",
      "signal": "FCF MARGIN EXPANSION",
      "detail": "FCF margin: +5.6% -> +25.8% (+20.2%)",
      "severity": "MEDIUM"
    },
    {
      "quarter": "2023-12 (Q4)",
      "signal": "GROSS MARGIN INFLECTION",
      "detail": "GM: +40.9% -> +39.6% -> +41.8% (reversal +2.2%)",
      "severity": "MEDIUM"
    },
    {
      "quarter": "2023-09 (Q3)",
      "signal": "YoY REVENUE GROWTH DECELERATION",
      "detail": "YoY growth: -24.5% vs prior quarter YoY: -11.0% (decel: -13.6%)",
      "severity": "WARNING"
    },
    {
      "quarter": "2023-06 (Q2)",
      "signal": "FCF TURNED POSITIVE",
      "detail": "FCF margin: -2.5% -> +7.5%",
      "severity": "HIGH"
    },
    {
      "quarter": "2023-06 (Q2)",
      "signal": "YoY REVENUE GROWTH DECELERATION",
      "detail": "YoY growth: -11.0% vs prior quarter YoY: +45.3% (decel: -56.3%)",
      "severity": "WARNING"
    },
    {
      "quarter": "2023-03 (Q1)",
      "signal": "YoY REVENUE GROWTH DECELERATION",
      "detail": "YoY growth: +45.3% vs prior quarter YoY: +82.9% (decel: -37.6%)",
      "severity": "WARNING"
    },
    {
      "quarter": "2023-03 (Q1)",
      "signal": "INCREMENTAL MARGIN (YoY)",
      "detail": "YoY Incr OPM: +28.9% vs year-ago OPM: +13.0%",
      "severity": "MEDIUM"
    },
    {
      "quarter": "2022-12 (Q4)",
      "signal": "FCF TURNED POSITIVE",
      "detail": "FCF margin: -6.2% -> +2.6%",
      "severity": "HIGH"
    },
    {
      "quarter": "2022-12 (Q4)",
      "signal": "INCREMENTAL MARGIN (YoY)",
      "detail": "YoY Incr OPM: +21.9% vs year-ago OPM: +3.8%",
      "severity": "MEDIUM"
    },
    {
      "quarter": "2022-09 (Q3)",
      "signal": "OPERATING LEVERAGE",
      "detail": "Rev growth +6.5% vs OpEx growth +2.6% (leverage: 2.5x)",
      "severity": "MEDIUM"
    },
    {
      "quarter": "2022-09 (Q3)",
      "signal": "YoY REVENUE GROWTH DECELERATION",
      "detail": "YoY growth: +87.0% vs prior quarter YoY: +146.5% (decel: -59.5%)",
      "severity": "WARNING"
    },
    {
      "quarter": "2022-09 (Q3)",
      "signal": "INCREMENTAL MARGIN (YoY)",
      "detail": "YoY Incr OPM: +27.9% vs year-ago OPM: +4.1%",
      "severity": "HIGH"
    },
    {
      "quarter": "2022-06 (Q2)",
      "signal": "YoY REVENUE GROWTH ACCELERATION",
      "detail": "YoY growth: +146.5% vs prior quarter YoY: +98.5% (accel: +48.0%)",
      "severity": "HIGH"
    },
    {
      "quarter": "2022-06 (Q2)",
      "signal": "OP MARGIN TURNED POSITIVE (YoY)",
      "detail": "Op margin: -5.8% (year-ago) -> +11.9%",
      "severity": "HIGH"
    },
    {
      "quarter": "2022-03 (Q1)",
      "signal": "OPERATING LEVERAGE",
      "detail": "Rev growth +23.9% vs OpEx growth +11.9% (leverage: 2.0x)",
      "severity": "MEDIUM"
    },
    {
      "quarter": "2022-03 (Q1)",
      "signal": "YoY REVENUE GROWTH ACCELERATION",
      "detail": "YoY growth: +98.5% vs prior quarter YoY: +81.8% (accel: +16.7%)",
      "severity": "HIGH"
    },
    {
      "quarter": "2022-03 (Q1)",
      "signal": "OP MARGIN TURNED POSITIVE (YoY)",
      "detail": "Op margin: -7.3% (year-ago) -> +13.0%",
      "severity": "HIGH"
    },
    {
      "quarter": "2021-12 (Q4)",
      "signal": "GROSS MARGIN INFLECTION",
      "detail": "GM: +28.6% -> +22.1% -> +29.0% (reversal +6.8%)",
      "severity": "HIGH"
    },
    {
      "quarter": "2021-12 (Q4)",
      "signal": "OP MARGIN TURNED POSITIVE (YoY)",
      "detail": "Op margin: -13.5% (year-ago) -> +3.8%",
      "severity": "HIGH"
    },
    {
      "quarter": "2021-09 (Q3)",
      "signal": "FCF TURNED POSITIVE",
      "detail": "FCF margin: -10.8% -> +3.4%",
      "severity": "HIGH"
    },
    {
      "quarter": "2021-09 (Q3)",
      "signal": "OP MARGIN TURNED POSITIVE (QoQ)",
      "detail": "Op margin: -5.8% -> +4.1%",
      "severity": "HIGH"
    },
    {
      "quarter": "2021-03 (Q1)",
      "signal": "OPERATING LEVERAGE",
      "detail": "Rev growth +13.4% vs OpEx growth +7.2% (leverage: 1.9x)",
      "severity": "MEDIUM"
    }
  ],
  "data_quality": {
    "n_quarters": 20,
    "coverage": {
      "revenue": [
        20,
        20
      ],
      "gross_profit": [
        15,
        20
      ],
      "op_income": [
        20,
        20
      ],
      "fcf": [
        20,
        20
      ]
    },
    "gaps": [],
    "warnings": [
      "gross_profit: 15/20Q"
    ]
  },
  "market_cap": null,
  "source": "SEC EDGAR",
  "last_updated": "2026-02-02T21:14:12.375186"
}