{
  "ticker": "SEIC",
  "name": "SEI INVESTMENTS COMPANY",
  "quarters": [
    {
      "date": "2020-12-31T00:00:00",
      "quarter_label": "2020-12 (Q4)",
      "revenue": 443723000,
      "gross_profit": 144594000,
      "operating_income": 124010000,
      "net_income": 125882000,
      "opex": 319713000,
      "cogs": null,
      "rd": null,
      "sga": null,
      "fcf": 80823000,
      "ocf": 92158000,
      "capex": -11335000,
      "gross_margin": 0.3258654611097464,
      "op_margin": 0.2794761596761944,
      "fcf_margin": 0.18214742080081492
    },
    {
      "date": "2021-03-31T00:00:00",
      "quarter_label": "2021-03 (Q1)",
      "revenue": 455686000,
      "gross_profit": 154353000,
      "operating_income": 132837000,
      "net_income": 129470000,
      "opex": 322849000,
      "cogs": null,
      "rd": null,
      "sga": null,
      "fcf": 132355000,
      "ocf": 136573000,
      "capex": -4218000,
      "gross_margin": 0.33872666704704557,
      "op_margin": 0.2915099432503961,
      "fcf_margin": 0.29045219734641836,
      "op_leverage_ratio": 2.748605453378089,
      "fcf_margin_change": 0.10830477654560344
    },
    {
      "date": "2021-06-30T00:00:00",
      "quarter_label": "2021-06 (Q2)",
      "revenue": 475651000,
      "gross_profit": 158343000,
      "operating_income": 136021000,
      "net_income": 133778000,
      "opex": 339630000,
      "cogs": null,
      "rd": null,
      "sga": null,
      "fcf": 177173000,
      "ocf": 188424000,
      "capex": -11251000,
      "gross_margin": 0.33289743950922,
      "op_margin": 0.28596807323016243,
      "fcf_margin": 0.37248528858343616,
      "op_leverage_ratio": 0.8429178227165152,
      "fcf_margin_change": 0.0820330912370178
    },
    {
      "date": "2021-09-30T00:00:00",
      "quarter_label": "2021-09 (Q3)",
      "revenue": 485322000,
      "gross_profit": 162479000,
      "operating_income": 141125000,
      "net_income": 138045000,
      "opex": 344197000,
      "cogs": null,
      "rd": null,
      "sga": null,
      "fcf": 151833000,
      "ocf": 158884000,
      "capex": -7051000,
      "gross_margin": 0.3347859771450707,
      "op_margin": 0.2907863233070003,
      "fcf_margin": 0.3128500253439984,
      "op_leverage_ratio": 1.5120216255290342,
      "fcf_margin_change": -0.05963526323943774
    },
    {
      "date": "2021-12-31T00:00:00",
      "quarter_label": "2021-12 (Q4)",
      "revenue": 501650000,
      "gross_profit": 170060000,
      "operating_income": 143398000,
      "net_income": 145300000,
      "opex": 358252000,
      "cogs": null,
      "rd": null,
      "sga": null,
      "fcf": 145241000,
      "ocf": 149220000,
      "capex": -3979000,
      "gross_margin": 0.3390012957241104,
      "op_margin": 0.28585268613575204,
      "fcf_margin": 0.28952656234426394,
      "incr_op_margin_yoy": 0.33469711878743935,
      "rev_growth_yoy": 0.13054766149151611,
      "op_leverage_ratio": 0.823908994168858,
      "fcf_margin_change": -0.02332346299973448
    },
    {
      "date": "2022-03-31T00:00:00",
      "quarter_label": "2022-03 (Q1)",
      "revenue": 581443000,
      "gross_profit": 238823000,
      "operating_income": 214799000,
      "net_income": 190308000,
      "opex": 366644000,
      "cogs": null,
      "rd": null,
      "sga": null,
      "fcf": 251144000,
      "ocf": 260427000,
      "capex": -9283000,
      "gross_margin": 0.41074189559423707,
      "op_margin": 0.3694240020087954,
      "fcf_margin": 0.43193227883042706,
      "incr_op_margin_yoy": 0.6517490080075066,
      "rev_growth_yoy": 0.2759729287272376,
      "rev_growth_yoy_accel": 0.1454252672357215,
      "op_leverage_ratio": 6.790271283981165,
      "fcf_margin_change": 0.14240571648616313
    },
    {
      "date": "2022-06-30T00:00:00",
      "quarter_label": "2022-06 (Q2)",
      "revenue": 481670000,
      "gross_profit": 139659000,
      "operating_income": 115860000,
      "net_income": 111276000,
      "opex": 365810000,
      "cogs": null,
      "rd": null,
      "sga": null,
      "fcf": 59650000,
      "ocf": 70188000,
      "capex": -10538000,
      "gross_margin": 0.2899474744119418,
      "op_margin": 0.2405381277638217,
      "fcf_margin": 0.12383997342578944,
      "incr_op_margin_yoy": -3.34955972752949,
      "rev_growth_yoy": 0.012654235983946212,
      "rev_growth_yoy_accel": -0.2633186927432914,
      "fcf_margin_change": -0.3080923054046376
    },
    {
      "date": "2022-09-30T00:00:00",
      "quarter_label": "2022-09 (Q3)",
      "revenue": 471334000,
      "gross_profit": 140583000,
      "operating_income": 51046000,
      "net_income": 61659000,
      "opex": 420288000,
      "cogs": null,
      "rd": null,
      "sga": null,
      "fcf": 85406000,
      "ocf": 97904000,
      "capex": -12498000,
      "gross_margin": 0.2982661976432848,
      "op_margin": 0.10830111980039632,
      "fcf_margin": 0.1812005923612555,
      "incr_op_margin_yoy": 6.439734057763798,
      "rev_growth_yoy": -0.02882210161501024,
      "rev_growth_yoy_accel": -0.041476337598956456,
      "fcf_margin_change": 0.057360618935466054
    },
    {
      "date": "2022-12-31T00:00:00",
      "quarter_label": "2022-12 (Q4)",
      "revenue": 456590000,
      "gross_profit": 124852000,
      "operating_income": 94048000,
      "net_income": 112224000,
      "opex": 362542000,
      "cogs": null,
      "rd": null,
      "sga": null,
      "fcf": 130728000,
      "ocf": 137600000,
      "capex": -6872000,
      "gross_margin": 0.273444446877943,
      "op_margin": 0.20597910598129612,
      "fcf_margin": 0.2863137607043518,
      "incr_op_margin_yoy": 1.0952063914780292,
      "rev_growth_yoy": -0.08982358217880992,
      "rev_growth_yoy_accel": -0.061001480563799684,
      "fcf_margin_change": 0.10511316834309634
    },
    {
      "date": "2023-03-31T00:00:00",
      "quarter_label": "2023-03 (Q1)",
      "revenue": 469119000,
      "gross_profit": 132919000,
      "operating_income": 101767000,
      "net_income": 107015000,
      "opex": 367352000,
      "cogs": null,
      "rd": null,
      "sga": null,
      "fcf": 103724000,
      "ocf": 114364000,
      "capex": -10640000,
      "gross_margin": 0.2833374900611572,
      "op_margin": 0.21693216433356996,
      "fcf_margin": 0.221103813744487,
      "incr_op_margin_yoy": 1.0063031943306862,
      "rev_growth_yoy": -0.1931814468486163,
      "rev_growth_yoy_accel": -0.10335786466980637,
      "op_leverage_ratio": 2.0682510979543327,
      "fcf_margin_change": -0.06520994695986482
    },
    {
      "date": "2023-06-30T00:00:00",
      "quarter_label": "2023-06 (Q2)",
      "revenue": 489057000,
      "gross_profit": 144970000,
      "operating_income": 112601000,
      "net_income": 118851000,
      "opex": 376456000,
      "cogs": null,
      "rd": null,
      "sga": null,
      "fcf": 62260000,
      "ocf": 68090000,
      "capex": -5830000,
      "gross_margin": 0.29642761477700963,
      "op_margin": 0.23024105574605824,
      "fcf_margin": 0.12730622401887715,
      "incr_op_margin_yoy": -0.4411804521456613,
      "rev_growth_yoy": 0.015336226046878568,
      "rev_growth_yoy_accel": 0.20851767289549486,
      "op_leverage_ratio": 1.7149392033740425,
      "fcf_margin_change": -0.09379758972560986
    },
    {
      "date": "2023-09-30T00:00:00",
      "quarter_label": "2023-09 (Q3)",
      "revenue": 476759000,
      "gross_profit": 139469000,
      "operating_income": 108472000,
      "net_income": 115661000,
      "opex": 368287000,
      "cogs": null,
      "rd": null,
      "sga": null,
      "fcf": 156884000,
      "ocf": 163528000,
      "capex": -6644000,
      "gross_margin": 0.2925356416973775,
      "op_margin": 0.2275195643920723,
      "fcf_margin": 0.3290635310502791,
      "incr_op_margin_yoy": 10.585437788018433,
      "rev_growth_yoy": 0.011509884710205502,
      "rev_growth_yoy_accel": -0.0038263413366730666,
      "fcf_margin_change": 0.20175730703140193
    },
    {
      "date": "2023-12-31T00:00:00",
      "quarter_label": "2023-12 (Q4)",
      "revenue": 484858000,
      "gross_profit": 139407000,
      "operating_income": 101684000,
      "net_income": 120731000,
      "opex": 383174000,
      "cogs": null,
      "rd": null,
      "sga": null,
      "fcf": 99327000,
      "ocf": 101048000,
      "capex": -1721000,
      "gross_margin": 0.2875212948945877,
      "op_margin": 0.2097191342619901,
      "fcf_margin": 0.20485791716337567,
      "incr_op_margin_yoy": 0.2701287675109665,
      "rev_growth_yoy": 0.061911123765303666,
      "rev_growth_yoy_accel": 0.05040123905509816,
      "op_leverage_ratio": 0.4202538488606574,
      "fcf_margin_change": -0.1242056138869034
    },
    {
      "date": "2024-03-31T00:00:00",
      "quarter_label": "2024-03 (Q1)",
      "revenue": 511579000,
      "gross_profit": 163605000,
      "operating_income": 125851000,
      "net_income": 131400000,
      "opex": 385728000,
      "cogs": null,
      "rd": null,
      "sga": null,
      "fcf": 99222000,
      "ocf": 112294000,
      "capex": -13072000,
      "gross_margin": 0.31980397944403505,
      "op_margin": 0.24600501584310536,
      "fcf_margin": 0.1939524491818468,
      "incr_op_margin_yoy": 0.5672162034856335,
      "rev_growth_yoy": 0.09051008379536962,
      "rev_growth_yoy_accel": 0.028598960030065956,
      "op_leverage_ratio": 8.268243936329428,
      "fcf_margin_change": -0.010905467981528888
    },
    {
      "date": "2024-06-30T00:00:00",
      "quarter_label": "2024-06 (Q2)",
      "revenue": 518986000,
      "gross_profit": 169850000,
      "operating_income": 136514000,
      "net_income": 139120000,
      "opex": 382472000,
      "cogs": null,
      "rd": null,
      "sga": null,
      "fcf": 106999000,
      "ocf": 114736000,
      "capex": -7737000,
      "gross_margin": 0.32727279733942727,
      "op_margin": 0.2630398507859557,
      "fcf_margin": 0.20616933790121506,
      "incr_op_margin_yoy": 0.798990945237061,
      "rev_growth_yoy": 0.06119736554225785,
      "rev_growth_yoy_accel": -0.02931271825311177,
      "op_leverage_ratio": Infinity,
      "fcf_margin_change": 0.012216888719368268
    },
    {
      "date": "2024-09-30T00:00:00",
      "quarter_label": "2024-09 (Q3)",
      "revenue": 537396000,
      "gross_profit": 181738000,
      "operating_income": 143832000,
      "net_income": 154900000,
      "opex": 393564000,
      "cogs": null,
      "rd": null,
      "sga": null,
      "fcf": 193650000,
      "ocf": 200044000,
      "capex": -6394000,
      "gross_margin": 0.33818264371152745,
      "op_margin": 0.2676462050331599,
      "fcf_margin": 0.3603487930687984,
      "incr_op_margin_yoy": 0.5831423058528621,
      "rev_growth_yoy": 0.12718585281032974,
      "rev_growth_yoy_accel": 0.06598848726807188,
      "op_leverage_ratio": 1.2231731290146552,
      "fcf_margin_change": 0.15417945516758336
    },
    {
      "date": "2024-12-31T00:00:00",
      "quarter_label": "2024-12 (Q4)",
      "revenue": 557190000,
      "gross_profit": 184196000,
      "operating_income": 145544000,
      "net_income": 155771000,
      "opex": 411646000,
      "cogs": null,
      "rd": null,
      "sga": null,
      "fcf": 190246000,
      "ocf": 195269000,
      "capex": -5023000,
      "gross_margin": 0.33058023295464745,
      "op_margin": 0.26121071806744556,
      "fcf_margin": 0.34143828855507097,
      "incr_op_margin_yoy": 0.6063706243433059,
      "rev_growth_yoy": 0.14918182230673724,
      "rev_growth_yoy_accel": 0.021995969496407503,
      "op_leverage_ratio": 0.8016928999874812,
      "fcf_margin_change": -0.018910504513727444
    },
    {
      "date": "2025-03-31T00:00:00",
      "quarter_label": "2025-03 (Q1)",
      "revenue": 551344000,
      "gross_profit": 192563000,
      "operating_income": 157097000,
      "net_income": 151517000,
      "opex": 394247000,
      "cogs": null,
      "rd": null,
      "sga": null,
      "fcf": 137814000,
      "ocf": 146480000,
      "capex": -8666000,
      "gross_margin": 0.3492610783830059,
      "op_margin": 0.28493463246176615,
      "fcf_margin": 0.24996009750718245,
      "incr_op_margin_yoy": 0.7857663774676222,
      "rev_growth_yoy": 0.07772993027469853,
      "rev_growth_yoy_accel": -0.07145189203203871,
      "fcf_margin_change": -0.09147819104788851
    },
    {
      "date": "2025-06-30T00:00:00",
      "quarter_label": "2025-06 (Q2)",
      "revenue": 559601000,
      "gross_profit": 189153000,
      "operating_income": 148635000,
      "net_income": 227083000,
      "opex": 410966000,
      "cogs": null,
      "rd": null,
      "sga": null,
      "fcf": 92740000,
      "ocf": 96525000,
      "capex": -3785000,
      "gross_margin": 0.33801404929583756,
      "op_margin": 0.2656088891906912,
      "fcf_margin": 0.16572522207787335,
      "incr_op_margin_yoy": 0.29843653822479377,
      "rev_growth_yoy": 0.07825837305823279,
      "rev_growth_yoy_accel": 0.0005284427835342553,
      "op_leverage_ratio": 0.3531487971627009,
      "fcf_margin_change": -0.0842348754293091
    },
    {
      "date": "2025-09-30T00:00:00",
      "quarter_label": "2025-09 (Q3)",
      "revenue": 578511000,
      "gross_profit": 202755000,
      "operating_income": 159961000,
      "net_income": 164204000,
      "opex": 418550000,
      "cogs": null,
      "rd": null,
      "sga": null,
      "fcf": 229641000,
      "ocf": 238259000,
      "capex": -8618000,
      "gross_margin": 0.35047734615245,
      "op_margin": 0.2765046818470176,
      "fcf_margin": 0.39695182978370336,
      "incr_op_margin_yoy": 0.39228991852122097,
      "rev_growth_yoy": 0.0765078266306411,
      "rev_growth_yoy_accel": -0.0017505464275916899,
      "op_leverage_ratio": 1.8311360634762694,
      "fcf_margin_change": 0.23122660770583
    }
  ],
  "signals": [
    {
      "quarter": "2025-09 (Q3)",
      "signal": "FCF MARGIN EXPANSION",
      "detail": "FCF margin: +16.6% -> +39.7% (+23.1%)",
      "severity": "MEDIUM"
    },
    {
      "quarter": "2025-09 (Q3)",
      "signal": "OPERATING LEVERAGE",
      "detail": "Rev growth +3.4% vs OpEx growth +1.8% (leverage: 1.8x)",
      "severity": "MEDIUM"
    },
    {
      "quarter": "2025-09 (Q3)",
      "signal": "INCREMENTAL MARGIN (YoY)",
      "detail": "YoY Incr OPM: +39.2% vs year-ago OPM: +26.8%",
      "severity": "MEDIUM"
    },
    {
      "quarter": "2025-03 (Q1)",
      "signal": "YoY REVENUE GROWTH DECELERATION",
      "detail": "YoY growth: +7.8% vs prior quarter YoY: +14.9% (decel: -7.1%)",
      "severity": "WARNING"
    },
    {
      "quarter": "2025-03 (Q1)",
      "signal": "INCREMENTAL MARGIN (YoY)",
      "detail": "YoY Incr OPM: +78.6% vs year-ago OPM: +24.6%",
      "severity": "HIGH"
    },
    {
      "quarter": "2024-12 (Q4)",
      "signal": "INCREMENTAL MARGIN (YoY)",
      "detail": "YoY Incr OPM: +60.6% vs year-ago OPM: +21.0%",
      "severity": "HIGH"
    },
    {
      "quarter": "2024-09 (Q3)",
      "signal": "FCF MARGIN EXPANSION",
      "detail": "FCF margin: +20.6% -> +36.0% (+15.4%)",
      "severity": "MEDIUM"
    },
    {
      "quarter": "2024-09 (Q3)",
      "signal": "YoY REVENUE GROWTH ACCELERATION",
      "detail": "YoY growth: +12.7% vs prior quarter YoY: +6.1% (accel: +6.6%)",
      "severity": "MEDIUM"
    },
    {
      "quarter": "2024-09 (Q3)",
      "signal": "INCREMENTAL MARGIN (YoY)",
      "detail": "YoY Incr OPM: +58.3% vs year-ago OPM: +22.8%",
      "severity": "HIGH"
    },
    {
      "quarter": "2024-06 (Q2)",
      "signal": "INCREMENTAL MARGIN (YoY)",
      "detail": "YoY Incr OPM: +79.9% vs year-ago OPM: +23.0%",
      "severity": "HIGH"
    },
    {
      "quarter": "2024-03 (Q1)",
      "signal": "OPERATING LEVERAGE",
      "detail": "Rev growth +5.5% vs OpEx growth +0.7% (leverage: 8.3x)",
      "severity": "MEDIUM"
    },
    {
      "quarter": "2024-03 (Q1)",
      "signal": "GROSS MARGIN INFLECTION",
      "detail": "GM: +29.3% -> +28.8% -> +32.0% (reversal +3.2%)",
      "severity": "MEDIUM"
    },
    {
      "quarter": "2024-03 (Q1)",
      "signal": "INCREMENTAL MARGIN (YoY)",
      "detail": "YoY Incr OPM: +56.7% vs year-ago OPM: +21.7%",
      "severity": "HIGH"
    },
    {
      "quarter": "2023-12 (Q4)",
      "signal": "YoY REVENUE GROWTH ACCELERATION",
      "detail": "YoY growth: +6.2% vs prior quarter YoY: +1.2% (accel: +5.0%)",
      "severity": "MEDIUM"
    },
    {
      "quarter": "2023-09 (Q3)",
      "signal": "FCF MARGIN EXPANSION",
      "detail": "FCF margin: +12.7% -> +32.9% (+20.2%)",
      "severity": "MEDIUM"
    },
    {
      "quarter": "2023-09 (Q3)",
      "signal": "INCREMENTAL MARGIN (YoY)",
      "detail": "YoY Incr OPM: +1058.5% vs year-ago OPM: +10.8%",
      "severity": "HIGH"
    },
    {
      "quarter": "2023-06 (Q2)",
      "signal": "OPERATING LEVERAGE",
      "detail": "Rev growth +4.3% vs OpEx growth +2.5% (leverage: 1.7x)",
      "severity": "MEDIUM"
    },
    {
      "quarter": "2023-06 (Q2)",
      "signal": "YoY REVENUE GROWTH ACCELERATION",
      "detail": "YoY growth: +1.5% vs prior quarter YoY: -19.3% (accel: +20.9%)",
      "severity": "HIGH"
    },
    {
      "quarter": "2023-03 (Q1)",
      "signal": "OPERATING LEVERAGE",
      "detail": "Rev growth +2.7% vs OpEx growth +1.3% (leverage: 2.1x)",
      "severity": "MEDIUM"
    },
    {
      "quarter": "2023-03 (Q1)",
      "signal": "YoY REVENUE GROWTH DECELERATION",
      "detail": "YoY growth: -19.3% vs prior quarter YoY: -9.0% (decel: -10.3%)",
      "severity": "WARNING"
    },
    {
      "quarter": "2023-03 (Q1)",
      "signal": "INCREMENTAL MARGIN (YoY)",
      "detail": "YoY Incr OPM: +100.6% vs year-ago OPM: +36.9%",
      "severity": "HIGH"
    },
    {
      "quarter": "2022-12 (Q4)",
      "signal": "FCF MARGIN EXPANSION",
      "detail": "FCF margin: +18.1% -> +28.6% (+10.5%)",
      "severity": "MEDIUM"
    },
    {
      "quarter": "2022-12 (Q4)",
      "signal": "YoY REVENUE GROWTH DECELERATION",
      "detail": "YoY growth: -9.0% vs prior quarter YoY: -2.9% (decel: -6.1%)",
      "severity": "WARNING"
    },
    {
      "quarter": "2022-12 (Q4)",
      "signal": "INCREMENTAL MARGIN (YoY)",
      "detail": "YoY Incr OPM: +109.5% vs year-ago OPM: +28.6%",
      "severity": "HIGH"
    },
    {
      "quarter": "2022-09 (Q3)",
      "signal": "FCF MARGIN EXPANSION",
      "detail": "FCF margin: +12.4% -> +18.1% (+5.7%)",
      "severity": "MEDIUM"
    },
    {
      "quarter": "2022-09 (Q3)",
      "signal": "INCREMENTAL MARGIN (YoY)",
      "detail": "YoY Incr OPM: +644.0% vs year-ago OPM: +29.1%",
      "severity": "HIGH"
    },
    {
      "quarter": "2022-06 (Q2)",
      "signal": "YoY REVENUE GROWTH DECELERATION",
      "detail": "YoY growth: +1.3% vs prior quarter YoY: +27.6% (decel: -26.3%)",
      "severity": "WARNING"
    },
    {
      "quarter": "2022-03 (Q1)",
      "signal": "FCF MARGIN EXPANSION",
      "detail": "FCF margin: +29.0% -> +43.2% (+14.2%)",
      "severity": "MEDIUM"
    },
    {
      "quarter": "2022-03 (Q1)",
      "signal": "OPERATING LEVERAGE",
      "detail": "Rev growth +15.9% vs OpEx growth +2.3% (leverage: 6.8x)",
      "severity": "MEDIUM"
    },
    {
      "quarter": "2022-03 (Q1)",
      "signal": "YoY REVENUE GROWTH ACCELERATION",
      "detail": "YoY growth: +27.6% vs prior quarter YoY: +13.1% (accel: +14.5%)",
      "severity": "MEDIUM"
    },
    {
      "quarter": "2022-03 (Q1)",
      "signal": "INCREMENTAL MARGIN (YoY)",
      "detail": "YoY Incr OPM: +65.2% vs year-ago OPM: +29.2%",
      "severity": "HIGH"
    },
    {
      "quarter": "2021-09 (Q3)",
      "signal": "OPERATING LEVERAGE",
      "detail": "Rev growth +2.0% vs OpEx growth +1.3% (leverage: 1.5x)",
      "severity": "MEDIUM"
    },
    {
      "quarter": "2021-06 (Q2)",
      "signal": "FCF MARGIN EXPANSION",
      "detail": "FCF margin: +29.0% -> +37.2% (+8.2%)",
      "severity": "MEDIUM"
    },
    {
      "quarter": "2021-03 (Q1)",
      "signal": "FCF MARGIN EXPANSION",
      "detail": "FCF margin: +18.2% -> +29.0% (+10.8%)",
      "severity": "MEDIUM"
    },
    {
      "quarter": "2021-03 (Q1)",
      "signal": "OPERATING LEVERAGE",
      "detail": "Rev growth +2.7% vs OpEx growth +1.0% (leverage: 2.7x)",
      "severity": "MEDIUM"
    }
  ],
  "data_quality": {
    "n_quarters": 20,
    "coverage": {
      "revenue": [
        20,
        20
      ],
      "gross_profit": [
        20,
        20
      ],
      "op_income": [
        20,
        20
      ],
      "fcf": [
        20,
        20
      ]
    },
    "gaps": [],
    "warnings": []
  },
  "market_cap": null,
  "source": "SEC EDGAR",
  "last_updated": "2026-02-02T20:36:48.067577"
}