{
  "ticker": "SEMR",
  "name": "Semrush Holdings, Inc.",
  "quarters": [
    {
      "date": "2020-12-31T00:00:00",
      "quarter_label": "2020-12 (Q4)",
      "revenue": 36440000,
      "gross_profit": 27907000,
      "operating_income": -1648000,
      "net_income": -1937000,
      "opex": 29555000,
      "cogs": 8533000,
      "rd": 5087000,
      "sga": null,
      "fcf": 3622000,
      "ocf": 4078000,
      "capex": -456000,
      "gross_margin": 0.765834248079034,
      "op_margin": -0.04522502744237102,
      "fcf_margin": 0.09939626783754116
    },
    {
      "date": "2021-03-31T00:00:00",
      "quarter_label": "2021-03 (Q1)",
      "revenue": 39998000,
      "gross_profit": 31225000,
      "operating_income": 1506000,
      "net_income": 1471000,
      "opex": 29719000,
      "cogs": 8773000,
      "rd": 5358000,
      "sga": null,
      "fcf": 8841000,
      "ocf": 9007000,
      "capex": -166000,
      "gross_margin": 0.7806640332016601,
      "op_margin": 0.03765188259412971,
      "fcf_margin": 0.22103605180259012,
      "op_leverage_ratio": 17.59602989210463,
      "fcf_margin_change": 0.12163978396504896
    },
    {
      "date": "2021-06-30T00:00:00",
      "quarter_label": "2021-06 (Q2)",
      "revenue": 45005000,
      "gross_profit": 34767000,
      "operating_income": -15000,
      "net_income": -279000,
      "opex": 34782000,
      "cogs": 10238000,
      "rd": 5964000,
      "sga": null,
      "fcf": 468000,
      "ocf": 1052000,
      "capex": -584000,
      "gross_margin": 0.7725141650927675,
      "op_margin": -0.00033329630041106545,
      "fcf_margin": 0.010398844572825241,
      "op_leverage_ratio": 0.7347939636760626,
      "fcf_margin_change": -0.21063720722976487
    },
    {
      "date": "2021-09-30T00:00:00",
      "quarter_label": "2021-09 (Q3)",
      "revenue": 49252000,
      "gross_profit": 37890000,
      "operating_income": -330000,
      "net_income": -615000,
      "opex": 38220000,
      "cogs": 11362000,
      "rd": 6174000,
      "sga": null,
      "fcf": 7883000,
      "ocf": 8691000,
      "capex": -808000,
      "gross_margin": 0.7693088605538861,
      "op_margin": -0.006700235523430521,
      "fcf_margin": 0.16005441403394785,
      "op_leverage_ratio": 0.9547071461712708,
      "fcf_margin_change": 0.1496555694611226
    },
    {
      "date": "2021-12-31T00:00:00",
      "quarter_label": "2021-12 (Q4)",
      "revenue": 53746000,
      "gross_profit": 42185000,
      "operating_income": -3654000,
      "net_income": -3862000,
      "opex": 45839000,
      "cogs": 11561000,
      "rd": 6825000,
      "sga": null,
      "fcf": 4189000,
      "ocf": 5011000,
      "capex": -822000,
      "gross_margin": 0.7848956201391731,
      "op_margin": -0.06798645480593905,
      "fcf_margin": 0.07794068395787593,
      "incr_op_margin_yoy": -0.11591355599214145,
      "rev_growth_yoy": 0.4749176728869374,
      "op_leverage_ratio": 0.4577221259707916,
      "fcf_margin_change": -0.08211373007607192
    },
    {
      "date": "2022-03-31T00:00:00",
      "quarter_label": "2022-03 (Q1)",
      "revenue": 57128000,
      "gross_profit": 45541000,
      "operating_income": -2590000,
      "net_income": -2571000,
      "opex": 48131000,
      "cogs": 11587000,
      "rd": 8138000,
      "sga": null,
      "fcf": 7656000,
      "ocf": 8026000,
      "capex": -370000,
      "gross_margin": 0.7971747654390141,
      "op_margin": -0.04533678756476684,
      "fcf_margin": 0.13401484385940343,
      "incr_op_margin_yoy": -0.23911266783420898,
      "rev_growth_yoy": 0.42827141357067855,
      "rev_growth_yoy_accel": -0.046646259316258876,
      "op_leverage_ratio": 1.2584848069216272,
      "fcf_margin_change": 0.056074159901527504
    },
    {
      "date": "2022-06-30T00:00:00",
      "quarter_label": "2022-06 (Q2)",
      "revenue": 62610000,
      "gross_profit": 50012000,
      "operating_income": -8256000,
      "net_income": -8284000,
      "opex": 58268000,
      "cogs": 12598000,
      "rd": 9671000,
      "sga": null,
      "fcf": -9865000,
      "ocf": -7437000,
      "capex": -2428000,
      "gross_margin": 0.7987861363999361,
      "op_margin": -0.13186391950167706,
      "fcf_margin": -0.1575626896661875,
      "incr_op_margin_yoy": -0.4681056518034649,
      "rev_growth_yoy": 0.39117875791578716,
      "rev_growth_yoy_accel": -0.03709265565489139,
      "op_leverage_ratio": 0.45562280098320285,
      "fcf_margin_change": -0.2915775335255909
    },
    {
      "date": "2022-09-30T00:00:00",
      "quarter_label": "2022-09 (Q3)",
      "revenue": 65793000,
      "gross_profit": 53388000,
      "operating_income": -10254000,
      "net_income": -9092000,
      "opex": 63642000,
      "cogs": 12405000,
      "rd": 10134000,
      "sga": null,
      "fcf": -1801000,
      "ocf": -583000,
      "capex": -1218000,
      "gross_margin": 0.8114541060599152,
      "op_margin": -0.15585244630887785,
      "fcf_margin": -0.02737373276792364,
      "incr_op_margin_yoy": -0.5999637264977934,
      "rev_growth_yoy": 0.33584422967595223,
      "rev_growth_yoy_accel": -0.055334528239834924,
      "op_leverage_ratio": 0.5512205299469362,
      "fcf_margin_change": 0.13018895689826387
    },
    {
      "date": "2022-12-31T00:00:00",
      "quarter_label": "2022-12 (Q4)",
      "revenue": 68785000,
      "gross_profit": 56822000,
      "operating_income": -15273000,
      "net_income": -13901000,
      "opex": 72095000,
      "cogs": 11963000,
      "rd": 13261000,
      "sga": null,
      "fcf": -9848000,
      "ocf": -9630000,
      "capex": -218000,
      "gross_margin": 0.8260812677182525,
      "op_margin": -0.2220396888856582,
      "fcf_margin": -0.14317074943665042,
      "incr_op_margin_yoy": -0.772591262716936,
      "rev_growth_yoy": 0.2798161723663156,
      "rev_growth_yoy_accel": -0.056028057309636614,
      "op_leverage_ratio": 0.34238509460397826,
      "fcf_margin_change": -0.11579701666872678
    },
    {
      "date": "2023-03-31T00:00:00",
      "quarter_label": "2023-03 (Q1)",
      "revenue": 70870000,
      "gross_profit": 58231000,
      "operating_income": -10768000,
      "net_income": -9860000,
      "opex": 68999000,
      "cogs": 12639000,
      "rd": 13880000,
      "sga": null,
      "fcf": -3877000,
      "ocf": -3609000,
      "capex": -268000,
      "gross_margin": 0.8216593763228447,
      "op_margin": -0.15194017214618316,
      "fcf_margin": -0.05470579935092423,
      "incr_op_margin_yoy": -0.5951098821132295,
      "rev_growth_yoy": 0.24054754236101386,
      "rev_growth_yoy_accel": -0.03926863000530176,
      "op_leverage_ratio": Infinity,
      "fcf_margin_change": 0.08846495008572619
    },
    {
      "date": "2023-06-30T00:00:00",
      "quarter_label": "2023-06 (Q2)",
      "revenue": 74693000,
      "gross_profit": 61721000,
      "operating_income": -2329000,
      "net_income": -279000,
      "opex": 64050000,
      "cogs": 12972000,
      "rd": 14116000,
      "sga": null,
      "fcf": -7003000,
      "ocf": -6314000,
      "capex": -689000,
      "gross_margin": 0.8263291071452479,
      "op_margin": -0.031180967426666487,
      "fcf_margin": -0.09375711244694951,
      "incr_op_margin_yoy": 0.4905238765207316,
      "rev_growth_yoy": 0.1929883405206836,
      "rev_growth_yoy_accel": -0.04755920184033027,
      "op_leverage_ratio": Infinity,
      "fcf_margin_change": -0.03905131309602528
    },
    {
      "date": "2023-09-30T00:00:00",
      "quarter_label": "2023-09 (Q3)",
      "revenue": 78718000,
      "gross_profit": 65686000,
      "operating_income": 2748000,
      "net_income": 4215000,
      "opex": 62938000,
      "cogs": 13032000,
      "rd": 14075000,
      "sga": null,
      "fcf": 6248000,
      "ocf": 6356000,
      "capex": -108000,
      "gross_margin": 0.8344470133895678,
      "op_margin": 0.034909423511776214,
      "fcf_margin": 0.07937193526258289,
      "incr_op_margin_yoy": 1.0059574468085106,
      "rev_growth_yoy": 0.19644947030839147,
      "rev_growth_yoy_accel": 0.0034611297877078784,
      "op_leverage_ratio": Infinity,
      "fcf_margin_change": 0.1731290477095324
    },
    {
      "date": "2023-12-31T00:00:00",
      "quarter_label": "2023-12 (Q4)",
      "revenue": 83394000,
      "gross_profit": 69710000,
      "operating_income": 2682000,
      "net_income": 6874000,
      "opex": 67028000,
      "cogs": 13684000,
      "rd": 15371000,
      "sga": null,
      "fcf": 10132000,
      "ocf": 11553000,
      "capex": -1421000,
      "gross_margin": 0.8359114564596973,
      "op_margin": 0.03216058709259659,
      "fcf_margin": 0.12149555123869822,
      "incr_op_margin_yoy": 1.2290368950646862,
      "rev_growth_yoy": 0.21238642145816675,
      "rev_growth_yoy_accel": 0.01593695114977528,
      "op_leverage_ratio": 0.9140923643688394,
      "fcf_margin_change": 0.04212361597611533
    },
    {
      "date": "2024-03-31T00:00:00",
      "quarter_label": "2024-03 (Q1)",
      "revenue": 85812000,
      "gross_profit": 71167000,
      "operating_income": 1468000,
      "net_income": 2138000,
      "opex": 69699000,
      "cogs": 14645000,
      "rd": 17304000,
      "sga": null,
      "fcf": 14020000,
      "ocf": 14779000,
      "capex": -759000,
      "gross_margin": 0.8293362233720225,
      "op_margin": 0.01710716449913765,
      "fcf_margin": 0.1633804129958514,
      "incr_op_margin_yoy": 0.8188997456833088,
      "rev_growth_yoy": 0.21083674333286298,
      "rev_growth_yoy_accel": -0.0015496781253037661,
      "op_leverage_ratio": 0.7276187203780043,
      "fcf_margin_change": 0.04188486175715318
    },
    {
      "date": "2024-06-30T00:00:00",
      "quarter_label": "2024-06 (Q2)",
      "revenue": 90951000,
      "gross_profit": 75994000,
      "operating_income": 3394000,
      "net_income": 1659000,
      "opex": 72600000,
      "cogs": 14957000,
      "rd": 19288000,
      "sga": null,
      "fcf": 9996000,
      "ocf": 12143000,
      "capex": -2147000,
      "gross_margin": 0.8355488119976691,
      "op_margin": 0.037316796956603004,
      "fcf_margin": 0.10990533364119141,
      "incr_op_margin_yoy": 0.3520113175052282,
      "rev_growth_yoy": 0.2176643058921184,
      "rev_growth_yoy_accel": 0.006827562559255429,
      "op_leverage_ratio": 1.4388297599268374,
      "fcf_margin_change": -0.05347507935465999
    },
    {
      "date": "2024-09-30T00:00:00",
      "quarter_label": "2024-09 (Q3)",
      "revenue": 97410000,
      "gross_profit": 80347000,
      "operating_income": 1705000,
      "net_income": 1094000,
      "opex": 78642000,
      "cogs": 17063000,
      "rd": 22183000,
      "sga": null,
      "fcf": 7636000,
      "ocf": 8141000,
      "capex": -505000,
      "gross_margin": 0.8248331793450364,
      "op_margin": 0.01750333641309927,
      "fcf_margin": 0.07839030900318242,
      "incr_op_margin_yoy": -0.05579927241600685,
      "rev_growth_yoy": 0.23745521989887955,
      "rev_growth_yoy_accel": 0.01979091400676114,
      "op_leverage_ratio": 0.8533234996938507,
      "fcf_margin_change": -0.031515024638008995
    },
    {
      "date": "2024-12-31T00:00:00",
      "quarter_label": "2024-12 (Q4)",
      "revenue": 102642000,
      "gross_profit": 83830000,
      "operating_income": 1741000,
      "net_income": 3345000,
      "opex": 82089000,
      "cogs": 18812000,
      "rd": 21305000,
      "sga": null,
      "fcf": 11542000,
      "ocf": 11933000,
      "capex": -391000,
      "gross_margin": 0.8167221994894878,
      "op_margin": 0.016961867461662866,
      "fcf_margin": 0.11244909491241402,
      "incr_op_margin_yoy": -0.0488881961762261,
      "rev_growth_yoy": 0.23080797179653212,
      "rev_growth_yoy_accel": -0.006647248102347431,
      "op_leverage_ratio": 1.2253988216477794,
      "fcf_margin_change": 0.0340587859092316
    },
    {
      "date": "2025-03-31T00:00:00",
      "quarter_label": "2025-03 (Q1)",
      "revenue": 105018000,
      "gross_profit": 85147000,
      "operating_income": -74000,
      "net_income": 849000,
      "opex": 85221000,
      "cogs": 19871000,
      "rd": 21912000,
      "sga": null,
      "fcf": 21384000,
      "ocf": 22109000,
      "capex": -725000,
      "gross_margin": 0.8107848178407511,
      "op_margin": -0.0007046411091431945,
      "fcf_margin": 0.20362223618808203,
      "incr_op_margin_yoy": -0.0802874101843174,
      "rev_growth_yoy": 0.22381485106978044,
      "rev_growth_yoy_accel": -0.006993120726751678,
      "op_leverage_ratio": 0.6067147346417983,
      "fcf_margin_change": 0.09117314127566802
    },
    {
      "date": "2025-06-30T00:00:00",
      "quarter_label": "2025-06 (Q2)",
      "revenue": 108892000,
      "gross_profit": 87782000,
      "operating_income": -4345000,
      "net_income": -6567000,
      "opex": 92127000,
      "cogs": 21110000,
      "rd": 23801000,
      "sga": null,
      "fcf": 80000,
      "ocf": 684000,
      "capex": -604000,
      "gross_margin": 0.8061381919700253,
      "op_margin": -0.03990192116959924,
      "fcf_margin": 0.000734672886897109,
      "incr_op_margin_yoy": -0.4313583412295859,
      "rev_growth_yoy": 0.19726006311090588,
      "rev_growth_yoy_accel": -0.02655478795887456,
      "op_leverage_ratio": 0.4552143301436274,
      "fcf_margin_change": -0.20288756330118493
    },
    {
      "date": "2025-09-30T00:00:00",
      "quarter_label": "2025-09 (Q3)",
      "revenue": 112075000,
      "gross_profit": 89855000,
      "operating_income": -4490000,
      "net_income": -2141000,
      "opex": 94345000,
      "cogs": 22220000,
      "rd": 25708000,
      "sga": null,
      "fcf": 21497000,
      "ocf": 21894000,
      "capex": -397000,
      "gross_margin": 0.8017399063127371,
      "op_margin": -0.04006245817532902,
      "fcf_margin": 0.1918090564354227,
      "incr_op_margin_yoy": -0.4224343675417661,
      "rev_growth_yoy": 0.15054922492557232,
      "rev_growth_yoy_accel": -0.04671083818533356,
      "op_leverage_ratio": 1.2141324076300384,
      "fcf_margin_change": 0.1910743835485256
    }
  ],
  "signals": [
    {
      "quarter": "2025-09 (Q3)",
      "signal": "FCF MARGIN EXPANSION",
      "detail": "FCF margin: +0.1% -> +19.2% (+19.1%)",
      "severity": "MEDIUM"
    },
    {
      "quarter": "2025-03 (Q1)",
      "signal": "FCF MARGIN EXPANSION",
      "detail": "FCF margin: +11.2% -> +20.4% (+9.1%)",
      "severity": "MEDIUM"
    },
    {
      "quarter": "2024-06 (Q2)",
      "signal": "OP MARGIN TURNED POSITIVE (YoY)",
      "detail": "Op margin: -3.1% (year-ago) -> +3.7%",
      "severity": "HIGH"
    },
    {
      "quarter": "2024-03 (Q1)",
      "signal": "OP MARGIN TURNED POSITIVE (YoY)",
      "detail": "Op margin: -15.2% (year-ago) -> +1.7%",
      "severity": "HIGH"
    },
    {
      "quarter": "2023-12 (Q4)",
      "signal": "OP MARGIN TURNED POSITIVE (YoY)",
      "detail": "Op margin: -22.2% (year-ago) -> +3.2%",
      "severity": "HIGH"
    },
    {
      "quarter": "2023-09 (Q3)",
      "signal": "FCF TURNED POSITIVE",
      "detail": "FCF margin: -9.4% -> +7.9%",
      "severity": "HIGH"
    },
    {
      "quarter": "2023-09 (Q3)",
      "signal": "OP MARGIN TURNED POSITIVE (YoY)",
      "detail": "Op margin: -15.6% (year-ago) -> +3.5%",
      "severity": "HIGH"
    },
    {
      "quarter": "2023-09 (Q3)",
      "signal": "OP MARGIN TURNED POSITIVE (QoQ)",
      "detail": "Op margin: -3.1% -> +3.5%",
      "severity": "HIGH"
    },
    {
      "quarter": "2023-03 (Q1)",
      "signal": "FCF MARGIN EXPANSION",
      "detail": "FCF margin: -14.3% -> -5.5% (+8.8%)",
      "severity": "MEDIUM"
    },
    {
      "quarter": "2022-12 (Q4)",
      "signal": "YoY REVENUE GROWTH DECELERATION",
      "detail": "YoY growth: +28.0% vs prior quarter YoY: +33.6% (decel: -5.6%)",
      "severity": "WARNING"
    },
    {
      "quarter": "2022-09 (Q3)",
      "signal": "FCF MARGIN EXPANSION",
      "detail": "FCF margin: -15.8% -> -2.7% (+13.0%)",
      "severity": "MEDIUM"
    },
    {
      "quarter": "2022-09 (Q3)",
      "signal": "YoY REVENUE GROWTH DECELERATION",
      "detail": "YoY growth: +33.6% vs prior quarter YoY: +39.1% (decel: -5.5%)",
      "severity": "WARNING"
    },
    {
      "quarter": "2022-03 (Q1)",
      "signal": "FCF MARGIN EXPANSION",
      "detail": "FCF margin: +7.8% -> +13.4% (+5.6%)",
      "severity": "MEDIUM"
    },
    {
      "quarter": "2021-09 (Q3)",
      "signal": "FCF MARGIN EXPANSION",
      "detail": "FCF margin: +1.0% -> +16.0% (+15.0%)",
      "severity": "MEDIUM"
    },
    {
      "quarter": "2021-03 (Q1)",
      "signal": "FCF MARGIN EXPANSION",
      "detail": "FCF margin: +9.9% -> +22.1% (+12.2%)",
      "severity": "MEDIUM"
    },
    {
      "quarter": "2021-03 (Q1)",
      "signal": "OPERATING LEVERAGE",
      "detail": "Rev growth +9.8% vs OpEx growth +0.6% (leverage: 17.6x)",
      "severity": "MEDIUM"
    },
    {
      "quarter": "2021-03 (Q1)",
      "signal": "OP MARGIN TURNED POSITIVE (QoQ)",
      "detail": "Op margin: -4.5% -> +3.8%",
      "severity": "HIGH"
    }
  ],
  "data_quality": {
    "n_quarters": 20,
    "coverage": {
      "revenue": [
        20,
        20
      ],
      "gross_profit": [
        20,
        20
      ],
      "op_income": [
        20,
        20
      ],
      "fcf": [
        20,
        20
      ]
    },
    "gaps": [],
    "warnings": []
  },
  "market_cap": null,
  "source": "SEC EDGAR",
  "last_updated": "2026-02-02T21:40:58.597855"
}