{
  "ticker": "SENEA",
  "name": "Seneca Foods Corporation",
  "quarters": [
    {
      "date": "2021-03-31T00:00:00",
      "quarter_label": "2021-03 (Q1)",
      "revenue": 304793000,
      "gross_profit": 56976000,
      "operating_income": 32522000,
      "net_income": 14829000,
      "opex": 272271000,
      "cogs": 247817000,
      "rd": null,
      "sga": 19739000,
      "fcf": 48826000,
      "ocf": 80090000,
      "capex": -31264000,
      "gross_margin": 0.18693342694878162,
      "op_margin": 0.10670192556915677,
      "fcf_margin": 0.16019396770923217
    },
    {
      "date": "2021-07-03T00:00:00",
      "quarter_label": "2021-07 (Q3)",
      "revenue": 235042000,
      "gross_profit": 33623000,
      "operating_income": 17727000,
      "net_income": 14136000,
      "opex": 217315000,
      "cogs": 201419000,
      "rd": null,
      "sga": 17274000,
      "fcf": 8399000,
      "ocf": 21620000,
      "capex": -13221000,
      "gross_margin": 0.14305102917776397,
      "op_margin": 0.07542056313339744,
      "fcf_margin": 0.03573403902281294,
      "fcf_margin_change": -0.12445992868641922
    },
    {
      "date": "2021-10-02T00:00:00",
      "quarter_label": "2021-10 (Q4)",
      "revenue": 372256000,
      "gross_profit": 42728000,
      "operating_income": 21819000,
      "net_income": 11654000,
      "opex": 350437000,
      "cogs": 329528000,
      "rd": null,
      "sga": 19136000,
      "fcf": -86600000,
      "ocf": -71587000,
      "capex": -15013000,
      "gross_margin": 0.11478122582308949,
      "op_margin": 0.05861289005415628,
      "fcf_margin": -0.2326356056047451,
      "op_leverage_ratio": 0.9529998261009752,
      "fcf_margin_change": -0.2683696446275581
    },
    {
      "date": "2022-01-01T00:00:00",
      "quarter_label": "2022-01 (Q1)",
      "revenue": 445593000,
      "gross_profit": 44985000,
      "operating_income": 23664000,
      "net_income": 18664000,
      "opex": 421929000,
      "cogs": 400608000,
      "rd": null,
      "sga": 21032000,
      "fcf": 30679000,
      "ocf": 38882000,
      "capex": -8203000,
      "gross_margin": 0.10095535612094444,
      "op_margin": 0.05310675885842013,
      "fcf_margin": 0.06884982484015682,
      "op_leverage_ratio": 0.9656815655191957,
      "fcf_margin_change": 0.30148543044490195
    },
    {
      "date": "2022-03-31T00:00:00",
      "quarter_label": "2022-03 (Q1)",
      "revenue": 332389000,
      "gross_profit": 26596000,
      "operating_income": 7135000,
      "net_income": 6553000,
      "opex": 325254000,
      "cogs": 305793000,
      "rd": null,
      "sga": 18901000,
      "fcf": 24307000,
      "ocf": 41237000,
      "capex": -16930000,
      "gross_margin": 0.08001468159295283,
      "op_margin": 0.0214658126472296,
      "fcf_margin": 0.07312817211159214,
      "incr_op_margin_yoy": -0.9199521669807218,
      "rev_growth_yoy": 0.0905401370766389,
      "fcf_margin_change": 0.0042783472714353205
    },
    {
      "date": "2022-07-02T00:00:00",
      "quarter_label": "2022-07 (Q3)",
      "revenue": 265193000,
      "gross_profit": 22843000,
      "operating_income": 6596000,
      "net_income": 5103000,
      "opex": 258597000,
      "cogs": 242350000,
      "rd": null,
      "sga": 18242000,
      "fcf": -42049000,
      "ocf": -22815000,
      "capex": -19234000,
      "gross_margin": 0.08613726606660055,
      "op_margin": 0.024872451384463392,
      "fcf_margin": -0.15855999215665573,
      "incr_op_margin_yoy": -0.3691751517362608,
      "rev_growth_yoy": 0.12827920116404729,
      "rev_growth_yoy_accel": 0.03773906408740839,
      "fcf_margin_change": -0.23168816426824787
    },
    {
      "date": "2022-10-01T00:00:00",
      "quarter_label": "2022-10 (Q4)",
      "revenue": 439842000,
      "gross_profit": 41779000,
      "operating_income": 21836000,
      "net_income": 16131000,
      "opex": 418006000,
      "cogs": 398063000,
      "rd": null,
      "sga": 20480000,
      "fcf": -125443000,
      "ocf": -110806000,
      "capex": -14637000,
      "gross_margin": 0.09498638147334725,
      "op_margin": 0.04964509983130306,
      "fcf_margin": -0.28520014005029076,
      "incr_op_margin_yoy": 0.00025153138223892523,
      "rev_growth_yoy": 0.18155785266053467,
      "rev_growth_yoy_accel": 0.05327865149648739,
      "op_leverage_ratio": 1.0683527983875118,
      "fcf_margin_change": -0.12664014789363504
    },
    {
      "date": "2022-12-31T00:00:00",
      "quarter_label": "2022-12 (Q4)",
      "revenue": 473254000,
      "gross_profit": 53789000,
      "operating_income": 29817000,
      "net_income": 21054000,
      "opex": 443437000,
      "cogs": 419465000,
      "rd": null,
      "sga": 21914000,
      "fcf": -78497000,
      "ocf": -55859000,
      "capex": -22638000,
      "gross_margin": 0.11365778207896816,
      "op_margin": 0.06300422183436379,
      "fcf_margin": -0.16586653255968253,
      "incr_op_margin_yoy": 0.22244315100683273,
      "rev_growth_yoy": 0.06207682795735121,
      "rev_growth_yoy_accel": -0.11948102470318346,
      "op_leverage_ratio": 1.2486043775092015,
      "fcf_margin_change": 0.11933360749060823
    },
    {
      "date": "2023-03-31T00:00:00",
      "quarter_label": "2023-03 (Q1)",
      "revenue": 331063000,
      "gross_profit": 17485000,
      "operating_income": -5313000,
      "net_income": -9150000,
      "opex": 336376000,
      "cogs": 313578000,
      "rd": null,
      "sga": 20436000,
      "fcf": -37435000,
      "ocf": -23316000,
      "capex": -14119000,
      "gross_margin": 0.05281472106517491,
      "op_margin": -0.016048305005391724,
      "fcf_margin": -0.11307515487988691,
      "incr_op_margin_yoy": 9.38763197586727,
      "rev_growth_yoy": -0.003989301691692565,
      "rev_growth_yoy_accel": -0.06606612964904378,
      "fcf_margin_change": 0.05279137767979562
    },
    {
      "date": "2023-07-01T00:00:00",
      "quarter_label": "2023-07 (Q3)",
      "revenue": 298664000,
      "gross_profit": 55289000,
      "operating_income": 35497000,
      "net_income": 23111000,
      "opex": 263167000,
      "cogs": 243375000,
      "rd": null,
      "sga": 19849000,
      "fcf": 10280000,
      "ocf": 25024000,
      "capex": -14744000,
      "gross_margin": 0.185121072509576,
      "op_margin": 0.11885262368414004,
      "fcf_margin": 0.03441995017812659,
      "incr_op_margin_yoy": 0.8634638941172955,
      "rev_growth_yoy": 0.12621373867334357,
      "rev_growth_yoy_accel": 0.13020304036503613,
      "fcf_margin_change": 0.1474951050580135
    },
    {
      "date": "2023-09-30T00:00:00",
      "quarter_label": "2023-09 (Q3)",
      "revenue": 407475000,
      "gross_profit": 58118000,
      "operating_income": 38424000,
      "net_income": 24779000,
      "opex": 369051000,
      "cogs": 349357000,
      "rd": null,
      "sga": 21031000,
      "fcf": -63011000,
      "ocf": -51303000,
      "capex": -11708000,
      "gross_margin": 0.1426296091784772,
      "op_margin": 0.09429780968157556,
      "fcf_margin": -0.1546377078348365,
      "incr_op_margin_yoy": -0.5124972966292829,
      "rev_growth_yoy": -0.07358778834217741,
      "rev_growth_yoy_accel": -0.19980152701552098,
      "op_leverage_ratio": 0.9055053375798519,
      "fcf_margin_change": -0.1890576580129631
    },
    {
      "date": "2023-12-30T00:00:00",
      "quarter_label": "2023-12 (Q4)",
      "revenue": 444481000,
      "gross_profit": 54033000,
      "operating_income": 30762000,
      "net_income": 17675000,
      "opex": 413719000,
      "cogs": 390448000,
      "rd": null,
      "sga": 22921000,
      "fcf": -107238000,
      "ocf": -101847000,
      "capex": -5391000,
      "gross_margin": 0.12156425134032726,
      "op_margin": 0.0692088075755769,
      "fcf_margin": -0.24126565589980223,
      "incr_op_margin_yoy": -0.032843290584923364,
      "rev_growth_yoy": -0.06079821829292515,
      "rev_growth_yoy_accel": 0.012789570049252262,
      "op_leverage_ratio": 0.7503451073458317,
      "fcf_margin_change": -0.08662794806496574
    },
    {
      "date": "2023-12-31T00:00:00",
      "quarter_label": "2023-12 (Q4)",
      "revenue": 444481000,
      "gross_profit": null,
      "operating_income": null,
      "net_income": null,
      "opex": null,
      "cogs": null,
      "rd": null,
      "sga": null,
      "fcf": null,
      "ocf": null,
      "capex": null,
      "gross_margin": null,
      "op_margin": null,
      "fcf_margin": null,
      "rev_growth_yoy": -0.06079821829292515,
      "rev_growth_yoy_accel": 0.0
    },
    {
      "date": "2024-03-31T00:00:00",
      "quarter_label": "2024-03 (Q1)",
      "revenue": 307983000,
      "gross_profit": 20778000,
      "operating_income": 2548000,
      "net_income": -2247000,
      "opex": 305435000,
      "cogs": 287205000,
      "rd": null,
      "sga": 17408000,
      "fcf": 40369000,
      "ocf": 45163000,
      "capex": -4794000,
      "gross_margin": 0.0674647626654718,
      "op_margin": 0.008273183909501498,
      "fcf_margin": 0.1310754165002614,
      "incr_op_margin_yoy": -0.34059792027729635,
      "rev_growth_yoy": -0.06971482769140616,
      "rev_growth_yoy_accel": -0.008916609398481011
    },
    {
      "date": "2024-06-29T00:00:00",
      "quarter_label": "2024-06 (Q2)",
      "revenue": 304727000,
      "gross_profit": 42691000,
      "operating_income": 25443000,
      "net_income": 12661000,
      "opex": 279284000,
      "cogs": 262036000,
      "rd": null,
      "sga": 17480000,
      "fcf": 38259000,
      "ocf": 50332000,
      "capex": -12073000,
      "gross_margin": 0.1400958891072993,
      "op_margin": 0.08349440646874087,
      "fcf_margin": 0.12555172334581444,
      "incr_op_margin_yoy": -1.6582549892792346,
      "rev_growth_yoy": 0.020300404467897035,
      "rev_growth_yoy_accel": 0.0900152321593032,
      "fcf_margin_change": -0.005523693154446951
    },
    {
      "date": "2024-09-28T00:00:00",
      "quarter_label": "2024-09 (Q3)",
      "revenue": 425465000,
      "gross_profit": 42871000,
      "operating_income": 24679000,
      "net_income": 13303000,
      "opex": 400786000,
      "cogs": 382594000,
      "rd": null,
      "sga": 18068000,
      "fcf": 69952000,
      "ocf": 75536000,
      "capex": -5584000,
      "gross_margin": 0.10076269493377833,
      "op_margin": 0.05800477125027911,
      "fcf_margin": 0.16441305395273406,
      "incr_op_margin_yoy": -0.764035575319622,
      "rev_growth_yoy": 0.044149947849561326,
      "rev_growth_yoy_accel": 0.02384954338166429,
      "op_leverage_ratio": 0.9107426408765054,
      "fcf_margin_change": 0.038861330606919625
    },
    {
      "date": "2024-12-28T00:00:00",
      "quarter_label": "2024-12 (Q4)",
      "revenue": 502856000,
      "gross_profit": 49110000,
      "operating_income": 25660000,
      "net_income": 14659000,
      "opex": 477196000,
      "cogs": 453746000,
      "rd": null,
      "sga": 22666000,
      "fcf": 108658000,
      "ocf": 117732000,
      "capex": -9074000,
      "gross_margin": 0.09766215377762222,
      "op_margin": 0.051028525064829695,
      "fcf_margin": 0.21608174109486614,
      "incr_op_margin_yoy": -0.08740042826552462,
      "rev_growth_yoy": 0.1313329478650381,
      "rev_growth_yoy_accel": 0.08718300001547677,
      "op_leverage_ratio": 0.9540891604262485,
      "fcf_margin_change": 0.051668687142132075
    },
    {
      "date": "2025-03-31T00:00:00",
      "quarter_label": "2025-03 (Q1)",
      "revenue": 345839000,
      "gross_profit": 15529000,
      "operating_income": 1988000,
      "net_income": 601000,
      "opex": 343851000,
      "cogs": 330310000,
      "rd": null,
      "sga": 17245000,
      "fcf": 81381000,
      "ocf": 91875000,
      "capex": -10494000,
      "gross_margin": 0.04490239678000457,
      "op_margin": 0.00574833954527974,
      "fcf_margin": 0.23531469845795297,
      "incr_op_margin_yoy": -0.014792899408284023,
      "rev_growth_yoy": 0.12291587522687941,
      "rev_growth_yoy_accel": -0.00841707263815869,
      "fcf_margin_change": 0.019232957363086833
    },
    {
      "date": "2025-06-28T00:00:00",
      "quarter_label": "2025-06 (Q2)",
      "revenue": 297458000,
      "gross_profit": 41811000,
      "operating_income": 23215000,
      "net_income": 14885000,
      "opex": 274243000,
      "cogs": 255647000,
      "rd": null,
      "sga": 18738000,
      "fcf": 42408000,
      "ocf": 53696000,
      "capex": -11288000,
      "gross_margin": 0.14056102037934767,
      "op_margin": 0.07804463151100323,
      "fcf_margin": 0.14256802641045122,
      "incr_op_margin_yoy": 0.30650708488100153,
      "rev_growth_yoy": -0.023854138294276517,
      "rev_growth_yoy_accel": -0.14677001352115593,
      "fcf_margin_change": -0.09274667204750175
    },
    {
      "date": "2025-09-27T00:00:00",
      "quarter_label": "2025-09 (Q3)",
      "revenue": 460022000,
      "gross_profit": 61867000,
      "operating_income": 41472000,
      "net_income": 29739000,
      "opex": 418550000,
      "cogs": 398155000,
      "rd": null,
      "sga": 20548000,
      "fcf": 21797000,
      "ocf": 29345000,
      "capex": -7548000,
      "gross_margin": 0.13448704627170005,
      "op_margin": 0.0901522101116903,
      "fcf_margin": 0.04738251648834186,
      "incr_op_margin_yoy": 0.485950748039471,
      "rev_growth_yoy": 0.08122172211580271,
      "rev_growth_yoy_accel": 0.10507586041007923,
      "op_leverage_ratio": 1.0385965512625532,
      "fcf_margin_change": -0.09518550992210936
    }
  ],
  "signals": [
    {
      "quarter": "2025-09 (Q3)",
      "signal": "YoY REVENUE GROWTH ACCELERATION",
      "detail": "YoY growth: +8.1% vs prior quarter YoY: -2.4% (accel: +10.5%)",
      "severity": "MEDIUM"
    },
    {
      "quarter": "2025-09 (Q3)",
      "signal": "INCREMENTAL MARGIN (YoY)",
      "detail": "YoY Incr OPM: +48.6% vs year-ago OPM: +5.8%",
      "severity": "HIGH"
    },
    {
      "quarter": "2025-06 (Q2)",
      "signal": "GROSS MARGIN INFLECTION",
      "detail": "GM: +9.8% -> +4.5% -> +14.1% (reversal +9.6%)",
      "severity": "HIGH"
    },
    {
      "quarter": "2025-06 (Q2)",
      "signal": "YoY REVENUE GROWTH DECELERATION",
      "detail": "YoY growth: -2.4% vs prior quarter YoY: +12.3% (decel: -14.7%)",
      "severity": "WARNING"
    },
    {
      "quarter": "2025-06 (Q2)",
      "signal": "INCREMENTAL MARGIN (YoY)",
      "detail": "YoY Incr OPM: +30.7% vs year-ago OPM: +8.3%",
      "severity": "HIGH"
    },
    {
      "quarter": "2024-12 (Q4)",
      "signal": "FCF MARGIN EXPANSION",
      "detail": "FCF margin: +16.4% -> +21.6% (+5.2%)",
      "severity": "MEDIUM"
    },
    {
      "quarter": "2024-12 (Q4)",
      "signal": "YoY REVENUE GROWTH ACCELERATION",
      "detail": "YoY growth: +13.1% vs prior quarter YoY: +4.4% (accel: +8.7%)",
      "severity": "MEDIUM"
    },
    {
      "quarter": "2024-06 (Q2)",
      "signal": "YoY REVENUE GROWTH ACCELERATION",
      "detail": "YoY growth: +2.0% vs prior quarter YoY: -7.0% (accel: +9.0%)",
      "severity": "MEDIUM"
    },
    {
      "quarter": "2024-03 (Q1)",
      "signal": "OP MARGIN TURNED POSITIVE (YoY)",
      "detail": "Op margin: -1.6% (year-ago) -> +0.8%",
      "severity": "HIGH"
    },
    {
      "quarter": "2023-09 (Q3)",
      "signal": "YoY REVENUE GROWTH DECELERATION",
      "detail": "YoY growth: -7.4% vs prior quarter YoY: +12.6% (decel: -20.0%)",
      "severity": "WARNING"
    },
    {
      "quarter": "2023-07 (Q3)",
      "signal": "FCF TURNED POSITIVE",
      "detail": "FCF margin: -11.3% -> +3.4%",
      "severity": "HIGH"
    },
    {
      "quarter": "2023-07 (Q3)",
      "signal": "GROSS MARGIN INFLECTION",
      "detail": "GM: +11.4% -> +5.3% -> +18.5% (reversal +13.2%)",
      "severity": "HIGH"
    },
    {
      "quarter": "2023-07 (Q3)",
      "signal": "YoY REVENUE GROWTH ACCELERATION",
      "detail": "YoY growth: +12.6% vs prior quarter YoY: -0.4% (accel: +13.0%)",
      "severity": "MEDIUM"
    },
    {
      "quarter": "2023-07 (Q3)",
      "signal": "INCREMENTAL MARGIN (YoY)",
      "detail": "YoY Incr OPM: +86.3% vs year-ago OPM: +2.5%",
      "severity": "HIGH"
    },
    {
      "quarter": "2023-07 (Q3)",
      "signal": "OP MARGIN TURNED POSITIVE (QoQ)",
      "detail": "Op margin: -1.6% -> +11.9%",
      "severity": "HIGH"
    },
    {
      "quarter": "2023-03 (Q1)",
      "signal": "FCF MARGIN EXPANSION",
      "detail": "FCF margin: -16.6% -> -11.3% (+5.3%)",
      "severity": "MEDIUM"
    },
    {
      "quarter": "2023-03 (Q1)",
      "signal": "YoY REVENUE GROWTH DECELERATION",
      "detail": "YoY growth: -0.4% vs prior quarter YoY: +6.2% (decel: -6.6%)",
      "severity": "WARNING"
    },
    {
      "quarter": "2022-12 (Q4)",
      "signal": "FCF MARGIN EXPANSION",
      "detail": "FCF margin: -28.5% -> -16.6% (+11.9%)",
      "severity": "MEDIUM"
    },
    {
      "quarter": "2022-12 (Q4)",
      "signal": "YoY REVENUE GROWTH DECELERATION",
      "detail": "YoY growth: +6.2% vs prior quarter YoY: +18.2% (decel: -11.9%)",
      "severity": "WARNING"
    },
    {
      "quarter": "2022-12 (Q4)",
      "signal": "INCREMENTAL MARGIN (YoY)",
      "detail": "YoY Incr OPM: +22.2% vs year-ago OPM: +5.3%",
      "severity": "MEDIUM"
    },
    {
      "quarter": "2022-10 (Q4)",
      "signal": "YoY REVENUE GROWTH ACCELERATION",
      "detail": "YoY growth: +18.2% vs prior quarter YoY: +12.8% (accel: +5.3%)",
      "severity": "MEDIUM"
    },
    {
      "quarter": "2022-01 (Q1)",
      "signal": "FCF TURNED POSITIVE",
      "detail": "FCF margin: -23.3% -> +6.9%",
      "severity": "HIGH"
    }
  ],
  "data_quality": {
    "n_quarters": 20,
    "coverage": {
      "revenue": [
        20,
        20
      ],
      "gross_profit": [
        19,
        20
      ],
      "op_income": [
        19,
        20
      ],
      "fcf": [
        19,
        20
      ]
    },
    "gaps": [],
    "warnings": []
  },
  "market_cap": null,
  "source": "SEC EDGAR",
  "last_updated": "2026-02-02T22:08:50.393695"
}