{
  "ticker": "SENS",
  "name": "SENSEONICS     HOLDINGS, INC.",
  "quarters": [
    {
      "date": "2020-12-31T00:00:00",
      "quarter_label": "2020-12 (Q4)",
      "revenue": 3885000,
      "gross_profit": 2576000,
      "operating_income": -10306000,
      "net_income": -101632000,
      "opex": 12882000,
      "cogs": null,
      "rd": 4687000,
      "sga": null,
      "fcf": -8248000,
      "ocf": -8248000,
      "capex": null,
      "gross_margin": 0.6630630630630631,
      "op_margin": -2.652767052767053,
      "fcf_margin": -2.123037323037323
    },
    {
      "date": "2021-03-31T00:00:00",
      "quarter_label": "2021-03 (Q1)",
      "revenue": 2846000,
      "gross_profit": 526000,
      "operating_income": -11316000,
      "net_income": -249514000,
      "opex": 11842000,
      "cogs": 2320000,
      "rd": 5255000,
      "sga": null,
      "fcf": -16258000,
      "ocf": -16258000,
      "capex": null,
      "gross_margin": 0.1848208011243851,
      "op_margin": -3.9761068165846805,
      "fcf_margin": -5.712579058327477,
      "fcf_margin_change": -3.5895417352901537
    },
    {
      "date": "2021-06-30T00:00:00",
      "quarter_label": "2021-06 (Q2)",
      "revenue": 3289000,
      "gross_profit": 392000,
      "operating_income": -15890000,
      "net_income": -180306000,
      "opex": 16282000,
      "cogs": 2897000,
      "rd": 7107000,
      "sga": 9175000,
      "fcf": -14149000,
      "ocf": -14149000,
      "capex": null,
      "gross_margin": 0.11918516266342354,
      "op_margin": -4.831255700820918,
      "fcf_margin": -4.301915475828519,
      "op_leverage_ratio": 0.41515561591106215,
      "fcf_margin_change": 1.410663582498958
    },
    {
      "date": "2021-09-30T00:00:00",
      "quarter_label": "2021-09 (Q3)",
      "revenue": 3532000,
      "gross_profit": -1246000,
      "operating_income": -16031000,
      "net_income": 42914000,
      "opex": 14785000,
      "cogs": 4778000,
      "rd": 7200000,
      "sga": 7585000,
      "fcf": -13868000,
      "ocf": -13868000,
      "capex": null,
      "gross_margin": -0.3527746319365798,
      "op_margin": -4.538788221970555,
      "fcf_margin": -3.92638731596829,
      "op_leverage_ratio": Infinity,
      "fcf_margin_change": 0.37552815986022914
    },
    {
      "date": "2021-12-31T00:00:00",
      "quarter_label": "2021-12 (Q4)",
      "revenue": 4008000,
      "gross_profit": -483000,
      "operating_income": -13945000,
      "net_income": 84433000,
      "opex": 13462000,
      "cogs": 4491000,
      "rd": 7655000,
      "sga": 5807000,
      "fcf": -11803000,
      "ocf": -11803000,
      "capex": null,
      "gross_margin": -0.12050898203592815,
      "op_margin": -3.4792914171656686,
      "fcf_margin": -2.9448602794411176,
      "rev_growth_yoy": 0.03166023166023166,
      "op_leverage_ratio": Infinity,
      "fcf_margin_change": 0.9815270365271722
    },
    {
      "date": "2022-03-31T00:00:00",
      "quarter_label": "2022-03 (Q1)",
      "revenue": 2481000,
      "gross_profit": 527000,
      "operating_income": -15160000,
      "net_income": 86718000,
      "opex": 15687000,
      "cogs": 1954000,
      "rd": 7804000,
      "sga": 7883000,
      "fcf": -20159000,
      "ocf": -20159000,
      "capex": null,
      "gross_margin": 0.2124143490528013,
      "op_margin": -6.110439338976219,
      "fcf_margin": -8.125352680370819,
      "rev_growth_yoy": -0.12825017568517216,
      "rev_growth_yoy_accel": -0.15991040734540382,
      "fcf_margin_change": -5.180492400929701
    },
    {
      "date": "2022-06-30T00:00:00",
      "quarter_label": "2022-06 (Q2)",
      "revenue": 3714000,
      "gross_profit": 824000,
      "operating_income": -17036000,
      "net_income": 104231000,
      "opex": 17860000,
      "cogs": 2890000,
      "rd": 9299000,
      "sga": 8561000,
      "fcf": -14182000,
      "ocf": -14182000,
      "capex": null,
      "gross_margin": 0.22186322024771135,
      "op_margin": -4.586968228325256,
      "fcf_margin": -3.8185245018847604,
      "rev_growth_yoy": 0.12921860747947705,
      "rev_growth_yoy_accel": 0.2574687831646492,
      "op_leverage_ratio": 3.587702990032114,
      "fcf_margin_change": 4.306828178486058
    },
    {
      "date": "2022-09-30T00:00:00",
      "quarter_label": "2022-09 (Q3)",
      "revenue": 4622000,
      "gross_profit": 756000,
      "operating_income": -17569000,
      "net_income": -60391000,
      "opex": 18325000,
      "cogs": 3866000,
      "rd": 10985000,
      "sga": 7340000,
      "fcf": -14584000,
      "ocf": -14584000,
      "capex": null,
      "gross_margin": 0.1635655560363479,
      "op_margin": -3.8011683254002597,
      "fcf_margin": -3.1553440069234098,
      "incr_op_margin_yoy": -1.4110091743119266,
      "rev_growth_yoy": 0.3086070215175538,
      "rev_growth_yoy_accel": 0.17938841403807676,
      "op_leverage_ratio": 9.39014829097689,
      "fcf_margin_change": 0.6631804949613507
    },
    {
      "date": "2022-12-31T00:00:00",
      "quarter_label": "2022-12 (Q4)",
      "revenue": 5571000,
      "gross_profit": 619000,
      "operating_income": -18861000,
      "net_income": 11561000,
      "opex": 19480000,
      "cogs": 4952000,
      "rd": 11631000,
      "sga": 7849000,
      "fcf": -17387000,
      "ocf": -17387000,
      "capex": null,
      "gross_margin": 0.1111111111111111,
      "op_margin": -3.3855681206246633,
      "fcf_margin": -3.1209836654101597,
      "incr_op_margin_yoy": -3.145233525271913,
      "rev_growth_yoy": 0.38997005988023953,
      "rev_growth_yoy_accel": 0.08136303836268571,
      "op_leverage_ratio": 3.257603855829732,
      "fcf_margin_change": 0.03436034151325007
    },
    {
      "date": "2023-03-31T00:00:00",
      "quarter_label": "2023-03 (Q1)",
      "revenue": 4137000,
      "gross_profit": 414000,
      "operating_income": -19709000,
      "net_income": 1324000,
      "opex": 20123000,
      "cogs": 3723000,
      "rd": 12405000,
      "sga": 7718000,
      "fcf": -19848000,
      "ocf": -19848000,
      "capex": null,
      "gross_margin": 0.10007251631617115,
      "op_margin": -4.764080251389896,
      "fcf_margin": -4.797679477882523,
      "incr_op_margin_yoy": -2.7469806763285023,
      "rev_growth_yoy": 0.6674727932285369,
      "rev_growth_yoy_accel": 0.2775027333482974,
      "fcf_margin_change": -1.6766958124723637
    },
    {
      "date": "2023-06-30T00:00:00",
      "quarter_label": "2023-06 (Q2)",
      "revenue": 4126000,
      "gross_profit": 417000,
      "operating_income": -19868000,
      "net_income": -20423000,
      "opex": 20285000,
      "cogs": 3709000,
      "rd": 12830000,
      "sga": 7455000,
      "fcf": -17984000,
      "ocf": -17984000,
      "capex": null,
      "gross_margin": 0.10106640814348036,
      "op_margin": -4.815317498788173,
      "fcf_margin": -4.358700920988851,
      "rev_growth_yoy": 0.11093161012385568,
      "rev_growth_yoy_accel": -0.5565411831046813,
      "fcf_margin_change": 0.43897855689367216
    },
    {
      "date": "2023-09-30T00:00:00",
      "quarter_label": "2023-09 (Q3)",
      "revenue": 6097000,
      "gross_profit": 1172000,
      "operating_income": -19022000,
      "net_income": -24103000,
      "opex": 20194000,
      "cogs": 4925000,
      "rd": 12769000,
      "sga": 7425000,
      "fcf": -17264000,
      "ocf": -17264000,
      "capex": null,
      "gross_margin": 0.1922256847629982,
      "op_margin": -3.1198950303427915,
      "fcf_margin": -2.831556503198294,
      "incr_op_margin_yoy": -0.9850847457627119,
      "rev_growth_yoy": 0.3191259195153613,
      "rev_growth_yoy_accel": 0.20819430939150563,
      "op_leverage_ratio": Infinity,
      "fcf_margin_change": 1.527144417790557
    },
    {
      "date": "2023-12-31T00:00:00",
      "quarter_label": "2023-12 (Q4)",
      "revenue": 8030000,
      "gross_profit": 1089000,
      "operating_income": -17004000,
      "net_income": -17190000,
      "opex": 18093000,
      "cogs": 6941000,
      "rd": 10749000,
      "sga": 7344000,
      "fcf": -15067000,
      "ocf": -15067000,
      "capex": null,
      "gross_margin": 0.13561643835616438,
      "op_margin": -2.1175591531755917,
      "fcf_margin": -1.8763387297633873,
      "incr_op_margin_yoy": 0.7551850345668971,
      "rev_growth_yoy": 0.44139292766110216,
      "rev_growth_yoy_accel": 0.12226700814574087,
      "op_leverage_ratio": Infinity,
      "fcf_margin_change": 0.9552177734349068
    },
    {
      "date": "2024-03-31T00:00:00",
      "quarter_label": "2024-03 (Q1)",
      "revenue": 5047000,
      "gross_profit": 335000,
      "operating_income": -18232000,
      "net_income": -18877000,
      "opex": 18567000,
      "cogs": 4712000,
      "rd": 10438000,
      "sga": 8129000,
      "fcf": -20262000,
      "ocf": -20262000,
      "capex": null,
      "gross_margin": 0.06637606498910244,
      "op_margin": -3.612443035466614,
      "fcf_margin": -4.014662175549832,
      "rev_growth_yoy": 0.21996615905245348,
      "rev_growth_yoy_accel": -0.22142676860864868,
      "fcf_margin_change": -2.138323445786445
    },
    {
      "date": "2024-06-30T00:00:00",
      "quarter_label": "2024-06 (Q2)",
      "revenue": 4865000,
      "gross_profit": 298000,
      "operating_income": -19493000,
      "net_income": -20287000,
      "opex": 19791000,
      "cogs": 4567000,
      "rd": 10800000,
      "sga": 8991000,
      "fcf": -11142000,
      "ocf": -11142000,
      "capex": null,
      "gross_margin": 0.06125385405960945,
      "op_margin": -4.006783144912641,
      "fcf_margin": -2.290236382322713,
      "rev_growth_yoy": 0.17910809500727096,
      "rev_growth_yoy_accel": -0.040858064045182524,
      "fcf_margin_change": 1.7244257932271188
    },
    {
      "date": "2024-09-30T00:00:00",
      "quarter_label": "2024-09 (Q3)",
      "revenue": 4263000,
      "gross_profit": -4051000,
      "operating_income": -22847000,
      "net_income": -23976000,
      "opex": 18796000,
      "cogs": 8314000,
      "rd": 10546000,
      "sga": 8250000,
      "fcf": -14815000,
      "ocf": -14815000,
      "capex": null,
      "gross_margin": -0.9502697630776449,
      "op_margin": -5.359371334740793,
      "fcf_margin": -3.4752521698334506,
      "incr_op_margin_yoy": 2.0856052344601963,
      "rev_growth_yoy": -0.3008036739380023,
      "rev_growth_yoy_accel": -0.4799117689452732,
      "fcf_margin_change": -1.1850157875107374
    },
    {
      "date": "2024-12-31T00:00:00",
      "quarter_label": "2024-12 (Q4)",
      "revenue": 8297000,
      "gross_profit": 3951000,
      "operating_income": -14271000,
      "net_income": -15476000,
      "opex": 18222000,
      "cogs": 4346000,
      "rd": 9360000,
      "sga": 8862000,
      "fcf": -14246000,
      "ocf": -14246000,
      "capex": null,
      "gross_margin": 0.47619621549957813,
      "op_margin": -1.7200192840785826,
      "fcf_margin": -1.7170061468000481,
      "rev_growth_yoy": 0.03325031133250311,
      "rev_growth_yoy_accel": 0.3340539852705054,
      "op_leverage_ratio": Infinity,
      "fcf_margin_change": 1.7582460230334025
    },
    {
      "date": "2025-03-31T00:00:00",
      "quarter_label": "2025-03 (Q1)",
      "revenue": 6257000,
      "gross_profit": 1505000,
      "operating_income": -13488000,
      "net_income": -14259000,
      "opex": 14993000,
      "cogs": 4752000,
      "rd": 7299000,
      "sga": 7694000,
      "fcf": -16080000,
      "ocf": -16080000,
      "capex": null,
      "gross_margin": 0.24053060572159182,
      "op_margin": -2.155665654466997,
      "fcf_margin": -2.569921687709765,
      "incr_op_margin_yoy": 3.9206611570247936,
      "rev_growth_yoy": 0.2397463839904894,
      "rev_growth_yoy_accel": 0.20649607265798628,
      "fcf_margin_change": -0.8529155409097169
    },
    {
      "date": "2025-06-30T00:00:00",
      "quarter_label": "2025-06 (Q2)",
      "revenue": 6649000,
      "gross_profit": 3121000,
      "operating_income": -14323000,
      "net_income": -14501000,
      "opex": 17444000,
      "cogs": 3528000,
      "rd": 7715000,
      "sga": 9729000,
      "fcf": -9267000,
      "ocf": -9267000,
      "capex": null,
      "gross_margin": 0.46939389381861935,
      "op_margin": -2.1541585200782074,
      "fcf_margin": -1.3937434200631673,
      "incr_op_margin_yoy": 2.8979820627802693,
      "rev_growth_yoy": 0.3667009249743063,
      "rev_growth_yoy_accel": 0.1269545409838169,
      "op_leverage_ratio": 0.3832349791896886,
      "fcf_margin_change": 1.1761782676465977
    },
    {
      "date": "2025-09-30T00:00:00",
      "quarter_label": "2025-09 (Q3)",
      "revenue": 8095000,
      "gross_profit": 3468000,
      "operating_income": -19601000,
      "net_income": -19530000,
      "opex": 23069000,
      "cogs": 4627000,
      "rd": 7759000,
      "sga": 15310000,
      "fcf": -15817000,
      "ocf": -15817000,
      "capex": null,
      "gross_margin": 0.42841260037059914,
      "op_margin": -2.421371216800494,
      "fcf_margin": -1.9539221741815935,
      "incr_op_margin_yoy": 0.8470772442588727,
      "rev_growth_yoy": 0.8988974900304949,
      "rev_growth_yoy_accel": 0.5321965650561886,
      "op_leverage_ratio": 0.6744278738657443,
      "fcf_margin_change": -0.5601787541184262
    }
  ],
  "signals": [
    {
      "quarter": "2025-09 (Q3)",
      "signal": "YoY REVENUE GROWTH ACCELERATION",
      "detail": "YoY growth: +89.9% vs prior quarter YoY: +36.7% (accel: +53.2%)",
      "severity": "HIGH"
    },
    {
      "quarter": "2025-06 (Q2)",
      "signal": "FCF MARGIN EXPANSION",
      "detail": "FCF margin: -257.0% -> -139.4% (+117.6%)",
      "severity": "MEDIUM"
    },
    {
      "quarter": "2025-06 (Q2)",
      "signal": "GROSS MARGIN INFLECTION",
      "detail": "GM: +47.6% -> +24.1% -> +46.9% (reversal +22.9%)",
      "severity": "HIGH"
    },
    {
      "quarter": "2025-06 (Q2)",
      "signal": "YoY REVENUE GROWTH ACCELERATION",
      "detail": "YoY growth: +36.7% vs prior quarter YoY: +24.0% (accel: +12.7%)",
      "severity": "MEDIUM"
    },
    {
      "quarter": "2025-03 (Q1)",
      "signal": "YoY REVENUE GROWTH ACCELERATION",
      "detail": "YoY growth: +24.0% vs prior quarter YoY: +3.3% (accel: +20.6%)",
      "severity": "HIGH"
    },
    {
      "quarter": "2024-12 (Q4)",
      "signal": "FCF MARGIN EXPANSION",
      "detail": "FCF margin: -347.5% -> -171.7% (+175.8%)",
      "severity": "MEDIUM"
    },
    {
      "quarter": "2024-12 (Q4)",
      "signal": "GROSS MARGIN INFLECTION",
      "detail": "GM: +6.1% -> -95.0% -> +47.6% (reversal +142.6%)",
      "severity": "HIGH"
    },
    {
      "quarter": "2024-12 (Q4)",
      "signal": "YoY REVENUE GROWTH ACCELERATION",
      "detail": "YoY growth: +3.3% vs prior quarter YoY: -30.1% (accel: +33.4%)",
      "severity": "HIGH"
    },
    {
      "quarter": "2024-09 (Q3)",
      "signal": "YoY REVENUE GROWTH DECELERATION",
      "detail": "YoY growth: -30.1% vs prior quarter YoY: +17.9% (decel: -48.0%)",
      "severity": "WARNING"
    },
    {
      "quarter": "2024-06 (Q2)",
      "signal": "FCF MARGIN EXPANSION",
      "detail": "FCF margin: -401.5% -> -229.0% (+172.4%)",
      "severity": "MEDIUM"
    },
    {
      "quarter": "2024-03 (Q1)",
      "signal": "YoY REVENUE GROWTH DECELERATION",
      "detail": "YoY growth: +22.0% vs prior quarter YoY: +44.1% (decel: -22.1%)",
      "severity": "WARNING"
    },
    {
      "quarter": "2023-12 (Q4)",
      "signal": "FCF MARGIN EXPANSION",
      "detail": "FCF margin: -283.2% -> -187.6% (+95.5%)",
      "severity": "MEDIUM"
    },
    {
      "quarter": "2023-12 (Q4)",
      "signal": "YoY REVENUE GROWTH ACCELERATION",
      "detail": "YoY growth: +44.1% vs prior quarter YoY: +31.9% (accel: +12.2%)",
      "severity": "MEDIUM"
    },
    {
      "quarter": "2023-09 (Q3)",
      "signal": "FCF MARGIN EXPANSION",
      "detail": "FCF margin: -435.9% -> -283.2% (+152.7%)",
      "severity": "MEDIUM"
    },
    {
      "quarter": "2023-09 (Q3)",
      "signal": "YoY REVENUE GROWTH ACCELERATION",
      "detail": "YoY growth: +31.9% vs prior quarter YoY: +11.1% (accel: +20.8%)",
      "severity": "HIGH"
    },
    {
      "quarter": "2023-06 (Q2)",
      "signal": "FCF MARGIN EXPANSION",
      "detail": "FCF margin: -479.8% -> -435.9% (+43.9%)",
      "severity": "MEDIUM"
    },
    {
      "quarter": "2023-06 (Q2)",
      "signal": "YoY REVENUE GROWTH DECELERATION",
      "detail": "YoY growth: +11.1% vs prior quarter YoY: +66.7% (decel: -55.7%)",
      "severity": "WARNING"
    },
    {
      "quarter": "2023-03 (Q1)",
      "signal": "YoY REVENUE GROWTH ACCELERATION",
      "detail": "YoY growth: +66.7% vs prior quarter YoY: +39.0% (accel: +27.8%)",
      "severity": "HIGH"
    },
    {
      "quarter": "2022-12 (Q4)",
      "signal": "OPERATING LEVERAGE",
      "detail": "Rev growth +20.5% vs OpEx growth +6.3% (leverage: 3.3x)",
      "severity": "MEDIUM"
    },
    {
      "quarter": "2022-12 (Q4)",
      "signal": "YoY REVENUE GROWTH ACCELERATION",
      "detail": "YoY growth: +39.0% vs prior quarter YoY: +30.9% (accel: +8.1%)",
      "severity": "MEDIUM"
    },
    {
      "quarter": "2022-09 (Q3)",
      "signal": "FCF MARGIN EXPANSION",
      "detail": "FCF margin: -381.9% -> -315.5% (+66.3%)",
      "severity": "MEDIUM"
    },
    {
      "quarter": "2022-09 (Q3)",
      "signal": "OPERATING LEVERAGE",
      "detail": "Rev growth +24.4% vs OpEx growth +2.6% (leverage: 9.4x)",
      "severity": "MEDIUM"
    },
    {
      "quarter": "2022-09 (Q3)",
      "signal": "YoY REVENUE GROWTH ACCELERATION",
      "detail": "YoY growth: +30.9% vs prior quarter YoY: +12.9% (accel: +17.9%)",
      "severity": "HIGH"
    },
    {
      "quarter": "2022-06 (Q2)",
      "signal": "FCF MARGIN EXPANSION",
      "detail": "FCF margin: -812.5% -> -381.9% (+430.7%)",
      "severity": "MEDIUM"
    },
    {
      "quarter": "2022-06 (Q2)",
      "signal": "OPERATING LEVERAGE",
      "detail": "Rev growth +49.7% vs OpEx growth +13.9% (leverage: 3.6x)",
      "severity": "MEDIUM"
    },
    {
      "quarter": "2022-06 (Q2)",
      "signal": "YoY REVENUE GROWTH ACCELERATION",
      "detail": "YoY growth: +12.9% vs prior quarter YoY: -12.8% (accel: +25.7%)",
      "severity": "HIGH"
    },
    {
      "quarter": "2022-03 (Q1)",
      "signal": "YoY REVENUE GROWTH DECELERATION",
      "detail": "YoY growth: -12.8% vs prior quarter YoY: +3.2% (decel: -16.0%)",
      "severity": "WARNING"
    },
    {
      "quarter": "2021-12 (Q4)",
      "signal": "FCF MARGIN EXPANSION",
      "detail": "FCF margin: -392.6% -> -294.5% (+98.2%)",
      "severity": "MEDIUM"
    },
    {
      "quarter": "2021-12 (Q4)",
      "signal": "GROSS MARGIN INFLECTION",
      "detail": "GM: +11.9% -> -35.3% -> -12.1% (reversal +23.2%)",
      "severity": "HIGH"
    },
    {
      "quarter": "2021-09 (Q3)",
      "signal": "FCF MARGIN EXPANSION",
      "detail": "FCF margin: -430.2% -> -392.6% (+37.6%)",
      "severity": "MEDIUM"
    },
    {
      "quarter": "2021-06 (Q2)",
      "signal": "FCF MARGIN EXPANSION",
      "detail": "FCF margin: -571.3% -> -430.2% (+141.1%)",
      "severity": "MEDIUM"
    }
  ],
  "data_quality": {
    "n_quarters": 20,
    "coverage": {
      "revenue": [
        20,
        20
      ],
      "gross_profit": [
        20,
        20
      ],
      "op_income": [
        20,
        20
      ],
      "fcf": [
        20,
        20
      ]
    },
    "gaps": [],
    "warnings": []
  },
  "market_cap": null,
  "source": "SEC EDGAR",
  "last_updated": "2026-02-02T22:46:33.991491"
}