{
  "ticker": "SG",
  "name": "SWEETGREEN, INC.",
  "quarters": [
    {
      "date": "2021-03-28T00:00:00",
      "quarter_label": "2021-03 (Q1)",
      "revenue": 61392000,
      "gross_profit": 2102000,
      "operating_income": -30137000,
      "net_income": -30045000,
      "opex": 32239000,
      "cogs": 59290000,
      "rd": null,
      "sga": null,
      "fcf": -33045000,
      "ocf": -16464000,
      "capex": -16581000,
      "gross_margin": 0.03423898879332812,
      "op_margin": -0.49089457909825385,
      "fcf_margin": -0.5382623143080532
    },
    {
      "date": "2021-06-27T00:00:00",
      "quarter_label": "2021-06 (Q2)",
      "revenue": 86212000,
      "gross_profit": 12835000,
      "operating_income": -24165000,
      "net_income": -26883000,
      "opex": 37000000,
      "cogs": 73377000,
      "rd": null,
      "sga": null,
      "fcf": -32456000,
      "ocf": -11118000,
      "capex": -21338000,
      "gross_margin": 0.14887718647056095,
      "op_margin": -0.2802974063935415,
      "fcf_margin": -0.37646731313506243,
      "op_leverage_ratio": 2.737621330617321,
      "fcf_margin_change": 0.16179500117299073
    },
    {
      "date": "2021-09-26T00:00:00",
      "quarter_label": "2021-09 (Q3)",
      "revenue": 95844000,
      "gross_profit": 13134000,
      "operating_income": -32317000,
      "net_income": -30066000,
      "opex": 45451000,
      "cogs": 82710000,
      "rd": null,
      "sga": null,
      "fcf": -30784000,
      "ocf": -8633000,
      "capex": -22151000,
      "gross_margin": 0.13703518217102792,
      "op_margin": -0.3371833395935061,
      "fcf_margin": -0.321188598138642,
      "op_leverage_ratio": 0.48915035835605664,
      "fcf_margin_change": 0.05527871499642045
    },
    {
      "date": "2021-12-26T00:00:00",
      "quarter_label": "2021-12 (Q4)",
      "revenue": 96426000,
      "gross_profit": 12345000,
      "operating_income": -47779000,
      "net_income": -66181000,
      "opex": 60124000,
      "cogs": 84081000,
      "rd": null,
      "sga": null,
      "fcf": -52755000,
      "ocf": -28314000,
      "capex": -24441000,
      "gross_margin": 0.1280256362391886,
      "op_margin": -0.49549913923630556,
      "fcf_margin": -0.5471034783149773,
      "fcf_margin_change": -0.22591488017633532
    },
    {
      "date": "2022-03-27T00:00:00",
      "quarter_label": "2022-03 (Q1)",
      "revenue": 102591000,
      "gross_profit": 13299000,
      "operating_income": -49570000,
      "net_income": -49200000,
      "opex": 62869000,
      "cogs": 89292000,
      "rd": 200000,
      "sga": null,
      "fcf": -35352000,
      "ocf": -17293000,
      "capex": -18059000,
      "gross_margin": 0.12963125420358512,
      "op_margin": -0.4831807858389137,
      "fcf_margin": -0.3445916308448109,
      "incr_op_margin_yoy": -0.4716862059758732,
      "rev_growth_yoy": 0.671080922595778,
      "op_leverage_ratio": 1.4003753154121754,
      "fcf_margin_change": 0.20251184747016637
    },
    {
      "date": "2022-06-26T00:00:00",
      "quarter_label": "2022-06 (Q2)",
      "revenue": 124918000,
      "gross_profit": 23048000,
      "operating_income": -42202000,
      "net_income": -40033000,
      "opex": 65250000,
      "cogs": 101870000,
      "rd": 3300000,
      "sga": null,
      "fcf": -30278000,
      "ocf": -1711000,
      "capex": -28567000,
      "gross_margin": 0.18450503530315887,
      "op_margin": -0.33783762147969065,
      "fcf_margin": -0.2423830032501321,
      "incr_op_margin_yoy": -0.46600010334315095,
      "rev_growth_yoy": 0.44896302138913374,
      "rev_growth_yoy_accel": -0.22211790120664426,
      "op_leverage_ratio": 5.746431926933587,
      "fcf_margin_change": 0.10220862759467883
    },
    {
      "date": "2022-09-25T00:00:00",
      "quarter_label": "2022-09 (Q3)",
      "revenue": 124026000,
      "gross_profit": 19823000,
      "operating_income": -49301000,
      "net_income": -47397000,
      "opex": 69124000,
      "cogs": 104203000,
      "rd": null,
      "sga": null,
      "fcf": -26055000,
      "ocf": -6703000,
      "capex": -19352000,
      "gross_margin": 0.15982939061164594,
      "op_margin": -0.3975053617789818,
      "fcf_margin": -0.21007691935561898,
      "incr_op_margin_yoy": -0.6026541764246682,
      "rev_growth_yoy": 0.29404031551270815,
      "rev_growth_yoy_accel": -0.1549227058764256,
      "fcf_margin_change": 0.032306083894513116
    },
    {
      "date": "2022-12-25T00:00:00",
      "quarter_label": "2022-12 (Q4)",
      "revenue": 118570000,
      "gross_profit": 13117000,
      "operating_income": -52263000,
      "net_income": -53811000,
      "opex": 65380000,
      "cogs": 105453000,
      "rd": 600000,
      "sga": null,
      "fcf": -48373000,
      "ocf": -17462000,
      "capex": -30911000,
      "gross_margin": 0.110626634055832,
      "op_margin": -0.4407775997301172,
      "fcf_margin": -0.407969975541874,
      "incr_op_margin_yoy": -0.202492774566474,
      "rev_growth_yoy": 0.22964760541762594,
      "rev_growth_yoy_accel": -0.06439271009508221,
      "fcf_margin_change": -0.197893056186255
    },
    {
      "date": "2023-03-26T00:00:00",
      "quarter_label": "2023-03 (Q1)",
      "revenue": 125062000,
      "gross_profit": 16937000,
      "operating_income": -35322000,
      "net_income": -33657000,
      "opex": 52259000,
      "cogs": 108125000,
      "rd": 300000,
      "sga": null,
      "fcf": -33990000,
      "ocf": -3130000,
      "capex": -30860000,
      "gross_margin": 0.13542882730165837,
      "op_margin": -0.2824359117877533,
      "fcf_margin": -0.2717851945435064,
      "incr_op_margin_yoy": 0.6340616794980196,
      "rev_growth_yoy": 0.2190348081215701,
      "rev_growth_yoy_accel": -0.010612797296055826,
      "op_leverage_ratio": Infinity,
      "fcf_margin_change": 0.13618478099836756
    },
    {
      "date": "2023-06-25T00:00:00",
      "quarter_label": "2023-06 (Q2)",
      "revenue": 152525000,
      "gross_profit": 31089000,
      "operating_income": -31246000,
      "net_income": -27258000,
      "opex": 62335000,
      "cogs": 121436000,
      "rd": 200000,
      "sga": null,
      "fcf": -16956000,
      "ocf": 7951000,
      "capex": -24907000,
      "gross_margin": 0.20382888051139159,
      "op_margin": -0.20485821996394032,
      "fcf_margin": -0.11116866087526635,
      "incr_op_margin_yoy": 0.39685586988807187,
      "rev_growth_yoy": 0.22100097664067628,
      "rev_growth_yoy_accel": 0.001966168519106165,
      "op_leverage_ratio": 1.1389260946419721,
      "fcf_margin_change": 0.16061653366824008
    },
    {
      "date": "2023-09-24T00:00:00",
      "quarter_label": "2023-09 (Q3)",
      "revenue": 153428000,
      "gross_profit": 29113000,
      "operating_income": -26487000,
      "net_income": -25055000,
      "opex": 55600000,
      "cogs": 124315000,
      "rd": 400000,
      "sga": null,
      "fcf": -6382000,
      "ocf": 12735000,
      "capex": -19117000,
      "gross_margin": 0.18975024115546055,
      "op_margin": -0.1726347211721459,
      "fcf_margin": -0.041596058085877415,
      "incr_op_margin_yoy": 0.7759336099585062,
      "rev_growth_yoy": 0.2370631964265557,
      "rev_growth_yoy_accel": 0.016062219785879434,
      "fcf_margin_change": 0.06957260278938893
    },
    {
      "date": "2023-12-31T00:00:00",
      "quarter_label": "2023-12 (Q4)",
      "revenue": 153026000,
      "gross_profit": 24781000,
      "operating_income": -29289000,
      "net_income": -27414000,
      "opex": 54070000,
      "cogs": 128245000,
      "rd": 300000,
      "sga": null,
      "fcf": -5864000,
      "ocf": 8924000,
      "capex": -14788000,
      "gross_margin": 0.1619398010795551,
      "op_margin": -0.1913988472547149,
      "fcf_margin": -0.038320285441689646,
      "incr_op_margin_yoy": 0.6667634084049222,
      "rev_growth_yoy": 0.2905962722442439,
      "rev_growth_yoy_accel": 0.05353307581768818,
      "fcf_margin_change": 0.003275772644187769
    },
    {
      "date": "2024-03-31T00:00:00",
      "quarter_label": "2024-03 (Q1)",
      "revenue": 157850000,
      "gross_profit": 28537000,
      "operating_income": -26915000,
      "net_income": -26067000,
      "opex": 55452000,
      "cogs": 129313000,
      "rd": 300000,
      "sga": null,
      "fcf": -9984000,
      "ocf": 3426000,
      "capex": -13410000,
      "gross_margin": 0.18078555590750714,
      "op_margin": -0.170509977827051,
      "fcf_margin": -0.06324992081089642,
      "incr_op_margin_yoy": 0.2564047822374039,
      "rev_growth_yoy": 0.26217396171498936,
      "rev_growth_yoy_accel": -0.028422310529254535,
      "op_leverage_ratio": 1.2333615336935733,
      "fcf_margin_change": -0.024929635369206775
    },
    {
      "date": "2024-06-30T00:00:00",
      "quarter_label": "2024-06 (Q2)",
      "revenue": 184641000,
      "gross_profit": 41519000,
      "operating_income": -16184000,
      "net_income": -14460000,
      "opex": 57703000,
      "cogs": 143122000,
      "rd": 300000,
      "sga": null,
      "fcf": -156000,
      "ocf": 19116000,
      "capex": -19272000,
      "gross_margin": 0.2248633835388673,
      "op_margin": -0.08765117173325535,
      "fcf_margin": -0.0008448827725153135,
      "incr_op_margin_yoy": 0.46898742060032383,
      "rev_growth_yoy": 0.2105622029175545,
      "rev_growth_yoy_accel": -0.05161175879743485,
      "op_leverage_ratio": 4.181056705589759,
      "fcf_margin_change": 0.06240503803838111
    },
    {
      "date": "2024-09-29T00:00:00",
      "quarter_label": "2024-09 (Q3)",
      "revenue": 173431000,
      "gross_profit": 34941000,
      "operating_income": -21175000,
      "net_income": -20816000,
      "opex": 56116000,
      "cogs": 138490000,
      "rd": 300000,
      "sga": null,
      "fcf": -10328000,
      "ocf": 14729000,
      "capex": -25057000,
      "gross_margin": 0.20146917217798432,
      "op_margin": -0.12209466589018111,
      "fcf_margin": -0.05955106065236319,
      "incr_op_margin_yoy": 0.26556016597510373,
      "rev_growth_yoy": 0.1303738561409912,
      "rev_growth_yoy_accel": -0.08018834677656331,
      "fcf_margin_change": -0.05870617787984787
    },
    {
      "date": "2024-12-29T00:00:00",
      "quarter_label": "2024-12 (Q4)",
      "revenue": 160904000,
      "gross_profit": 27952000,
      "operating_income": -31430000,
      "net_income": -29030000,
      "opex": 59382000,
      "cogs": 132952000,
      "rd": 100000,
      "sga": null,
      "fcf": -20599000,
      "ocf": 6119000,
      "capex": -26718000,
      "gross_margin": 0.1737184905285139,
      "op_margin": -0.195333863670263,
      "fcf_margin": -0.12802043454482176,
      "incr_op_margin_yoy": -0.2717694846407718,
      "rev_growth_yoy": 0.05148144759714036,
      "rev_growth_yoy_accel": -0.07889240854385085,
      "fcf_margin_change": -0.06846937389245858
    },
    {
      "date": "2025-03-30T00:00:00",
      "quarter_label": "2025-03 (Q1)",
      "revenue": 166304000,
      "gross_profit": 29687000,
      "operating_income": -28537000,
      "net_income": -25039000,
      "opex": 58224000,
      "cogs": 136617000,
      "rd": null,
      "sga": null,
      "fcf": -29860000,
      "ocf": -13128000,
      "capex": -16732000,
      "gross_margin": 0.17851043871464306,
      "op_margin": -0.1715953915720608,
      "fcf_margin": -0.1795507023282663,
      "incr_op_margin_yoy": -0.1918618405488526,
      "rev_growth_yoy": 0.05355717453278429,
      "rev_growth_yoy_accel": 0.0020757269356439303,
      "op_leverage_ratio": Infinity,
      "fcf_margin_change": -0.05153026778344455
    },
    {
      "date": "2025-06-29T00:00:00",
      "quarter_label": "2025-06 (Q2)",
      "revenue": 185583000,
      "gross_profit": 35125000,
      "operating_income": -26423000,
      "net_income": -23158000,
      "opex": 61548000,
      "cogs": 150458000,
      "rd": null,
      "sga": null,
      "fcf": -13138000,
      "ocf": 10463000,
      "capex": -23601000,
      "gross_margin": 0.18926841359391755,
      "op_margin": -0.14237834284390272,
      "fcf_margin": -0.07079312221485805,
      "rev_growth_yoy": 0.00510179212634247,
      "rev_growth_yoy_accel": -0.048455382406441816,
      "op_leverage_ratio": 2.0305927503301335,
      "fcf_margin_change": 0.10875758011340826
    },
    {
      "date": "2025-09-28T00:00:00",
      "quarter_label": "2025-09 (Q3)",
      "revenue": 172393000,
      "gross_profit": 22514000,
      "operating_income": -36274000,
      "net_income": -36146000,
      "opex": 58788000,
      "cogs": 149879000,
      "rd": null,
      "sga": null,
      "fcf": -37193000,
      "ocf": -1377000,
      "capex": -35816000,
      "gross_margin": 0.13059694999216906,
      "op_margin": -0.21041457599786534,
      "fcf_margin": -0.21574541889751905,
      "incr_op_margin_yoy": 14.546242774566474,
      "rev_growth_yoy": -0.005985089170909469,
      "rev_growth_yoy_accel": -0.011086881297251938,
      "fcf_margin_change": -0.14495229668266102
    }
  ],
  "signals": [
    {
      "quarter": "2025-06 (Q2)",
      "signal": "FCF MARGIN EXPANSION",
      "detail": "FCF margin: -18.0% -> -7.1% (+10.9%)",
      "severity": "MEDIUM"
    },
    {
      "quarter": "2025-06 (Q2)",
      "signal": "OPERATING LEVERAGE",
      "detail": "Rev growth +11.6% vs OpEx growth +5.7% (leverage: 2.0x)",
      "severity": "MEDIUM"
    },
    {
      "quarter": "2024-12 (Q4)",
      "signal": "YoY REVENUE GROWTH DECELERATION",
      "detail": "YoY growth: +5.1% vs prior quarter YoY: +13.0% (decel: -7.9%)",
      "severity": "WARNING"
    },
    {
      "quarter": "2024-09 (Q3)",
      "signal": "YoY REVENUE GROWTH DECELERATION",
      "detail": "YoY growth: +13.0% vs prior quarter YoY: +21.1% (decel: -8.0%)",
      "severity": "WARNING"
    },
    {
      "quarter": "2024-06 (Q2)",
      "signal": "FCF MARGIN EXPANSION",
      "detail": "FCF margin: -6.3% -> -0.1% (+6.2%)",
      "severity": "MEDIUM"
    },
    {
      "quarter": "2024-06 (Q2)",
      "signal": "OPERATING LEVERAGE",
      "detail": "Rev growth +17.0% vs OpEx growth +4.1% (leverage: 4.2x)",
      "severity": "MEDIUM"
    },
    {
      "quarter": "2024-06 (Q2)",
      "signal": "YoY REVENUE GROWTH DECELERATION",
      "detail": "YoY growth: +21.1% vs prior quarter YoY: +26.2% (decel: -5.2%)",
      "severity": "WARNING"
    },
    {
      "quarter": "2023-12 (Q4)",
      "signal": "YoY REVENUE GROWTH ACCELERATION",
      "detail": "YoY growth: +29.1% vs prior quarter YoY: +23.7% (accel: +5.4%)",
      "severity": "MEDIUM"
    },
    {
      "quarter": "2023-09 (Q3)",
      "signal": "FCF MARGIN EXPANSION",
      "detail": "FCF margin: -11.1% -> -4.2% (+7.0%)",
      "severity": "MEDIUM"
    },
    {
      "quarter": "2023-06 (Q2)",
      "signal": "FCF MARGIN EXPANSION",
      "detail": "FCF margin: -27.2% -> -11.1% (+16.1%)",
      "severity": "MEDIUM"
    },
    {
      "quarter": "2023-03 (Q1)",
      "signal": "FCF MARGIN EXPANSION",
      "detail": "FCF margin: -40.8% -> -27.2% (+13.6%)",
      "severity": "MEDIUM"
    },
    {
      "quarter": "2023-03 (Q1)",
      "signal": "GROSS MARGIN INFLECTION",
      "detail": "GM: +16.0% -> +11.1% -> +13.5% (reversal +2.5%)",
      "severity": "MEDIUM"
    },
    {
      "quarter": "2022-12 (Q4)",
      "signal": "YoY REVENUE GROWTH DECELERATION",
      "detail": "YoY growth: +23.0% vs prior quarter YoY: +29.4% (decel: -6.4%)",
      "severity": "WARNING"
    },
    {
      "quarter": "2022-09 (Q3)",
      "signal": "YoY REVENUE GROWTH DECELERATION",
      "detail": "YoY growth: +29.4% vs prior quarter YoY: +44.9% (decel: -15.5%)",
      "severity": "WARNING"
    },
    {
      "quarter": "2022-06 (Q2)",
      "signal": "FCF MARGIN EXPANSION",
      "detail": "FCF margin: -34.5% -> -24.2% (+10.2%)",
      "severity": "MEDIUM"
    },
    {
      "quarter": "2022-06 (Q2)",
      "signal": "OPERATING LEVERAGE",
      "detail": "Rev growth +21.8% vs OpEx growth +3.8% (leverage: 5.7x)",
      "severity": "MEDIUM"
    },
    {
      "quarter": "2022-06 (Q2)",
      "signal": "YoY REVENUE GROWTH DECELERATION",
      "detail": "YoY growth: +44.9% vs prior quarter YoY: +67.1% (decel: -22.2%)",
      "severity": "WARNING"
    },
    {
      "quarter": "2022-03 (Q1)",
      "signal": "FCF MARGIN EXPANSION",
      "detail": "FCF margin: -54.7% -> -34.5% (+20.3%)",
      "severity": "MEDIUM"
    },
    {
      "quarter": "2021-09 (Q3)",
      "signal": "FCF MARGIN EXPANSION",
      "detail": "FCF margin: -37.6% -> -32.1% (+5.5%)",
      "severity": "MEDIUM"
    },
    {
      "quarter": "2021-06 (Q2)",
      "signal": "FCF MARGIN EXPANSION",
      "detail": "FCF margin: -53.8% -> -37.6% (+16.2%)",
      "severity": "MEDIUM"
    },
    {
      "quarter": "2021-06 (Q2)",
      "signal": "OPERATING LEVERAGE",
      "detail": "Rev growth +40.4% vs OpEx growth +14.8% (leverage: 2.7x)",
      "severity": "MEDIUM"
    }
  ],
  "data_quality": {
    "n_quarters": 19,
    "coverage": {
      "revenue": [
        19,
        19
      ],
      "gross_profit": [
        19,
        19
      ],
      "op_income": [
        19,
        19
      ],
      "fcf": [
        19,
        19
      ]
    },
    "gaps": [],
    "warnings": []
  },
  "market_cap": null,
  "source": "SEC EDGAR",
  "last_updated": "2026-02-02T22:10:44.671426"
}