{
  "ticker": "SGHT",
  "name": "Sight Sciences, Inc.",
  "quarters": [
    {
      "date": "2020-12-31T00:00:00",
      "quarter_label": "2020-12 (Q4)",
      "revenue": 8991000,
      "gross_profit": 6615000,
      "operating_income": -8433000,
      "net_income": -9105000,
      "opex": 15048000,
      "cogs": 2376000,
      "rd": 2873000,
      "sga": 12175000,
      "fcf": -8852000,
      "ocf": -8550000,
      "capex": -302000,
      "gross_margin": 0.7357357357357357,
      "op_margin": -0.9379379379379379,
      "fcf_margin": -0.9845400956512068
    },
    {
      "date": "2021-03-31T00:00:00",
      "quarter_label": "2021-03 (Q1)",
      "revenue": 8635000,
      "gross_profit": 6334000,
      "operating_income": -11656000,
      "net_income": -12240000,
      "opex": 17990000,
      "cogs": 2301000,
      "rd": 3440000,
      "sga": 14550000,
      "fcf": -12974000,
      "ocf": -12870000,
      "capex": -104000,
      "gross_margin": 0.7335263462651997,
      "op_margin": -1.3498552403011002,
      "fcf_margin": -1.502489866821077,
      "fcf_margin_change": -0.5179497711698703
    },
    {
      "date": "2021-06-30T00:00:00",
      "quarter_label": "2021-06 (Q2)",
      "revenue": 12535000,
      "gross_profit": 10230000,
      "operating_income": -11076000,
      "net_income": -17615000,
      "opex": 21306000,
      "cogs": 2305000,
      "rd": 3546000,
      "sga": 17760000,
      "fcf": -12701000,
      "ocf": -12436000,
      "capex": -265000,
      "gross_margin": 0.8161148783406462,
      "op_margin": -0.8836059034702832,
      "fcf_margin": -1.0132429198244914,
      "op_leverage_ratio": 2.4502980059133197,
      "fcf_margin_change": 0.48924694699658566
    },
    {
      "date": "2021-09-30T00:00:00",
      "quarter_label": "2021-09 (Q3)",
      "revenue": 13101000,
      "gross_profit": 11039000,
      "operating_income": -14030000,
      "net_income": -17169000,
      "opex": 25069000,
      "cogs": 2062000,
      "rd": 4279000,
      "sga": 20790000,
      "fcf": -16799000,
      "ocf": -16512000,
      "capex": -287000,
      "gross_margin": 0.8426074345469812,
      "op_margin": -1.0709106175101137,
      "fcf_margin": -1.2822685291199145,
      "op_leverage_ratio": 0.2556582414310354,
      "fcf_margin_change": -0.2690256092954231
    },
    {
      "date": "2021-12-31T00:00:00",
      "quarter_label": "2021-12 (Q4)",
      "revenue": 14685000,
      "gross_profit": 12743000,
      "operating_income": -14716000,
      "net_income": -15936000,
      "opex": 27459000,
      "cogs": 1942000,
      "rd": 4369000,
      "sga": 23090000,
      "fcf": -10879000,
      "ocf": -10722000,
      "capex": -157000,
      "gross_margin": 0.8677562138236296,
      "op_margin": -1.0021109976166156,
      "fcf_margin": -0.7408239700374532,
      "incr_op_margin_yoy": -1.103442219880576,
      "rev_growth_yoy": 0.6332999666333,
      "op_leverage_ratio": 1.2682061064679657,
      "fcf_margin_change": 0.5414445590824614
    },
    {
      "date": "2022-03-31T00:00:00",
      "quarter_label": "2022-03 (Q1)",
      "revenue": 14881000,
      "gross_profit": 11848000,
      "operating_income": -22193000,
      "net_income": -23263000,
      "opex": 34041000,
      "cogs": 3033000,
      "rd": 5646000,
      "sga": 28395000,
      "fcf": -22193000,
      "ocf": -21966000,
      "capex": -227000,
      "gross_margin": 0.7961830522142329,
      "op_margin": -1.4913648276325515,
      "fcf_margin": -1.4913648276325515,
      "incr_op_margin_yoy": -1.6869996797950688,
      "rev_growth_yoy": 0.723335263462652,
      "rev_growth_yoy_accel": 0.09003529682935196,
      "op_leverage_ratio": 0.05568124786421879,
      "fcf_margin_change": -0.7505408575950984
    },
    {
      "date": "2022-06-30T00:00:00",
      "quarter_label": "2022-06 (Q2)",
      "revenue": 17229000,
      "gross_profit": 14493000,
      "operating_income": -22864000,
      "net_income": -23843000,
      "opex": 37357000,
      "cogs": 2736000,
      "rd": 5926000,
      "sga": 31431000,
      "fcf": -18647000,
      "ocf": -18305000,
      "capex": -342000,
      "gross_margin": 0.8411979801497476,
      "op_margin": -1.3270648325497707,
      "fcf_margin": -1.0823030936212201,
      "incr_op_margin_yoy": -2.5112910097997445,
      "rev_growth_yoy": 0.37447147985640206,
      "rev_growth_yoy_accel": -0.3488637836062499,
      "op_leverage_ratio": 1.619771538564611,
      "fcf_margin_change": 0.4090617340113314
    },
    {
      "date": "2022-09-30T00:00:00",
      "quarter_label": "2022-09 (Q3)",
      "revenue": 18677000,
      "gross_profit": 15749000,
      "operating_income": -21845000,
      "net_income": -22229000,
      "opex": 37594000,
      "cogs": 2928000,
      "rd": 6053000,
      "sga": 31541000,
      "fcf": -20464000,
      "ocf": -20192000,
      "capex": -272000,
      "gross_margin": 0.8432296407345934,
      "op_margin": -1.1696203887133907,
      "fcf_margin": -1.0956791775981154,
      "incr_op_margin_yoy": -1.401542324246772,
      "rev_growth_yoy": 0.42561636516296464,
      "rev_growth_yoy_accel": 0.05114488530656258,
      "op_leverage_ratio": 13.24744537041731,
      "fcf_margin_change": -0.01337608397689527
    },
    {
      "date": "2022-12-31T00:00:00",
      "quarter_label": "2022-12 (Q4)",
      "revenue": 20543000,
      "gross_profit": 16878000,
      "operating_income": -17053000,
      "net_income": -16907000,
      "opex": 33931000,
      "cogs": 3665000,
      "rd": 5233000,
      "sga": 28698000,
      "fcf": -15631000,
      "ocf": -15502000,
      "capex": -129000,
      "gross_margin": 0.8215937302244073,
      "op_margin": -0.8301124470622596,
      "fcf_margin": -0.7608917879569683,
      "incr_op_margin_yoy": -0.398941618299761,
      "rev_growth_yoy": 0.3989104528430371,
      "rev_growth_yoy_accel": -0.026705912319927527,
      "op_leverage_ratio": Infinity,
      "fcf_margin_change": 0.33478738964114707
    },
    {
      "date": "2023-03-31T00:00:00",
      "quarter_label": "2023-03 (Q1)",
      "revenue": 18824000,
      "gross_profit": 15776000,
      "operating_income": -17568000,
      "net_income": -17067000,
      "opex": 33344000,
      "cogs": 3048000,
      "rd": 4669000,
      "sga": 28675000,
      "fcf": -17509000,
      "ocf": -17383000,
      "capex": -126000,
      "gross_margin": 0.8380790480237994,
      "op_margin": -0.9332766680832979,
      "fcf_margin": -0.930142371440714,
      "incr_op_margin_yoy": 1.1729647476540705,
      "rev_growth_yoy": 0.26496875209999327,
      "rev_growth_yoy_accel": -0.13394170074304385,
      "fcf_margin_change": -0.16925058348374566
    },
    {
      "date": "2023-06-30T00:00:00",
      "quarter_label": "2023-06 (Q2)",
      "revenue": 23471000,
      "gross_profit": 20090000,
      "operating_income": -15187000,
      "net_income": -14754000,
      "opex": 35277000,
      "cogs": 3381000,
      "rd": 5221000,
      "sga": 30056000,
      "fcf": -13586000,
      "ocf": -13489000,
      "capex": -97000,
      "gross_margin": 0.8559498956158664,
      "op_margin": -0.647053811086021,
      "fcf_margin": -0.5788419752034425,
      "incr_op_margin_yoy": 1.2298942646587632,
      "rev_growth_yoy": 0.36229612862034943,
      "rev_growth_yoy_accel": 0.09732737652035617,
      "op_leverage_ratio": 4.258401455121407,
      "fcf_margin_change": 0.3513003962372715
    },
    {
      "date": "2023-09-30T00:00:00",
      "quarter_label": "2023-09 (Q3)",
      "revenue": 20009000,
      "gross_profit": 17332000,
      "operating_income": -13411000,
      "net_income": -13035000,
      "opex": 30743000,
      "cogs": 2677000,
      "rd": 4239000,
      "sga": 26504000,
      "fcf": -10132000,
      "ocf": -9828000,
      "capex": -304000,
      "gross_margin": 0.8662102054075665,
      "op_margin": -0.6702483882252986,
      "fcf_margin": -0.5063721325403568,
      "incr_op_margin_yoy": 6.331831831831832,
      "rev_growth_yoy": 0.07131766343631205,
      "rev_growth_yoy_accel": -0.29097846518403736,
      "fcf_margin_change": 0.07246984266308565
    },
    {
      "date": "2023-12-31T00:00:00",
      "quarter_label": "2023-12 (Q4)",
      "revenue": 18751000,
      "gross_profit": 15975000,
      "operating_income": -11110000,
      "net_income": -10691000,
      "opex": 27085000,
      "cogs": 2776000,
      "rd": 3427000,
      "sga": 23658000,
      "fcf": -6748000,
      "ocf": -6484000,
      "capex": -264000,
      "gross_margin": 0.8519545624233374,
      "op_margin": -0.5925017332408938,
      "fcf_margin": -0.3598741400458642,
      "incr_op_margin_yoy": -3.31640625,
      "rev_growth_yoy": -0.08723166041960766,
      "rev_growth_yoy_accel": -0.1585493238559197,
      "fcf_margin_change": 0.14649799249449263
    },
    {
      "date": "2024-03-31T00:00:00",
      "quarter_label": "2024-03 (Q1)",
      "revenue": 19265000,
      "gross_profit": 16472000,
      "operating_income": -14723000,
      "net_income": -16266000,
      "opex": 31195000,
      "cogs": 2793000,
      "rd": 4636000,
      "sga": 26559000,
      "fcf": -9903000,
      "ocf": -9786000,
      "capex": -117000,
      "gross_margin": 0.8550220607318972,
      "op_margin": -0.7642356605242668,
      "fcf_margin": -0.5140410070075266,
      "rev_growth_yoy": 0.023427539311517212,
      "rev_growth_yoy_accel": 0.11065919973112487,
      "op_leverage_ratio": 0.18064489926311797,
      "fcf_margin_change": -0.15416686696166243
    },
    {
      "date": "2024-06-30T00:00:00",
      "quarter_label": "2024-06 (Q2)",
      "revenue": 21370000,
      "gross_profit": 18345000,
      "operating_income": -12651000,
      "net_income": -12329000,
      "opex": 30996000,
      "cogs": 3025000,
      "rd": 4316000,
      "sga": 26680000,
      "fcf": -9548000,
      "ocf": -9468000,
      "capex": -80000,
      "gross_margin": 0.8584464202152551,
      "op_margin": -0.5919981282171268,
      "fcf_margin": -0.44679457182966775,
      "incr_op_margin_yoy": -1.2070442646358877,
      "rev_growth_yoy": -0.0895147202931277,
      "rev_growth_yoy_accel": -0.1129422596046449,
      "op_leverage_ratio": Infinity,
      "fcf_margin_change": 0.06724643517785889
    },
    {
      "date": "2024-09-30T00:00:00",
      "quarter_label": "2024-09 (Q3)",
      "revenue": 20157000,
      "gross_profit": 16907000,
      "operating_income": -11229000,
      "net_income": -11066000,
      "opex": 28136000,
      "cogs": 3250000,
      "rd": 4746000,
      "sga": 23390000,
      "fcf": 311000,
      "ocf": 362000,
      "capex": -51000,
      "gross_margin": 0.8387656893386912,
      "op_margin": -0.5570769459741033,
      "fcf_margin": 0.015428883266359081,
      "rev_growth_yoy": 0.007396671497825978,
      "rev_growth_yoy_accel": 0.09691139179095368,
      "fcf_margin_change": 0.46222345509602686
    },
    {
      "date": "2024-12-31T00:00:00",
      "quarter_label": "2024-12 (Q4)",
      "revenue": 19074000,
      "gross_profit": 16561000,
      "operating_income": -11929000,
      "net_income": -11846000,
      "opex": 28490000,
      "cogs": 2513000,
      "rd": 4293000,
      "sga": 24197000,
      "fcf": -3596000,
      "ocf": -3459000,
      "capex": -137000,
      "gross_margin": 0.868249973786306,
      "op_margin": -0.6254063122575233,
      "fcf_margin": -0.18852888749082522,
      "rev_growth_yoy": 0.017225747960108794,
      "rev_growth_yoy_accel": 0.009829076462282815,
      "fcf_margin_change": -0.2039577707571843
    },
    {
      "date": "2025-03-31T00:00:00",
      "quarter_label": "2025-03 (Q1)",
      "revenue": 17508000,
      "gross_profit": 15094000,
      "operating_income": -13859000,
      "net_income": -14154000,
      "opex": 28953000,
      "cogs": 2414000,
      "rd": 4430000,
      "sga": 24523000,
      "fcf": -11605000,
      "ocf": -11605000,
      "capex": null,
      "gross_margin": 0.8621201736349098,
      "op_margin": -0.7915809915467215,
      "fcf_margin": -0.6628398446424492,
      "incr_op_margin_yoy": -0.491747296528173,
      "rev_growth_yoy": -0.09120166104334285,
      "rev_growth_yoy_accel": -0.10842740900345164,
      "fcf_margin_change": -0.47431095715162397
    },
    {
      "date": "2025-06-30T00:00:00",
      "quarter_label": "2025-06 (Q2)",
      "revenue": 19564000,
      "gross_profit": 16587000,
      "operating_income": -11667000,
      "net_income": -11941000,
      "opex": 28254000,
      "cogs": 2977000,
      "rd": 4387000,
      "sga": 23867000,
      "fcf": -7753000,
      "ocf": -7543000,
      "capex": -210000,
      "gross_margin": 0.847832754038029,
      "op_margin": -0.5963504395829073,
      "fcf_margin": -0.3962891024330403,
      "incr_op_margin_yoy": -0.5448504983388704,
      "rev_growth_yoy": -0.08451099672437998,
      "rev_growth_yoy_accel": 0.006690664318962869,
      "op_leverage_ratio": Infinity,
      "fcf_margin_change": 0.2665507422094089
    },
    {
      "date": "2025-09-30T00:00:00",
      "quarter_label": "2025-09 (Q3)",
      "revenue": 19906000,
      "gross_profit": 17197000,
      "operating_income": -7905000,
      "net_income": -8169000,
      "opex": 25102000,
      "cogs": 2709000,
      "rd": 3352000,
      "sga": 21750000,
      "fcf": -8889000,
      "ocf": -8719000,
      "capex": -170000,
      "gross_margin": 0.8639103787802672,
      "op_margin": -0.39711644730232093,
      "fcf_margin": -0.4465487792625339,
      "rev_growth_yoy": -0.01245224983876569,
      "rev_growth_yoy_accel": 0.07205874688561428,
      "op_leverage_ratio": Infinity,
      "fcf_margin_change": -0.050259676829493616
    }
  ],
  "signals": [
    {
      "quarter": "2025-09 (Q3)",
      "signal": "YoY REVENUE GROWTH ACCELERATION",
      "detail": "YoY growth: -1.2% vs prior quarter YoY: -8.5% (accel: +7.2%)",
      "severity": "MEDIUM"
    },
    {
      "quarter": "2025-06 (Q2)",
      "signal": "FCF MARGIN EXPANSION",
      "detail": "FCF margin: -66.3% -> -39.6% (+26.7%)",
      "severity": "MEDIUM"
    },
    {
      "quarter": "2025-03 (Q1)",
      "signal": "YoY REVENUE GROWTH DECELERATION",
      "detail": "YoY growth: -9.1% vs prior quarter YoY: +1.7% (decel: -10.8%)",
      "severity": "WARNING"
    },
    {
      "quarter": "2024-12 (Q4)",
      "signal": "GROSS MARGIN INFLECTION",
      "detail": "GM: +85.8% -> +83.9% -> +86.8% (reversal +2.9%)",
      "severity": "MEDIUM"
    },
    {
      "quarter": "2024-09 (Q3)",
      "signal": "FCF TURNED POSITIVE",
      "detail": "FCF margin: -44.7% -> +1.5%",
      "severity": "HIGH"
    },
    {
      "quarter": "2024-09 (Q3)",
      "signal": "YoY REVENUE GROWTH ACCELERATION",
      "detail": "YoY growth: +0.7% vs prior quarter YoY: -9.0% (accel: +9.7%)",
      "severity": "MEDIUM"
    },
    {
      "quarter": "2024-06 (Q2)",
      "signal": "FCF MARGIN EXPANSION",
      "detail": "FCF margin: -51.4% -> -44.7% (+6.7%)",
      "severity": "MEDIUM"
    },
    {
      "quarter": "2024-06 (Q2)",
      "signal": "YoY REVENUE GROWTH DECELERATION",
      "detail": "YoY growth: -9.0% vs prior quarter YoY: +2.3% (decel: -11.3%)",
      "severity": "WARNING"
    },
    {
      "quarter": "2024-03 (Q1)",
      "signal": "YoY REVENUE GROWTH ACCELERATION",
      "detail": "YoY growth: +2.3% vs prior quarter YoY: -8.7% (accel: +11.1%)",
      "severity": "MEDIUM"
    },
    {
      "quarter": "2023-12 (Q4)",
      "signal": "FCF MARGIN EXPANSION",
      "detail": "FCF margin: -50.6% -> -36.0% (+14.6%)",
      "severity": "MEDIUM"
    },
    {
      "quarter": "2023-12 (Q4)",
      "signal": "YoY REVENUE GROWTH DECELERATION",
      "detail": "YoY growth: -8.7% vs prior quarter YoY: +7.1% (decel: -15.9%)",
      "severity": "WARNING"
    },
    {
      "quarter": "2023-09 (Q3)",
      "signal": "FCF MARGIN EXPANSION",
      "detail": "FCF margin: -57.9% -> -50.6% (+7.2%)",
      "severity": "MEDIUM"
    },
    {
      "quarter": "2023-09 (Q3)",
      "signal": "YoY REVENUE GROWTH DECELERATION",
      "detail": "YoY growth: +7.1% vs prior quarter YoY: +36.2% (decel: -29.1%)",
      "severity": "WARNING"
    },
    {
      "quarter": "2023-06 (Q2)",
      "signal": "FCF MARGIN EXPANSION",
      "detail": "FCF margin: -93.0% -> -57.9% (+35.1%)",
      "severity": "MEDIUM"
    },
    {
      "quarter": "2023-06 (Q2)",
      "signal": "OPERATING LEVERAGE",
      "detail": "Rev growth +24.7% vs OpEx growth +5.8% (leverage: 4.3x)",
      "severity": "MEDIUM"
    },
    {
      "quarter": "2023-06 (Q2)",
      "signal": "YoY REVENUE GROWTH ACCELERATION",
      "detail": "YoY growth: +36.2% vs prior quarter YoY: +26.5% (accel: +9.7%)",
      "severity": "MEDIUM"
    },
    {
      "quarter": "2023-03 (Q1)",
      "signal": "YoY REVENUE GROWTH DECELERATION",
      "detail": "YoY growth: +26.5% vs prior quarter YoY: +39.9% (decel: -13.4%)",
      "severity": "WARNING"
    },
    {
      "quarter": "2022-12 (Q4)",
      "signal": "FCF MARGIN EXPANSION",
      "detail": "FCF margin: -109.6% -> -76.1% (+33.5%)",
      "severity": "MEDIUM"
    },
    {
      "quarter": "2022-09 (Q3)",
      "signal": "OPERATING LEVERAGE",
      "detail": "Rev growth +8.4% vs OpEx growth +0.6% (leverage: 13.2x)",
      "severity": "MEDIUM"
    },
    {
      "quarter": "2022-09 (Q3)",
      "signal": "YoY REVENUE GROWTH ACCELERATION",
      "detail": "YoY growth: +42.6% vs prior quarter YoY: +37.4% (accel: +5.1%)",
      "severity": "MEDIUM"
    },
    {
      "quarter": "2022-06 (Q2)",
      "signal": "FCF MARGIN EXPANSION",
      "detail": "FCF margin: -149.1% -> -108.2% (+40.9%)",
      "severity": "MEDIUM"
    },
    {
      "quarter": "2022-06 (Q2)",
      "signal": "OPERATING LEVERAGE",
      "detail": "Rev growth +15.8% vs OpEx growth +9.7% (leverage: 1.6x)",
      "severity": "MEDIUM"
    },
    {
      "quarter": "2022-06 (Q2)",
      "signal": "GROSS MARGIN INFLECTION",
      "detail": "GM: +86.8% -> +79.6% -> +84.1% (reversal +4.5%)",
      "severity": "MEDIUM"
    },
    {
      "quarter": "2022-06 (Q2)",
      "signal": "YoY REVENUE GROWTH DECELERATION",
      "detail": "YoY growth: +37.4% vs prior quarter YoY: +72.3% (decel: -34.9%)",
      "severity": "WARNING"
    },
    {
      "quarter": "2022-03 (Q1)",
      "signal": "YoY REVENUE GROWTH ACCELERATION",
      "detail": "YoY growth: +72.3% vs prior quarter YoY: +63.3% (accel: +9.0%)",
      "severity": "MEDIUM"
    },
    {
      "quarter": "2021-12 (Q4)",
      "signal": "FCF MARGIN EXPANSION",
      "detail": "FCF margin: -128.2% -> -74.1% (+54.1%)",
      "severity": "MEDIUM"
    },
    {
      "quarter": "2021-06 (Q2)",
      "signal": "FCF MARGIN EXPANSION",
      "detail": "FCF margin: -150.2% -> -101.3% (+48.9%)",
      "severity": "MEDIUM"
    },
    {
      "quarter": "2021-06 (Q2)",
      "signal": "OPERATING LEVERAGE",
      "detail": "Rev growth +45.2% vs OpEx growth +18.4% (leverage: 2.5x)",
      "severity": "MEDIUM"
    },
    {
      "quarter": "2021-06 (Q2)",
      "signal": "GROSS MARGIN INFLECTION",
      "detail": "GM: +73.6% -> +73.4% -> +81.6% (reversal +8.3%)",
      "severity": "HIGH"
    }
  ],
  "data_quality": {
    "n_quarters": 20,
    "coverage": {
      "revenue": [
        20,
        20
      ],
      "gross_profit": [
        20,
        20
      ],
      "op_income": [
        20,
        20
      ],
      "fcf": [
        20,
        20
      ]
    },
    "gaps": [],
    "warnings": []
  },
  "market_cap": null,
  "source": "SEC EDGAR",
  "last_updated": "2026-02-02T22:44:06.224329"
}