{
  "ticker": "SGRP",
  "name": "SPAR Group, Inc.",
  "quarters": [
    {
      "date": "2020-12-31T00:00:00",
      "quarter_label": "2020-12 (Q4)",
      "revenue": 59360000,
      "gross_profit": 11509000,
      "operating_income": 2939000,
      "net_income": 2030000,
      "opex": 8570000,
      "cogs": 47851000,
      "rd": null,
      "sga": 8049000,
      "fcf": 1578000,
      "ocf": 1578000,
      "capex": null,
      "gross_margin": 0.19388477088948788,
      "op_margin": 0.04951145552560647,
      "fcf_margin": 0.02658355795148248
    },
    {
      "date": "2021-03-31T00:00:00",
      "quarter_label": "2021-03 (Q1)",
      "revenue": 61097000,
      "gross_profit": 12259000,
      "operating_income": 2718000,
      "net_income": 917000,
      "opex": 9541000,
      "cogs": 48838000,
      "rd": null,
      "sga": 9011000,
      "fcf": 2393000,
      "ocf": 2393000,
      "capex": null,
      "gross_margin": 0.2006481496636496,
      "op_margin": 0.044486636005041165,
      "fcf_margin": 0.03916722588670475,
      "op_leverage_ratio": 0.2582661676488795,
      "fcf_margin_change": 0.012583667935222271
    },
    {
      "date": "2021-06-30T00:00:00",
      "quarter_label": "2021-06 (Q2)",
      "revenue": 67176000,
      "gross_profit": 12006000,
      "operating_income": 1887000,
      "net_income": 514000,
      "opex": 10119000,
      "cogs": 55170000,
      "rd": null,
      "sga": 9585000,
      "fcf": -1384000,
      "ocf": -1384000,
      "capex": null,
      "gross_margin": 0.1787245444801715,
      "op_margin": 0.028090389424794568,
      "fcf_margin": -0.02060259616529713,
      "op_leverage_ratio": 1.6423976497070603,
      "fcf_margin_change": -0.05976982205200188
    },
    {
      "date": "2021-09-30T00:00:00",
      "quarter_label": "2021-09 (Q3)",
      "revenue": 67423000,
      "gross_profit": 12610000,
      "operating_income": 2675000,
      "net_income": 1180000,
      "opex": 9935000,
      "cogs": 54813000,
      "rd": null,
      "sga": 9426000,
      "fcf": 110000,
      "ocf": 110000,
      "capex": null,
      "gross_margin": 0.18702816546282425,
      "op_margin": 0.03967488839120181,
      "fcf_margin": 0.0016314907375821308,
      "fcf_margin_change": 0.02223408690287926
    },
    {
      "date": "2021-12-31T00:00:00",
      "quarter_label": "2021-12 (Q4)",
      "revenue": 60023000,
      "gross_profit": 10647000,
      "operating_income": -3099000,
      "net_income": -4390000,
      "opex": 13746000,
      "cogs": 49376000,
      "rd": null,
      "sga": 8758000,
      "fcf": 1510000,
      "ocf": 1510000,
      "capex": null,
      "gross_margin": 0.17738200356529996,
      "op_margin": -0.05163020842010563,
      "fcf_margin": 0.025157023141129234,
      "rev_growth_yoy": 0.011169137466307278,
      "fcf_margin_change": 0.023525532403547104
    },
    {
      "date": "2022-03-31T00:00:00",
      "quarter_label": "2022-03 (Q1)",
      "revenue": 58994000,
      "gross_profit": 11831000,
      "operating_income": 2067000,
      "net_income": 674000,
      "opex": 9764000,
      "cogs": 45018000,
      "rd": null,
      "sga": 9254000,
      "fcf": -2998000,
      "ocf": -2998000,
      "capex": null,
      "gross_margin": 0.2005458182188019,
      "op_margin": 0.03503746143675628,
      "fcf_margin": -0.05081872732820287,
      "incr_op_margin_yoy": 0.3095577746077033,
      "rev_growth_yoy": -0.034420675319573796,
      "rev_growth_yoy_accel": -0.045589812785881076,
      "fcf_margin_change": -0.07597575046933211
    },
    {
      "date": "2022-06-30T00:00:00",
      "quarter_label": "2022-06 (Q2)",
      "revenue": 67799000,
      "gross_profit": 12948000,
      "operating_income": 2357000,
      "net_income": 1149000,
      "opex": 10591000,
      "cogs": 52330000,
      "rd": null,
      "sga": 10084000,
      "fcf": -530000,
      "ocf": -530000,
      "capex": null,
      "gross_margin": 0.19097626808654994,
      "op_margin": 0.034764524550509594,
      "fcf_margin": -0.00781722444283839,
      "rev_growth_yoy": 0.00927414552816482,
      "rev_growth_yoy_accel": 0.04369482084773862,
      "op_leverage_ratio": 1.7621536656177894,
      "fcf_margin_change": 0.04300150288536448
    },
    {
      "date": "2022-09-30T00:00:00",
      "quarter_label": "2022-09 (Q3)",
      "revenue": 69832000,
      "gross_profit": 12840000,
      "operating_income": 1720000,
      "net_income": -32000,
      "opex": 11120000,
      "cogs": 54457000,
      "rd": null,
      "sga": 10614000,
      "fcf": -634000,
      "ocf": -634000,
      "capex": null,
      "gross_margin": 0.18386985909038836,
      "op_margin": 0.024630541871921183,
      "fcf_margin": -0.009078932294650018,
      "incr_op_margin_yoy": -0.39643005396430053,
      "rev_growth_yoy": 0.03572964715304866,
      "rev_growth_yoy_accel": 0.02645550162488384,
      "op_leverage_ratio": 0.6003373811129868,
      "fcf_margin_change": -0.0012617078518116272
    },
    {
      "date": "2022-12-31T00:00:00",
      "quarter_label": "2022-12 (Q4)",
      "revenue": 64642000,
      "gross_profit": 13393000,
      "operating_income": -757000,
      "net_income": -2521000,
      "opex": 14150000,
      "cogs": 49646000,
      "rd": null,
      "sga": 11183000,
      "fcf": -882000,
      "ocf": -882000,
      "capex": null,
      "gross_margin": 0.20718727762136072,
      "op_margin": -0.011710652516939452,
      "fcf_margin": -0.013644379814980971,
      "incr_op_margin_yoy": 0.5070361550119074,
      "rev_growth_yoy": 0.076953834363494,
      "rev_growth_yoy_accel": 0.04122418721044534,
      "fcf_margin_change": -0.004565447520330954
    },
    {
      "date": "2023-03-31T00:00:00",
      "quarter_label": "2023-03 (Q1)",
      "revenue": 64380000,
      "gross_profit": 14138000,
      "operating_income": 3150000,
      "net_income": 866000,
      "opex": 10988000,
      "cogs": 48745000,
      "rd": null,
      "sga": 10456000,
      "fcf": 2936000,
      "ocf": 2936000,
      "capex": null,
      "gross_margin": 0.21960236098167132,
      "op_margin": 0.048928238583411,
      "fcf_margin": 0.045604224914569745,
      "incr_op_margin_yoy": 0.20107686594875604,
      "rev_growth_yoy": 0.09129742007661797,
      "rev_growth_yoy_accel": 0.014343585713123969,
      "fcf_margin_change": 0.059248604729550715
    },
    {
      "date": "2023-06-30T00:00:00",
      "quarter_label": "2023-06 (Q2)",
      "revenue": 65936000,
      "gross_profit": 13096000,
      "operating_income": 1997000,
      "net_income": 639000,
      "opex": 11099000,
      "cogs": 51158000,
      "rd": null,
      "sga": 10605000,
      "fcf": 3808000,
      "ocf": 3808000,
      "capex": null,
      "gross_margin": 0.19861684057267653,
      "op_margin": 0.030286944916282456,
      "fcf_margin": 0.057752972579471006,
      "incr_op_margin_yoy": 0.1932367149758454,
      "rev_growth_yoy": -0.02747828139058098,
      "rev_growth_yoy_accel": -0.11877570146719894,
      "op_leverage_ratio": 2.392512922988226,
      "fcf_margin_change": 0.01214874766490126
    },
    {
      "date": "2023-09-30T00:00:00",
      "quarter_label": "2023-09 (Q3)",
      "revenue": 67333000,
      "gross_profit": 13373000,
      "operating_income": 1541000,
      "net_income": 259000,
      "opex": 11832000,
      "cogs": 52332000,
      "rd": null,
      "sga": 11284000,
      "fcf": -5104000,
      "ocf": -5104000,
      "capex": null,
      "gross_margin": 0.19860989410838667,
      "op_margin": 0.022886251912138177,
      "fcf_margin": -0.07580235545720523,
      "incr_op_margin_yoy": 0.07162865146058424,
      "rev_growth_yoy": -0.03578588612670409,
      "rev_growth_yoy_accel": -0.008307604736123107,
      "op_leverage_ratio": 0.32081427589629263,
      "fcf_margin_change": -0.13355532803667625
    },
    {
      "date": "2023-12-31T00:00:00",
      "quarter_label": "2023-12 (Q4)",
      "revenue": 65098000,
      "gross_profit": 14873000,
      "operating_income": 2710000,
      "net_income": 2138000,
      "opex": 12163000,
      "cogs": 49835000,
      "rd": null,
      "sga": 11328000,
      "fcf": 5181000,
      "ocf": 5181000,
      "capex": null,
      "gross_margin": 0.22847092076561493,
      "op_margin": 0.0416295431503272,
      "fcf_margin": 0.07958769854680635,
      "rev_growth_yoy": 0.007054237183255469,
      "rev_growth_yoy_accel": 0.04284012330995956,
      "fcf_margin_change": 0.15539005400401157
    },
    {
      "date": "2024-03-31T00:00:00",
      "quarter_label": "2024-03 (Q1)",
      "revenue": 68693000,
      "gross_profit": 12542000,
      "operating_income": 9572000,
      "net_income": 6627000,
      "opex": 2970000,
      "cogs": 56151000,
      "rd": null,
      "sga": 9616000,
      "fcf": 615000,
      "ocf": 615000,
      "capex": null,
      "gross_margin": 0.18258046671422123,
      "op_margin": 0.139344620266985,
      "fcf_margin": 0.00895287729462973,
      "incr_op_margin_yoy": 1.4889867841409692,
      "rev_growth_yoy": 0.0669928549238894,
      "rev_growth_yoy_accel": 0.05993861774063393,
      "op_leverage_ratio": Infinity,
      "fcf_margin_change": -0.07063482125217661
    },
    {
      "date": "2024-06-30T00:00:00",
      "quarter_label": "2024-06 (Q2)",
      "revenue": 57290000,
      "gross_profit": 10993000,
      "operating_income": 5893000,
      "net_income": 3627000,
      "opex": 5100000,
      "cogs": 46297000,
      "rd": null,
      "sga": 9541000,
      "fcf": -445000,
      "ocf": -445000,
      "capex": null,
      "gross_margin": 0.19188340024437076,
      "op_margin": 0.10286262873101763,
      "fcf_margin": -0.007767498690871007,
      "incr_op_margin_yoy": -0.45061300023132084,
      "rev_growth_yoy": -0.1311271536034943,
      "rev_growth_yoy_accel": -0.1981200085273837,
      "fcf_margin_change": -0.01672037598550074
    },
    {
      "date": "2024-09-30T00:00:00",
      "quarter_label": "2024-09 (Q3)",
      "revenue": 37788000,
      "gross_profit": 8442000,
      "operating_income": -1492000,
      "net_income": -144000,
      "opex": 9934000,
      "cogs": 29346000,
      "rd": null,
      "sga": 8558000,
      "fcf": -900000,
      "ocf": -900000,
      "capex": null,
      "gross_margin": 0.22340425531914893,
      "op_margin": -0.039483433894357996,
      "fcf_margin": -0.023817084788821847,
      "incr_op_margin_yoy": 0.10265696395329159,
      "rev_growth_yoy": -0.43878930093713336,
      "rev_growth_yoy_accel": -0.30766214733363906,
      "fcf_margin_change": -0.01604958609795084
    },
    {
      "date": "2024-12-31T00:00:00",
      "quarter_label": "2024-12 (Q4)",
      "revenue": 33043000,
      "gross_profit": 6487000,
      "operating_income": -13050000,
      "net_income": -13260000,
      "opex": 19537000,
      "cogs": 26556000,
      "rd": null,
      "sga": 9558000,
      "fcf": 65000,
      "ocf": 65000,
      "capex": null,
      "gross_margin": 0.19631994673607117,
      "op_margin": -0.3949399267620979,
      "fcf_margin": 0.0019671337348303726,
      "incr_op_margin_yoy": 0.4916549680237092,
      "rev_growth_yoy": -0.4924114412117116,
      "rev_growth_yoy_accel": -0.053622140274578234,
      "fcf_margin_change": 0.02578421852365222
    },
    {
      "date": "2025-03-31T00:00:00",
      "quarter_label": "2025-03 (Q1)",
      "revenue": 34041000,
      "gross_profit": 7275000,
      "operating_income": 1036000,
      "net_income": 462000,
      "opex": 6239000,
      "cogs": 26766000,
      "rd": null,
      "sga": 5872000,
      "fcf": -4044000,
      "ocf": -4044000,
      "capex": null,
      "gross_margin": 0.21371287564995153,
      "op_margin": 0.030433888546164918,
      "fcf_margin": -0.11879792015510708,
      "incr_op_margin_yoy": 0.2463349878794875,
      "rev_growth_yoy": -0.5044473235992023,
      "rev_growth_yoy_accel": -0.012035882387490704,
      "op_leverage_ratio": Infinity,
      "fcf_margin_change": -0.12076505388993745
    },
    {
      "date": "2025-06-30T00:00:00",
      "quarter_label": "2025-06 (Q2)",
      "revenue": 38629000,
      "gross_profit": 9062000,
      "operating_income": 715000,
      "net_income": -1000,
      "opex": 8347000,
      "cogs": 29567000,
      "rd": null,
      "sga": 7934000,
      "fcf": -7856000,
      "ocf": -7856000,
      "capex": null,
      "gross_margin": 0.2345905925599938,
      "op_margin": 0.01850941002873489,
      "fcf_margin": -0.20337052473530248,
      "incr_op_margin_yoy": 0.27747709125984676,
      "rev_growth_yoy": -0.32572874847268285,
      "rev_growth_yoy_accel": 0.17871857512651945,
      "op_leverage_ratio": 0.3989013248729473,
      "fcf_margin_change": -0.0845726045801954
    },
    {
      "date": "2025-09-30T00:00:00",
      "quarter_label": "2025-09 (Q3)",
      "revenue": 41416000,
      "gross_profit": 7690000,
      "operating_income": -5919000,
      "net_income": -8764000,
      "opex": 13609000,
      "cogs": 33726000,
      "rd": null,
      "sga": 9187000,
      "fcf": -4062000,
      "ocf": -4062000,
      "capex": null,
      "gross_margin": 0.18567703303071276,
      "op_margin": -0.14291578134054472,
      "fcf_margin": -0.09807803747344021,
      "incr_op_margin_yoy": -1.220231532524807,
      "rev_growth_yoy": 0.09600931512649519,
      "rev_growth_yoy_accel": 0.42173806359917804,
      "op_leverage_ratio": 0.11444664684808409,
      "fcf_margin_change": 0.10529248726186227
    }
  ],
  "signals": [
    {
      "quarter": "2025-09 (Q3)",
      "signal": "FCF MARGIN EXPANSION",
      "detail": "FCF margin: -20.3% -> -9.8% (+10.5%)",
      "severity": "MEDIUM"
    },
    {
      "quarter": "2025-09 (Q3)",
      "signal": "YoY REVENUE GROWTH ACCELERATION",
      "detail": "YoY growth: +9.6% vs prior quarter YoY: -32.6% (accel: +42.2%)",
      "severity": "HIGH"
    },
    {
      "quarter": "2025-06 (Q2)",
      "signal": "YoY REVENUE GROWTH ACCELERATION",
      "detail": "YoY growth: -32.6% vs prior quarter YoY: -50.4% (accel: +17.9%)",
      "severity": "HIGH"
    },
    {
      "quarter": "2025-06 (Q2)",
      "signal": "INCREMENTAL MARGIN (YoY)",
      "detail": "YoY Incr OPM: +27.7% vs year-ago OPM: +10.3%",
      "severity": "MEDIUM"
    },
    {
      "quarter": "2025-03 (Q1)",
      "signal": "INCREMENTAL MARGIN (YoY)",
      "detail": "YoY Incr OPM: +24.6% vs year-ago OPM: +13.9%",
      "severity": "MEDIUM"
    },
    {
      "quarter": "2025-03 (Q1)",
      "signal": "OP MARGIN TURNED POSITIVE (QoQ)",
      "detail": "Op margin: -39.5% -> +3.0%",
      "severity": "HIGH"
    },
    {
      "quarter": "2024-12 (Q4)",
      "signal": "FCF TURNED POSITIVE",
      "detail": "FCF margin: -2.4% -> +0.2%",
      "severity": "HIGH"
    },
    {
      "quarter": "2024-12 (Q4)",
      "signal": "YoY REVENUE GROWTH DECELERATION",
      "detail": "YoY growth: -49.2% vs prior quarter YoY: -43.9% (decel: -5.4%)",
      "severity": "WARNING"
    },
    {
      "quarter": "2024-09 (Q3)",
      "signal": "YoY REVENUE GROWTH DECELERATION",
      "detail": "YoY growth: -43.9% vs prior quarter YoY: -13.1% (decel: -30.8%)",
      "severity": "WARNING"
    },
    {
      "quarter": "2024-06 (Q2)",
      "signal": "YoY REVENUE GROWTH DECELERATION",
      "detail": "YoY growth: -13.1% vs prior quarter YoY: +6.7% (decel: -19.8%)",
      "severity": "WARNING"
    },
    {
      "quarter": "2024-03 (Q1)",
      "signal": "YoY REVENUE GROWTH ACCELERATION",
      "detail": "YoY growth: +6.7% vs prior quarter YoY: +0.7% (accel: +6.0%)",
      "severity": "MEDIUM"
    },
    {
      "quarter": "2024-03 (Q1)",
      "signal": "INCREMENTAL MARGIN (YoY)",
      "detail": "YoY Incr OPM: +148.9% vs year-ago OPM: +4.9%",
      "severity": "HIGH"
    },
    {
      "quarter": "2023-12 (Q4)",
      "signal": "FCF TURNED POSITIVE",
      "detail": "FCF margin: -7.6% -> +8.0%",
      "severity": "HIGH"
    },
    {
      "quarter": "2023-12 (Q4)",
      "signal": "GROSS MARGIN INFLECTION",
      "detail": "GM: +19.9% -> +19.9% -> +22.8% (reversal +3.0%)",
      "severity": "MEDIUM"
    },
    {
      "quarter": "2023-12 (Q4)",
      "signal": "OP MARGIN TURNED POSITIVE (YoY)",
      "detail": "Op margin: -1.2% (year-ago) -> +4.2%",
      "severity": "HIGH"
    },
    {
      "quarter": "2023-06 (Q2)",
      "signal": "OPERATING LEVERAGE",
      "detail": "Rev growth +2.4% vs OpEx growth +1.0% (leverage: 2.4x)",
      "severity": "MEDIUM"
    },
    {
      "quarter": "2023-06 (Q2)",
      "signal": "YoY REVENUE GROWTH DECELERATION",
      "detail": "YoY growth: -2.7% vs prior quarter YoY: +9.1% (decel: -11.9%)",
      "severity": "WARNING"
    },
    {
      "quarter": "2023-06 (Q2)",
      "signal": "INCREMENTAL MARGIN (YoY)",
      "detail": "YoY Incr OPM: +19.3% vs year-ago OPM: +3.5%",
      "severity": "MEDIUM"
    },
    {
      "quarter": "2023-03 (Q1)",
      "signal": "FCF TURNED POSITIVE",
      "detail": "FCF margin: -1.4% -> +4.6%",
      "severity": "HIGH"
    },
    {
      "quarter": "2023-03 (Q1)",
      "signal": "INCREMENTAL MARGIN (YoY)",
      "detail": "YoY Incr OPM: +20.1% vs year-ago OPM: +3.5%",
      "severity": "MEDIUM"
    },
    {
      "quarter": "2023-03 (Q1)",
      "signal": "OP MARGIN TURNED POSITIVE (QoQ)",
      "detail": "Op margin: -1.2% -> +4.9%",
      "severity": "HIGH"
    },
    {
      "quarter": "2022-12 (Q4)",
      "signal": "GROSS MARGIN INFLECTION",
      "detail": "GM: +19.1% -> +18.4% -> +20.7% (reversal +2.3%)",
      "severity": "MEDIUM"
    },
    {
      "quarter": "2022-06 (Q2)",
      "signal": "OPERATING LEVERAGE",
      "detail": "Rev growth +14.9% vs OpEx growth +8.5% (leverage: 1.8x)",
      "severity": "MEDIUM"
    },
    {
      "quarter": "2022-03 (Q1)",
      "signal": "GROSS MARGIN INFLECTION",
      "detail": "GM: +18.7% -> +17.7% -> +20.1% (reversal +2.3%)",
      "severity": "MEDIUM"
    },
    {
      "quarter": "2022-03 (Q1)",
      "signal": "INCREMENTAL MARGIN (YoY)",
      "detail": "YoY Incr OPM: +31.0% vs year-ago OPM: +4.4%",
      "severity": "HIGH"
    },
    {
      "quarter": "2022-03 (Q1)",
      "signal": "OP MARGIN TURNED POSITIVE (QoQ)",
      "detail": "Op margin: -5.2% -> +3.5%",
      "severity": "HIGH"
    },
    {
      "quarter": "2021-09 (Q3)",
      "signal": "FCF TURNED POSITIVE",
      "detail": "FCF margin: -2.1% -> +0.2%",
      "severity": "HIGH"
    },
    {
      "quarter": "2021-06 (Q2)",
      "signal": "OPERATING LEVERAGE",
      "detail": "Rev growth +9.9% vs OpEx growth +6.1% (leverage: 1.6x)",
      "severity": "MEDIUM"
    }
  ],
  "data_quality": {
    "n_quarters": 20,
    "coverage": {
      "revenue": [
        20,
        20
      ],
      "gross_profit": [
        20,
        20
      ],
      "op_income": [
        20,
        20
      ],
      "fcf": [
        20,
        20
      ]
    },
    "gaps": [],
    "warnings": []
  },
  "market_cap": null,
  "source": "SEC EDGAR",
  "last_updated": "2026-02-02T23:58:58.220857"
}