{
  "ticker": "SGU",
  "name": "STAR GROUP, L.P.",
  "quarters": [
    {
      "date": "2020-12-31T00:00:00",
      "quarter_label": "2020-12 (Q4)",
      "revenue": 373320000,
      "gross_profit": 131870000,
      "operating_income": 54786000,
      "net_income": 37860000,
      "opex": 77084000,
      "cogs": null,
      "rd": null,
      "sga": null,
      "fcf": -31681000,
      "ocf": -27001000,
      "capex": -4680000,
      "gross_margin": 0.3532358298510661,
      "op_margin": 0.14675345548055288,
      "fcf_margin": -0.08486285224472302
    },
    {
      "date": "2021-03-31T00:00:00",
      "quarter_label": "2021-03 (Q1)",
      "revenue": 604115000,
      "gross_profit": 226202000,
      "operating_income": 119695000,
      "net_income": 85164000,
      "opex": 106507000,
      "cogs": null,
      "rd": null,
      "sga": null,
      "fcf": 29922000,
      "ocf": 32474000,
      "capex": -2552000,
      "gross_margin": 0.37443533102141147,
      "op_margin": 0.1981328058399477,
      "fcf_margin": 0.049530304660536484,
      "op_leverage_ratio": 1.619654678069626,
      "fcf_margin_change": 0.1343931569052595
    },
    {
      "date": "2021-06-30T00:00:00",
      "quarter_label": "2021-06 (Q2)",
      "revenue": 283100000,
      "gross_profit": 70091000,
      "operating_income": -13764000,
      "net_income": -12054000,
      "opex": 83855000,
      "cogs": null,
      "rd": null,
      "sga": null,
      "fcf": 49557000,
      "ocf": 53985000,
      "capex": -4428000,
      "gross_margin": 0.24758389261744967,
      "op_margin": -0.04861886259272342,
      "fcf_margin": 0.17505121865065348,
      "fcf_margin_change": 0.125520913990117
    },
    {
      "date": "2021-09-30T00:00:00",
      "quarter_label": "2021-09 (Q3)",
      "revenue": 236551000,
      "gross_profit": 49491000,
      "operating_income": -30517000,
      "net_income": -23233000,
      "opex": 80008000,
      "cogs": null,
      "rd": null,
      "sga": null,
      "fcf": 5996000,
      "ocf": 9419000,
      "capex": -3423000,
      "gross_margin": 0.20921915358633023,
      "op_margin": -0.12900812087034086,
      "fcf_margin": 0.02534759946058144,
      "fcf_margin_change": -0.14970361919007205
    },
    {
      "date": "2021-12-31T00:00:00",
      "quarter_label": "2021-12 (Q4)",
      "revenue": 488270000,
      "gross_profit": 139628000,
      "operating_income": 22624000,
      "net_income": 14489000,
      "opex": 117004000,
      "cogs": null,
      "rd": null,
      "sga": null,
      "fcf": -69652000,
      "ocf": -65865000,
      "capex": -3787000,
      "gross_margin": 0.2859647326274397,
      "op_margin": 0.04633501955885064,
      "fcf_margin": -0.1426505826694247,
      "incr_op_margin_yoy": -0.27979121357111786,
      "rev_growth_yoy": 0.30791278259937854,
      "op_leverage_ratio": 2.3012820656005726,
      "fcf_margin_change": -0.16799818213000614
    },
    {
      "date": "2022-03-31T00:00:00",
      "quarter_label": "2022-03 (Q1)",
      "revenue": 782543000,
      "gross_profit": 220073000,
      "operating_income": 117245000,
      "net_income": 81379000,
      "opex": 102828000,
      "cogs": null,
      "rd": null,
      "sga": null,
      "fcf": -42917000,
      "ocf": -39576000,
      "capex": -3341000,
      "gross_margin": 0.28122799641681034,
      "op_margin": 0.14982563258504644,
      "fcf_margin": -0.05484299265343885,
      "incr_op_margin_yoy": -0.01373102876230188,
      "rev_growth_yoy": 0.29535436133848686,
      "rev_growth_yoy_accel": -0.012558421260891683,
      "op_leverage_ratio": Infinity,
      "fcf_margin_change": 0.08780759001598586
    },
    {
      "date": "2022-06-30T00:00:00",
      "quarter_label": "2022-06 (Q2)",
      "revenue": 439101000,
      "gross_profit": 77305000,
      "operating_income": -11496000,
      "net_income": -10587000,
      "opex": 88801000,
      "cogs": null,
      "rd": null,
      "sga": null,
      "fcf": 69463000,
      "ocf": 74008000,
      "capex": -4545000,
      "gross_margin": 0.17605288988182674,
      "op_margin": -0.0261807647898775,
      "fcf_margin": 0.15819367298184245,
      "incr_op_margin_yoy": 0.014538368343792667,
      "rev_growth_yoy": 0.551045566937478,
      "rev_growth_yoy_accel": 0.2556912055989911,
      "fcf_margin_change": 0.21303666563528129
    },
    {
      "date": "2022-09-30T00:00:00",
      "quarter_label": "2022-09 (Q3)",
      "revenue": 296644000,
      "gross_profit": 47224000,
      "operating_income": -67920000,
      "net_income": -49993000,
      "opex": 115144000,
      "cogs": null,
      "rd": null,
      "sga": null,
      "fcf": 58312000,
      "ocf": 65340000,
      "capex": -7028000,
      "gross_margin": 0.1591941856231712,
      "op_margin": -0.22896131389814053,
      "fcf_margin": 0.19657232237968744,
      "incr_op_margin_yoy": -0.622418584527316,
      "rev_growth_yoy": 0.2540382412249367,
      "rev_growth_yoy_accel": -0.2970073257125413,
      "fcf_margin_change": 0.038378649397844994
    },
    {
      "date": "2022-12-31T00:00:00",
      "quarter_label": "2022-12 (Q4)",
      "revenue": 648187000,
      "gross_profit": 152551000,
      "operating_income": 23605000,
      "net_income": 13539000,
      "opex": 128946000,
      "cogs": null,
      "rd": null,
      "sga": null,
      "fcf": -95836000,
      "ocf": -92741000,
      "capex": -3095000,
      "gross_margin": 0.23535029243104227,
      "op_margin": 0.036416959920516766,
      "fcf_margin": -0.14785239444789852,
      "incr_op_margin_yoy": 0.0061344322367228,
      "rev_growth_yoy": 0.32751756200462856,
      "rev_growth_yoy_accel": 0.07347932077969188,
      "op_leverage_ratio": 9.88649099900163,
      "fcf_margin_change": -0.34442471682758596
    },
    {
      "date": "2023-03-31T00:00:00",
      "quarter_label": "2023-03 (Q1)",
      "revenue": 737617000,
      "gross_profit": 203039000,
      "operating_income": 91515000,
      "net_income": 62041000,
      "opex": 111524000,
      "cogs": null,
      "rd": null,
      "sga": null,
      "fcf": 76821000,
      "ocf": 78908000,
      "capex": -2087000,
      "gross_margin": 0.2752634497306868,
      "op_margin": 0.12406845286917194,
      "fcf_margin": 0.10414754540635587,
      "incr_op_margin_yoy": 0.5727195833147843,
      "rev_growth_yoy": -0.05741026371713759,
      "rev_growth_yoy_accel": -0.38492782572176615,
      "op_leverage_ratio": Infinity,
      "fcf_margin_change": 0.2519999398542544
    },
    {
      "date": "2023-06-30T00:00:00",
      "quarter_label": "2023-06 (Q2)",
      "revenue": 300121000,
      "gross_profit": 64428000,
      "operating_income": -29586000,
      "net_income": -23906000,
      "opex": 94014000,
      "cogs": null,
      "rd": null,
      "sga": null,
      "fcf": 115079000,
      "ocf": 116548000,
      "capex": -1469000,
      "gross_margin": 0.21467341505592744,
      "op_margin": -0.09858023930348093,
      "fcf_margin": 0.3834420117219388,
      "incr_op_margin_yoy": 0.13016261332565837,
      "rev_growth_yoy": -0.31651032450392963,
      "rev_growth_yoy_accel": -0.25910006078679204,
      "fcf_margin_change": 0.27929446631558297
    },
    {
      "date": "2023-09-30T00:00:00",
      "quarter_label": "2023-09 (Q3)",
      "revenue": 266937000,
      "gross_profit": 50733000,
      "operating_income": -22989000,
      "net_income": -19729000,
      "opex": 73722000,
      "cogs": null,
      "rd": null,
      "sga": null,
      "fcf": 18582000,
      "ocf": 20943000,
      "capex": -2361000,
      "gross_margin": 0.19005608064824284,
      "op_margin": -0.08612144438575395,
      "fcf_margin": 0.06961193090504501,
      "incr_op_margin_yoy": -1.5124718079913826,
      "rev_growth_yoy": -0.1001436064777983,
      "rev_growth_yoy_accel": 0.21636671802613133,
      "fcf_margin_change": -0.3138300808168938
    },
    {
      "date": "2023-12-31T00:00:00",
      "quarter_label": "2023-12 (Q4)",
      "revenue": 528096000,
      "gross_profit": 149651000,
      "operating_income": 21621000,
      "net_income": 12979000,
      "opex": 128030000,
      "cogs": null,
      "rd": null,
      "sga": null,
      "fcf": -63482000,
      "ocf": -60308000,
      "capex": -3174000,
      "gross_margin": 0.28337840089680666,
      "op_margin": 0.04094141974186512,
      "fcf_margin": -0.12020920438708113,
      "incr_op_margin_yoy": 0.01652080505616574,
      "rev_growth_yoy": -0.18527215140075318,
      "rev_growth_yoy_accel": -0.08512854492295488,
      "op_leverage_ratio": 1.328096160056595,
      "fcf_margin_change": -0.18982113529212613
    },
    {
      "date": "2024-03-31T00:00:00",
      "quarter_label": "2024-03 (Q1)",
      "revenue": 666032000,
      "gross_profit": 206046000,
      "operating_income": 100331000,
      "net_income": 68374000,
      "opex": 105715000,
      "cogs": null,
      "rd": null,
      "sga": null,
      "fcf": 52281000,
      "ocf": 55129000,
      "capex": -2848000,
      "gross_margin": 0.30936351406539025,
      "op_margin": 0.15063990919355227,
      "fcf_margin": 0.0784962284094458,
      "incr_op_margin_yoy": -0.12315429210030034,
      "rev_growth_yoy": -0.09704901052985493,
      "rev_growth_yoy_accel": 0.08822314087089825,
      "op_leverage_ratio": Infinity,
      "fcf_margin_change": 0.19870543279652692
    },
    {
      "date": "2024-06-30T00:00:00",
      "quarter_label": "2024-06 (Q2)",
      "revenue": 331640000,
      "gross_profit": 88247000,
      "operating_income": -12291000,
      "net_income": -11044000,
      "opex": 100538000,
      "cogs": null,
      "rd": null,
      "sga": null,
      "fcf": 75958000,
      "ocf": 77546000,
      "capex": -1588000,
      "gross_margin": 0.266092751175974,
      "op_margin": -0.037061271257990594,
      "fcf_margin": 0.22903751055361235,
      "incr_op_margin_yoy": 0.5487166471017482,
      "rev_growth_yoy": 0.1050209748734677,
      "rev_growth_yoy_accel": 0.20206998540332263,
      "fcf_margin_change": 0.15054128214416657
    },
    {
      "date": "2024-09-30T00:00:00",
      "quarter_label": "2024-09 (Q3)",
      "revenue": 240331000,
      "gross_profit": 57880000,
      "operating_income": -48559000,
      "net_income": -35086000,
      "opex": 106439000,
      "cogs": null,
      "rd": null,
      "sga": null,
      "fcf": 35568000,
      "ocf": 38611000,
      "capex": -3043000,
      "gross_margin": 0.2408345157303885,
      "op_margin": -0.20205050534471208,
      "fcf_margin": 0.14799588900308325,
      "incr_op_margin_yoy": 0.9610614147184845,
      "rev_growth_yoy": -0.09967145805939229,
      "rev_growth_yoy_accel": -0.20469243293286,
      "fcf_margin_change": -0.0810416215505291
    },
    {
      "date": "2024-12-31T00:00:00",
      "quarter_label": "2024-12 (Q4)",
      "revenue": 488063000,
      "gross_profit": 157699000,
      "operating_income": 49219000,
      "net_income": 32884000,
      "opex": 108480000,
      "cogs": null,
      "rd": null,
      "sga": null,
      "fcf": -68564000,
      "ocf": -64564000,
      "capex": -4000000,
      "gross_margin": 0.3231119752982709,
      "op_margin": 0.10084558755734403,
      "fcf_margin": -0.14048186402165294,
      "incr_op_margin_yoy": -0.6893812604601204,
      "rev_growth_yoy": -0.07580629279524935,
      "rev_growth_yoy_accel": 0.023865165264142937,
      "op_leverage_ratio": 53.75639002497639,
      "fcf_margin_change": -0.2884777530247362
    },
    {
      "date": "2025-03-31T00:00:00",
      "quarter_label": "2025-03 (Q1)",
      "revenue": 743045000,
      "gross_profit": 259885000,
      "operating_income": 125372000,
      "net_income": 85911000,
      "opex": 134513000,
      "cogs": null,
      "rd": null,
      "sga": null,
      "fcf": 46079000,
      "ocf": 48605000,
      "capex": -2526000,
      "gross_margin": 0.3497567442079551,
      "op_margin": 0.16872733145368046,
      "fcf_margin": 0.06201374075594345,
      "incr_op_margin_yoy": 0.3251528962642671,
      "rev_growth_yoy": 0.11562957935955029,
      "rev_growth_yoy_accel": 0.19143587215479962,
      "op_leverage_ratio": 2.177003344945147,
      "fcf_margin_change": 0.2024956047775964
    },
    {
      "date": "2025-06-30T00:00:00",
      "quarter_label": "2025-06 (Q2)",
      "revenue": 305618000,
      "gross_profit": 85857000,
      "operating_income": -19177000,
      "net_income": -16629000,
      "opex": 105034000,
      "cogs": null,
      "rd": null,
      "sga": null,
      "fcf": 68674000,
      "ocf": 72502000,
      "capex": -3828000,
      "gross_margin": 0.2809291337552108,
      "op_margin": -0.06274826744498034,
      "fcf_margin": 0.22470535112460654,
      "incr_op_margin_yoy": 0.2646222427177004,
      "rev_growth_yoy": -0.0784646001688578,
      "rev_growth_yoy_accel": -0.19409417952840807,
      "fcf_margin_change": 0.1626916103686631
    },
    {
      "date": "2025-09-30T00:00:00",
      "quarter_label": "2025-09 (Q3)",
      "revenue": 247692000,
      "gross_profit": 59425000,
      "operating_income": -40943000,
      "net_income": -28671000,
      "opex": 100368000,
      "cogs": null,
      "rd": null,
      "sga": null,
      "fcf": 9841000,
      "ocf": 14407000,
      "capex": -4566000,
      "gross_margin": 0.23991489430421653,
      "op_margin": -0.165298031426126,
      "fcf_margin": 0.03973079469663938,
      "incr_op_margin_yoy": 1.0346420323325636,
      "rev_growth_yoy": 0.030628591401026084,
      "rev_growth_yoy_accel": 0.10909319156988388,
      "fcf_margin_change": -0.18497455642796717
    }
  ],
  "signals": [
    {
      "quarter": "2025-09 (Q3)",
      "signal": "YoY REVENUE GROWTH ACCELERATION",
      "detail": "YoY growth: +3.1% vs prior quarter YoY: -7.8% (accel: +10.9%)",
      "severity": "MEDIUM"
    },
    {
      "quarter": "2025-06 (Q2)",
      "signal": "FCF MARGIN EXPANSION",
      "detail": "FCF margin: +6.2% -> +22.5% (+16.3%)",
      "severity": "MEDIUM"
    },
    {
      "quarter": "2025-06 (Q2)",
      "signal": "YoY REVENUE GROWTH DECELERATION",
      "detail": "YoY growth: -7.8% vs prior quarter YoY: +11.6% (decel: -19.4%)",
      "severity": "WARNING"
    },
    {
      "quarter": "2025-03 (Q1)",
      "signal": "FCF TURNED POSITIVE",
      "detail": "FCF margin: -14.0% -> +6.2%",
      "severity": "HIGH"
    },
    {
      "quarter": "2025-03 (Q1)",
      "signal": "OPERATING LEVERAGE",
      "detail": "Rev growth +52.2% vs OpEx growth +24.0% (leverage: 2.2x)",
      "severity": "MEDIUM"
    },
    {
      "quarter": "2025-03 (Q1)",
      "signal": "YoY REVENUE GROWTH ACCELERATION",
      "detail": "YoY growth: +11.6% vs prior quarter YoY: -7.6% (accel: +19.1%)",
      "severity": "HIGH"
    },
    {
      "quarter": "2025-03 (Q1)",
      "signal": "INCREMENTAL MARGIN (YoY)",
      "detail": "YoY Incr OPM: +32.5% vs year-ago OPM: +15.1%",
      "severity": "MEDIUM"
    },
    {
      "quarter": "2024-12 (Q4)",
      "signal": "OPERATING LEVERAGE",
      "detail": "Rev growth +103.1% vs OpEx growth +1.9% (leverage: 53.8x)",
      "severity": "MEDIUM"
    },
    {
      "quarter": "2024-12 (Q4)",
      "signal": "GROSS MARGIN INFLECTION",
      "detail": "GM: +26.6% -> +24.1% -> +32.3% (reversal +8.2%)",
      "severity": "HIGH"
    },
    {
      "quarter": "2024-12 (Q4)",
      "signal": "OP MARGIN TURNED POSITIVE (QoQ)",
      "detail": "Op margin: -20.2% -> +10.1%",
      "severity": "HIGH"
    },
    {
      "quarter": "2024-09 (Q3)",
      "signal": "YoY REVENUE GROWTH DECELERATION",
      "detail": "YoY growth: -10.0% vs prior quarter YoY: +10.5% (decel: -20.5%)",
      "severity": "WARNING"
    },
    {
      "quarter": "2024-06 (Q2)",
      "signal": "FCF MARGIN EXPANSION",
      "detail": "FCF margin: +7.8% -> +22.9% (+15.1%)",
      "severity": "MEDIUM"
    },
    {
      "quarter": "2024-06 (Q2)",
      "signal": "YoY REVENUE GROWTH ACCELERATION",
      "detail": "YoY growth: +10.5% vs prior quarter YoY: -9.7% (accel: +20.2%)",
      "severity": "HIGH"
    },
    {
      "quarter": "2024-03 (Q1)",
      "signal": "FCF TURNED POSITIVE",
      "detail": "FCF margin: -12.0% -> +7.8%",
      "severity": "HIGH"
    },
    {
      "quarter": "2024-03 (Q1)",
      "signal": "YoY REVENUE GROWTH ACCELERATION",
      "detail": "YoY growth: -9.7% vs prior quarter YoY: -18.5% (accel: +8.8%)",
      "severity": "MEDIUM"
    },
    {
      "quarter": "2023-12 (Q4)",
      "signal": "GROSS MARGIN INFLECTION",
      "detail": "GM: +21.5% -> +19.0% -> +28.3% (reversal +9.3%)",
      "severity": "HIGH"
    },
    {
      "quarter": "2023-12 (Q4)",
      "signal": "YoY REVENUE GROWTH DECELERATION",
      "detail": "YoY growth: -18.5% vs prior quarter YoY: -10.0% (decel: -8.5%)",
      "severity": "WARNING"
    },
    {
      "quarter": "2023-12 (Q4)",
      "signal": "OP MARGIN TURNED POSITIVE (QoQ)",
      "detail": "Op margin: -8.6% -> +4.1%",
      "severity": "HIGH"
    },
    {
      "quarter": "2023-09 (Q3)",
      "signal": "YoY REVENUE GROWTH ACCELERATION",
      "detail": "YoY growth: -10.0% vs prior quarter YoY: -31.7% (accel: +21.6%)",
      "severity": "HIGH"
    },
    {
      "quarter": "2023-06 (Q2)",
      "signal": "FCF MARGIN EXPANSION",
      "detail": "FCF margin: +10.4% -> +38.3% (+27.9%)",
      "severity": "MEDIUM"
    },
    {
      "quarter": "2023-06 (Q2)",
      "signal": "YoY REVENUE GROWTH DECELERATION",
      "detail": "YoY growth: -31.7% vs prior quarter YoY: -5.7% (decel: -25.9%)",
      "severity": "WARNING"
    },
    {
      "quarter": "2023-03 (Q1)",
      "signal": "FCF TURNED POSITIVE",
      "detail": "FCF margin: -14.8% -> +10.4%",
      "severity": "HIGH"
    },
    {
      "quarter": "2023-03 (Q1)",
      "signal": "YoY REVENUE GROWTH DECELERATION",
      "detail": "YoY growth: -5.7% vs prior quarter YoY: +32.8% (decel: -38.5%)",
      "severity": "WARNING"
    },
    {
      "quarter": "2023-03 (Q1)",
      "signal": "INCREMENTAL MARGIN (YoY)",
      "detail": "YoY Incr OPM: +57.3% vs year-ago OPM: +15.0%",
      "severity": "HIGH"
    },
    {
      "quarter": "2022-12 (Q4)",
      "signal": "OPERATING LEVERAGE",
      "detail": "Rev growth +118.5% vs OpEx growth +12.0% (leverage: 9.9x)",
      "severity": "MEDIUM"
    },
    {
      "quarter": "2022-12 (Q4)",
      "signal": "GROSS MARGIN INFLECTION",
      "detail": "GM: +17.6% -> +15.9% -> +23.5% (reversal +7.6%)",
      "severity": "HIGH"
    },
    {
      "quarter": "2022-12 (Q4)",
      "signal": "YoY REVENUE GROWTH ACCELERATION",
      "detail": "YoY growth: +32.8% vs prior quarter YoY: +25.4% (accel: +7.3%)",
      "severity": "MEDIUM"
    },
    {
      "quarter": "2022-12 (Q4)",
      "signal": "OP MARGIN TURNED POSITIVE (QoQ)",
      "detail": "Op margin: -22.9% -> +3.6%",
      "severity": "HIGH"
    },
    {
      "quarter": "2022-09 (Q3)",
      "signal": "YoY REVENUE GROWTH DECELERATION",
      "detail": "YoY growth: +25.4% vs prior quarter YoY: +55.1% (decel: -29.7%)",
      "severity": "WARNING"
    },
    {
      "quarter": "2022-06 (Q2)",
      "signal": "FCF TURNED POSITIVE",
      "detail": "FCF margin: -5.5% -> +15.8%",
      "severity": "HIGH"
    },
    {
      "quarter": "2022-06 (Q2)",
      "signal": "YoY REVENUE GROWTH ACCELERATION",
      "detail": "YoY growth: +55.1% vs prior quarter YoY: +29.5% (accel: +25.6%)",
      "severity": "HIGH"
    },
    {
      "quarter": "2022-03 (Q1)",
      "signal": "FCF MARGIN EXPANSION",
      "detail": "FCF margin: -14.3% -> -5.5% (+8.8%)",
      "severity": "MEDIUM"
    },
    {
      "quarter": "2021-12 (Q4)",
      "signal": "OPERATING LEVERAGE",
      "detail": "Rev growth +106.4% vs OpEx growth +46.2% (leverage: 2.3x)",
      "severity": "MEDIUM"
    },
    {
      "quarter": "2021-12 (Q4)",
      "signal": "GROSS MARGIN INFLECTION",
      "detail": "GM: +24.8% -> +20.9% -> +28.6% (reversal +7.7%)",
      "severity": "HIGH"
    },
    {
      "quarter": "2021-12 (Q4)",
      "signal": "OP MARGIN TURNED POSITIVE (QoQ)",
      "detail": "Op margin: -12.9% -> +4.6%",
      "severity": "HIGH"
    },
    {
      "quarter": "2021-06 (Q2)",
      "signal": "FCF MARGIN EXPANSION",
      "detail": "FCF margin: +5.0% -> +17.5% (+12.6%)",
      "severity": "MEDIUM"
    },
    {
      "quarter": "2021-03 (Q1)",
      "signal": "FCF TURNED POSITIVE",
      "detail": "FCF margin: -8.5% -> +5.0%",
      "severity": "HIGH"
    },
    {
      "quarter": "2021-03 (Q1)",
      "signal": "OPERATING LEVERAGE",
      "detail": "Rev growth +61.8% vs OpEx growth +38.2% (leverage: 1.6x)",
      "severity": "MEDIUM"
    }
  ],
  "data_quality": {
    "n_quarters": 20,
    "coverage": {
      "revenue": [
        20,
        20
      ],
      "gross_profit": [
        20,
        20
      ],
      "op_income": [
        20,
        20
      ],
      "fcf": [
        20,
        20
      ]
    },
    "gaps": [],
    "warnings": []
  },
  "market_cap": null,
  "source": "SEC EDGAR",
  "last_updated": "2026-02-02T22:32:54.354043"
}