{
  "ticker": "SHC",
  "name": "SOTERA HEALTH COMPANY",
  "quarters": [
    {
      "date": "2020-12-31T00:00:00",
      "quarter_label": "2020-12 (Q4)",
      "revenue": 216845000,
      "gross_profit": 120577000,
      "operating_income": 52381000,
      "net_income": -43680000,
      "opex": 68196000,
      "cogs": 96268000,
      "rd": null,
      "sga": 53156000,
      "fcf": 1978000,
      "ocf": 21845000,
      "capex": -19867000,
      "gross_margin": 0.5560515575641587,
      "op_margin": 0.24155963937374622,
      "fcf_margin": 0.00912172288962162
    },
    {
      "date": "2021-03-31T00:00:00",
      "quarter_label": "2021-03 (Q1)",
      "revenue": 212148000,
      "gross_profit": 115372000,
      "operating_income": 46364000,
      "net_income": 10842000,
      "opex": 69008000,
      "cogs": 96776000,
      "rd": null,
      "sga": 52465000,
      "fcf": 35217000,
      "ocf": 56159000,
      "capex": -20942000,
      "gross_margin": 0.5438278937345626,
      "op_margin": 0.21854554367705564,
      "fcf_margin": 0.16600203631427116,
      "fcf_margin_change": 0.15688031342464953
    },
    {
      "date": "2021-06-30T00:00:00",
      "quarter_label": "2021-06 (Q2)",
      "revenue": 251917000,
      "gross_profit": 143761000,
      "operating_income": 78272000,
      "net_income": 42599000,
      "opex": 65489000,
      "cogs": 108156000,
      "rd": null,
      "sga": 49828000,
      "fcf": 54250000,
      "ocf": 78097000,
      "capex": -23847000,
      "gross_margin": 0.5706681168797659,
      "op_margin": 0.3107055101481837,
      "fcf_margin": 0.21534870612146065,
      "op_leverage_ratio": Infinity,
      "fcf_margin_change": 0.04934666980718949
    },
    {
      "date": "2021-09-30T00:00:00",
      "quarter_label": "2021-09 (Q3)",
      "revenue": 226164000,
      "gross_profit": 125586000,
      "operating_income": 65671000,
      "net_income": 27444000,
      "opex": 59915000,
      "cogs": 100578000,
      "rd": null,
      "sga": 44038000,
      "fcf": 64829000,
      "ocf": 80938000,
      "capex": -16109000,
      "gross_margin": 0.5552873136308166,
      "op_margin": 0.29036893581648715,
      "fcf_margin": 0.2866459737181868,
      "fcf_margin_change": 0.07129726759672614
    },
    {
      "date": "2021-12-31T00:00:00",
      "quarter_label": "2021-12 (Q4)",
      "revenue": 241249000,
      "gross_profit": 133953000,
      "operating_income": 66426000,
      "net_income": 35997000,
      "opex": 67527000,
      "cogs": 107296000,
      "rd": null,
      "sga": 51827000,
      "fcf": 25087000,
      "ocf": 66351000,
      "capex": -41264000,
      "gross_margin": 0.555247897400611,
      "op_margin": 0.27534207395678323,
      "fcf_margin": 0.10398799580516396,
      "incr_op_margin_yoy": 0.5755204064907392,
      "rev_growth_yoy": 0.11254121607599898,
      "op_leverage_ratio": 0.5249991762124486,
      "fcf_margin_change": -0.18265797791302282
    },
    {
      "date": "2022-03-31T00:00:00",
      "quarter_label": "2022-03 (Q1)",
      "revenue": 236754000,
      "gross_profit": 128875000,
      "operating_income": 53492000,
      "net_income": 30641000,
      "opex": 75383000,
      "cogs": 107879000,
      "rd": null,
      "sga": 59542000,
      "fcf": 14421000,
      "ocf": 49967000,
      "capex": -35546000,
      "gross_margin": 0.5443413838836936,
      "op_margin": 0.22593916047880921,
      "fcf_margin": 0.06091132567981956,
      "incr_op_margin_yoy": 0.2896854425749817,
      "rev_growth_yoy": 0.1159850670286781,
      "rev_growth_yoy_accel": 0.0034438509526791145,
      "fcf_margin_change": -0.043076670125344406
    },
    {
      "date": "2022-06-30T00:00:00",
      "quarter_label": "2022-06 (Q2)",
      "revenue": 266639000,
      "gross_profit": 150396000,
      "operating_income": 71495000,
      "net_income": 30418000,
      "opex": 78901000,
      "cogs": 116243000,
      "rd": null,
      "sga": 63132000,
      "fcf": 22193000,
      "ocf": 58289000,
      "capex": -36096000,
      "gross_margin": 0.5640435195151497,
      "op_margin": 0.26813406890964936,
      "fcf_margin": 0.08323238535998109,
      "incr_op_margin_yoy": -0.4603314767015351,
      "rev_growth_yoy": 0.058439882977329834,
      "rev_growth_yoy_accel": -0.057545184051348265,
      "op_leverage_ratio": 2.704789780117956,
      "fcf_margin_change": 0.022321059680161535
    },
    {
      "date": "2022-09-30T00:00:00",
      "quarter_label": "2022-09 (Q3)",
      "revenue": 248704000,
      "gross_profit": 136013000,
      "operating_income": 63195000,
      "net_income": 25090000,
      "opex": 72818000,
      "cogs": 112691000,
      "rd": null,
      "sga": 57091000,
      "fcf": 28779000,
      "ocf": 67779000,
      "capex": -39000000,
      "gross_margin": 0.5468870625321668,
      "op_margin": 0.25409724009264023,
      "fcf_margin": 0.1157158710756562,
      "incr_op_margin_yoy": -0.109849157054126,
      "rev_growth_yoy": 0.0996621920376364,
      "rev_growth_yoy_accel": 0.04122230906030657,
      "fcf_margin_change": 0.03248348571567511
    },
    {
      "date": "2022-12-31T00:00:00",
      "quarter_label": "2022-12 (Q4)",
      "revenue": 251590000,
      "gross_profit": 141720000,
      "operating_income": 60168000,
      "net_income": -319719000,
      "opex": 81552000,
      "cogs": 109870000,
      "rd": null,
      "sga": 65949000,
      "fcf": 30190000,
      "ocf": 101926000,
      "capex": -71736000,
      "gross_margin": 0.563297428355658,
      "op_margin": 0.23915099964227512,
      "fcf_margin": 0.1199968202233793,
      "incr_op_margin_yoy": -0.6051639106469394,
      "rev_growth_yoy": 0.042864426381041994,
      "rev_growth_yoy_accel": -0.05679776565659441,
      "op_leverage_ratio": 0.0967473583192665,
      "fcf_margin_change": 0.004280949147723104
    },
    {
      "date": "2023-03-31T00:00:00",
      "quarter_label": "2023-03 (Q1)",
      "revenue": 220590000,
      "gross_profit": 111503000,
      "operating_income": 33366000,
      "net_income": null,
      "opex": 78137000,
      "cogs": 109087000,
      "rd": null,
      "sga": 61910000,
      "fcf": -11129000,
      "ocf": 33871000,
      "capex": -45000000,
      "gross_margin": 0.5054762228568838,
      "op_margin": 0.1512579899360805,
      "fcf_margin": -0.0504510630581622,
      "incr_op_margin_yoy": 1.2451125958921059,
      "rev_growth_yoy": -0.06827339770394587,
      "rev_growth_yoy_accel": -0.11113782408498787,
      "fcf_margin_change": -0.1704478832815415
    },
    {
      "date": "2023-06-30T00:00:00",
      "quarter_label": "2023-06 (Q2)",
      "revenue": 255282000,
      "gross_profit": 139588000,
      "operating_income": 63204000,
      "net_income": 23513000,
      "opex": 76384000,
      "cogs": 115694000,
      "rd": null,
      "sga": 60287000,
      "fcf": -389709000,
      "ocf": -336575000,
      "capex": -53134000,
      "gross_margin": 0.546799225954043,
      "op_margin": 0.24758502362093684,
      "fcf_margin": -1.5265823677345054,
      "incr_op_margin_yoy": 0.7300343400545919,
      "rev_growth_yoy": -0.042593169041288036,
      "rev_growth_yoy_accel": 0.025680228662657838,
      "op_leverage_ratio": Infinity,
      "fcf_margin_change": -1.4761313046763431
    },
    {
      "date": "2023-09-30T00:00:00",
      "quarter_label": "2023-09 (Q3)",
      "revenue": 263177000,
      "gross_profit": 145984000,
      "operating_income": 76098000,
      "net_income": -13660000,
      "opex": 69886000,
      "cogs": 117193000,
      "rd": null,
      "sga": 54112000,
      "fcf": -10166000,
      "ocf": 41849000,
      "capex": -52015000,
      "gross_margin": 0.554698928857765,
      "op_margin": 0.28915140760780766,
      "fcf_margin": -0.038627995607518895,
      "incr_op_margin_yoy": 0.8915221446832032,
      "rev_growth_yoy": 0.058193676016469374,
      "rev_growth_yoy_accel": 0.10078684505775741,
      "op_leverage_ratio": Infinity,
      "fcf_margin_change": 1.4879543721269866
    },
    {
      "date": "2023-12-31T00:00:00",
      "quarter_label": "2023-12 (Q4)",
      "revenue": 310239000,
      "gross_profit": 180083000,
      "operating_income": 104024000,
      "net_income": 38681000,
      "opex": 76059000,
      "cogs": 130156000,
      "rd": null,
      "sga": 60358000,
      "fcf": 48297000,
      "ocf": 113123000,
      "capex": -64826000,
      "gross_margin": 0.5804653831400952,
      "op_margin": 0.33530278269334285,
      "fcf_margin": 0.15567675243924844,
      "incr_op_margin_yoy": 0.7477706354754556,
      "rev_growth_yoy": 0.23311339878373544,
      "rev_growth_yoy_accel": 0.17491972276726606,
      "op_leverage_ratio": 2.024493349273528,
      "fcf_margin_change": 0.19430474804676734
    },
    {
      "date": "2024-03-31T00:00:00",
      "quarter_label": "2024-03 (Q1)",
      "revenue": 248176000,
      "gross_profit": 127115000,
      "operating_income": 53174000,
      "net_income": null,
      "opex": 73941000,
      "cogs": 121061000,
      "rd": null,
      "sga": 58209000,
      "fcf": -25191000,
      "ocf": 9699000,
      "capex": -34890000,
      "gross_margin": 0.5121969892334473,
      "op_margin": 0.21425923538134228,
      "fcf_margin": -0.10150457739668622,
      "incr_op_margin_yoy": 0.7180453853403901,
      "rev_growth_yoy": 0.12505553288907023,
      "rev_growth_yoy_accel": -0.1080578658946652,
      "fcf_margin_change": -0.25718132983593467
    },
    {
      "date": "2024-06-30T00:00:00",
      "quarter_label": "2024-06 (Q2)",
      "revenue": 276594000,
      "gross_profit": 152791000,
      "operating_income": 76799000,
      "net_income": 8754000,
      "opex": 75992000,
      "cogs": 123803000,
      "rd": null,
      "sga": 60575000,
      "fcf": 19374000,
      "ocf": 61295000,
      "capex": -41921000,
      "gross_margin": 0.5524017151492802,
      "op_margin": 0.27765967446871587,
      "fcf_margin": 0.07004490336015966,
      "incr_op_margin_yoy": 0.6379035285285285,
      "rev_growth_yoy": 0.08348414694338026,
      "rev_growth_yoy_accel": -0.04157138594568997,
      "op_leverage_ratio": 4.128130223778214,
      "fcf_margin_change": 0.1715494807568459
    },
    {
      "date": "2024-09-30T00:00:00",
      "quarter_label": "2024-09 (Q3)",
      "revenue": 285468000,
      "gross_profit": 158024000,
      "operating_income": 80507000,
      "net_income": 16998000,
      "opex": 77517000,
      "cogs": 127444000,
      "rd": null,
      "sga": 62009000,
      "fcf": 61064000,
      "ocf": 97453000,
      "capex": -36389000,
      "gross_margin": 0.5535611697283058,
      "op_margin": 0.28201759917048497,
      "fcf_margin": 0.21390838903134501,
      "incr_op_margin_yoy": 0.19779283118747476,
      "rev_growth_yoy": 0.08469965080535154,
      "rev_growth_yoy_accel": 0.0012155038619712788,
      "op_leverage_ratio": 1.5987284386880838,
      "fcf_margin_change": 0.14386348567118534
    },
    {
      "date": "2024-12-31T00:00:00",
      "quarter_label": "2024-12 (Q4)",
      "revenue": 290203000,
      "gross_profit": 164365000,
      "operating_income": 87146000,
      "net_income": 12323000,
      "opex": 77219000,
      "cogs": 125838000,
      "rd": null,
      "sga": 61837000,
      "fcf": -10153000,
      "ocf": 55717000,
      "capex": -65870000,
      "gross_margin": 0.5663793964914215,
      "op_margin": 0.30029324300575805,
      "fcf_margin": -0.03498585472927571,
      "incr_op_margin_yoy": 0.8423837093232182,
      "rev_growth_yoy": -0.06458246706571386,
      "rev_growth_yoy_accel": -0.14928211787106538,
      "op_leverage_ratio": Infinity,
      "fcf_margin_change": -0.24889424376062072
    },
    {
      "date": "2025-03-31T00:00:00",
      "quarter_label": "2025-03 (Q1)",
      "revenue": 254523000,
      "gross_profit": 135432000,
      "operating_income": null,
      "net_income": null,
      "opex": null,
      "cogs": 119091000,
      "rd": null,
      "sga": 63061000,
      "fcf": 35603000,
      "ocf": 55521000,
      "capex": -19918000,
      "gross_margin": 0.5321012246437453,
      "op_margin": null,
      "fcf_margin": 0.13988126809757861,
      "rev_growth_yoy": 0.025574592224872673,
      "rev_growth_yoy_accel": 0.09015705929058652,
      "fcf_margin_change": 0.17486712282685432
    },
    {
      "date": "2025-06-30T00:00:00",
      "quarter_label": "2025-06 (Q2)",
      "revenue": 294341000,
      "gross_profit": 166621000,
      "operating_income": null,
      "net_income": 7962000,
      "opex": null,
      "cogs": 127720000,
      "rd": null,
      "sga": 68893000,
      "fcf": 26187000,
      "ocf": 57416000,
      "capex": -31229000,
      "gross_margin": 0.5660815176954621,
      "op_margin": null,
      "fcf_margin": 0.08896823752042698,
      "rev_growth_yoy": 0.06416263548739308,
      "rev_growth_yoy_accel": 0.03858804326252041,
      "fcf_margin_change": -0.05091303057715163
    },
    {
      "date": "2025-09-30T00:00:00",
      "quarter_label": "2025-09 (Q3)",
      "revenue": 311312000,
      "gross_profit": 177561000,
      "operating_income": null,
      "net_income": 48400000,
      "opex": null,
      "cogs": 133751000,
      "rd": null,
      "sga": 63294000,
      "fcf": 34982000,
      "ocf": 71154000,
      "capex": -36172000,
      "gross_margin": 0.5703634938582516,
      "op_margin": null,
      "fcf_margin": 0.11236958421133782,
      "rev_growth_yoy": 0.0905320386172881,
      "rev_growth_yoy_accel": 0.026369403129895025,
      "fcf_margin_change": 0.023401346690910832
    }
  ],
  "signals": [
    {
      "quarter": "2025-06 (Q2)",
      "signal": "GROSS MARGIN INFLECTION",
      "detail": "GM: +56.6% -> +53.2% -> +56.6% (reversal +3.4%)",
      "severity": "MEDIUM"
    },
    {
      "quarter": "2025-03 (Q1)",
      "signal": "FCF TURNED POSITIVE",
      "detail": "FCF margin: -3.5% -> +14.0%",
      "severity": "HIGH"
    },
    {
      "quarter": "2025-03 (Q1)",
      "signal": "YoY REVENUE GROWTH ACCELERATION",
      "detail": "YoY growth: +2.6% vs prior quarter YoY: -6.5% (accel: +9.0%)",
      "severity": "MEDIUM"
    },
    {
      "quarter": "2024-12 (Q4)",
      "signal": "YoY REVENUE GROWTH DECELERATION",
      "detail": "YoY growth: -6.5% vs prior quarter YoY: +8.5% (decel: -14.9%)",
      "severity": "WARNING"
    },
    {
      "quarter": "2024-12 (Q4)",
      "signal": "INCREMENTAL MARGIN (YoY)",
      "detail": "YoY Incr OPM: +84.2% vs year-ago OPM: +33.5%",
      "severity": "HIGH"
    },
    {
      "quarter": "2024-09 (Q3)",
      "signal": "FCF MARGIN EXPANSION",
      "detail": "FCF margin: +7.0% -> +21.4% (+14.4%)",
      "severity": "MEDIUM"
    },
    {
      "quarter": "2024-09 (Q3)",
      "signal": "OPERATING LEVERAGE",
      "detail": "Rev growth +3.2% vs OpEx growth +2.0% (leverage: 1.6x)",
      "severity": "MEDIUM"
    },
    {
      "quarter": "2024-06 (Q2)",
      "signal": "FCF TURNED POSITIVE",
      "detail": "FCF margin: -10.2% -> +7.0%",
      "severity": "HIGH"
    },
    {
      "quarter": "2024-06 (Q2)",
      "signal": "OPERATING LEVERAGE",
      "detail": "Rev growth +11.5% vs OpEx growth +2.8% (leverage: 4.1x)",
      "severity": "MEDIUM"
    },
    {
      "quarter": "2024-06 (Q2)",
      "signal": "GROSS MARGIN INFLECTION",
      "detail": "GM: +58.0% -> +51.2% -> +55.2% (reversal +4.0%)",
      "severity": "MEDIUM"
    },
    {
      "quarter": "2024-06 (Q2)",
      "signal": "INCREMENTAL MARGIN (YoY)",
      "detail": "YoY Incr OPM: +63.8% vs year-ago OPM: +24.8%",
      "severity": "HIGH"
    },
    {
      "quarter": "2024-03 (Q1)",
      "signal": "YoY REVENUE GROWTH DECELERATION",
      "detail": "YoY growth: +12.5% vs prior quarter YoY: +23.3% (decel: -10.8%)",
      "severity": "WARNING"
    },
    {
      "quarter": "2024-03 (Q1)",
      "signal": "INCREMENTAL MARGIN (YoY)",
      "detail": "YoY Incr OPM: +71.8% vs year-ago OPM: +15.1%",
      "severity": "HIGH"
    },
    {
      "quarter": "2023-12 (Q4)",
      "signal": "FCF TURNED POSITIVE",
      "detail": "FCF margin: -3.9% -> +15.6%",
      "severity": "HIGH"
    },
    {
      "quarter": "2023-12 (Q4)",
      "signal": "OPERATING LEVERAGE",
      "detail": "Rev growth +17.9% vs OpEx growth +8.8% (leverage: 2.0x)",
      "severity": "MEDIUM"
    },
    {
      "quarter": "2023-12 (Q4)",
      "signal": "YoY REVENUE GROWTH ACCELERATION",
      "detail": "YoY growth: +23.3% vs prior quarter YoY: +5.8% (accel: +17.5%)",
      "severity": "HIGH"
    },
    {
      "quarter": "2023-12 (Q4)",
      "signal": "INCREMENTAL MARGIN (YoY)",
      "detail": "YoY Incr OPM: +74.8% vs year-ago OPM: +23.9%",
      "severity": "HIGH"
    },
    {
      "quarter": "2023-09 (Q3)",
      "signal": "FCF MARGIN EXPANSION",
      "detail": "FCF margin: -152.7% -> -3.9% (+148.8%)",
      "severity": "MEDIUM"
    },
    {
      "quarter": "2023-09 (Q3)",
      "signal": "YoY REVENUE GROWTH ACCELERATION",
      "detail": "YoY growth: +5.8% vs prior quarter YoY: -4.3% (accel: +10.1%)",
      "severity": "MEDIUM"
    },
    {
      "quarter": "2023-09 (Q3)",
      "signal": "INCREMENTAL MARGIN (YoY)",
      "detail": "YoY Incr OPM: +89.2% vs year-ago OPM: +25.4%",
      "severity": "HIGH"
    },
    {
      "quarter": "2023-06 (Q2)",
      "signal": "GROSS MARGIN INFLECTION",
      "detail": "GM: +56.3% -> +50.5% -> +54.7% (reversal +4.1%)",
      "severity": "MEDIUM"
    },
    {
      "quarter": "2023-06 (Q2)",
      "signal": "INCREMENTAL MARGIN (YoY)",
      "detail": "YoY Incr OPM: +73.0% vs year-ago OPM: +26.8%",
      "severity": "HIGH"
    },
    {
      "quarter": "2023-03 (Q1)",
      "signal": "YoY REVENUE GROWTH DECELERATION",
      "detail": "YoY growth: -6.8% vs prior quarter YoY: +4.3% (decel: -11.1%)",
      "severity": "WARNING"
    },
    {
      "quarter": "2023-03 (Q1)",
      "signal": "INCREMENTAL MARGIN (YoY)",
      "detail": "YoY Incr OPM: +124.5% vs year-ago OPM: +22.6%",
      "severity": "HIGH"
    },
    {
      "quarter": "2022-12 (Q4)",
      "signal": "YoY REVENUE GROWTH DECELERATION",
      "detail": "YoY growth: +4.3% vs prior quarter YoY: +10.0% (decel: -5.7%)",
      "severity": "WARNING"
    },
    {
      "quarter": "2022-06 (Q2)",
      "signal": "OPERATING LEVERAGE",
      "detail": "Rev growth +12.6% vs OpEx growth +4.7% (leverage: 2.7x)",
      "severity": "MEDIUM"
    },
    {
      "quarter": "2022-06 (Q2)",
      "signal": "YoY REVENUE GROWTH DECELERATION",
      "detail": "YoY growth: +5.8% vs prior quarter YoY: +11.6% (decel: -5.8%)",
      "severity": "WARNING"
    },
    {
      "quarter": "2021-12 (Q4)",
      "signal": "INCREMENTAL MARGIN (YoY)",
      "detail": "YoY Incr OPM: +57.6% vs year-ago OPM: +24.2%",
      "severity": "HIGH"
    },
    {
      "quarter": "2021-09 (Q3)",
      "signal": "FCF MARGIN EXPANSION",
      "detail": "FCF margin: +21.5% -> +28.7% (+7.1%)",
      "severity": "MEDIUM"
    },
    {
      "quarter": "2021-06 (Q2)",
      "signal": "GROSS MARGIN INFLECTION",
      "detail": "GM: +55.6% -> +54.4% -> +57.1% (reversal +2.7%)",
      "severity": "MEDIUM"
    },
    {
      "quarter": "2021-03 (Q1)",
      "signal": "FCF MARGIN EXPANSION",
      "detail": "FCF margin: +0.9% -> +16.6% (+15.7%)",
      "severity": "MEDIUM"
    }
  ],
  "data_quality": {
    "n_quarters": 20,
    "coverage": {
      "revenue": [
        20,
        20
      ],
      "gross_profit": [
        20,
        20
      ],
      "op_income": [
        17,
        20
      ],
      "fcf": [
        20,
        20
      ]
    },
    "gaps": [],
    "warnings": []
  },
  "market_cap": null,
  "source": "SEC EDGAR",
  "last_updated": "2026-02-02T21:01:21.605293"
}