{
  "ticker": "SHEN",
  "name": "Shenandoah Telecommunications Company",
  "quarters": [
    {
      "date": "2020-12-31T00:00:00",
      "quarter_label": "2020-12 (Q4)",
      "revenue": 58132000,
      "gross_profit": 35096000,
      "operating_income": 1614000,
      "net_income": 49275000,
      "opex": 56518000,
      "cogs": 23036000,
      "rd": null,
      "sga": 20789000,
      "fcf": 37858000,
      "ocf": 75568000,
      "capex": -37710000,
      "gross_margin": 0.6037294433358563,
      "op_margin": 0.027764398266015275,
      "fcf_margin": 0.6512420009633249
    },
    {
      "date": "2021-03-31T00:00:00",
      "quarter_label": "2021-03 (Q1)",
      "revenue": 59691000,
      "gross_profit": 36408000,
      "operating_income": 2371000,
      "net_income": 51521000,
      "opex": 57320000,
      "cogs": 23283000,
      "rd": null,
      "sga": 20153000,
      "fcf": 45184000,
      "ocf": 84666000,
      "capex": -39482000,
      "gross_margin": 0.6099411971654018,
      "op_margin": 0.03972123100634937,
      "fcf_margin": 0.7569650366051833,
      "op_leverage_ratio": 1.889919330552721,
      "fcf_margin_change": 0.10572303564185848
    },
    {
      "date": "2021-06-30T00:00:00",
      "quarter_label": "2021-06 (Q2)",
      "revenue": 60700000,
      "gross_profit": 36365000,
      "operating_income": 2703000,
      "net_income": 53422000,
      "opex": 57997000,
      "cogs": 24335000,
      "rd": null,
      "sga": 20320000,
      "fcf": 28439000,
      "ocf": 68519000,
      "capex": -40080000,
      "gross_margin": 0.5990939044481054,
      "op_margin": 0.04453047775947282,
      "fcf_margin": 0.4685172981878089,
      "op_leverage_ratio": 1.4311983425621766,
      "fcf_margin_change": -0.2884477384173744
    },
    {
      "date": "2021-09-30T00:00:00",
      "quarter_label": "2021-09 (Q3)",
      "revenue": 62244000,
      "gross_profit": 36818000,
      "operating_income": 1172000,
      "net_income": 893058000,
      "opex": 61072000,
      "cogs": 25426000,
      "rd": null,
      "sga": 20238000,
      "fcf": -39784000,
      "ocf": -546000,
      "capex": -39238000,
      "gross_margin": 0.5915108283529337,
      "op_margin": 0.018829124092281987,
      "fcf_margin": -0.6391620075830602,
      "op_leverage_ratio": 0.4797544527932924,
      "fcf_margin_change": -1.1076793057708691
    },
    {
      "date": "2021-12-31T00:00:00",
      "quarter_label": "2021-12 (Q4)",
      "revenue": 62604000,
      "gross_profit": 33349000,
      "operating_income": -7901000,
      "net_income": 1401000,
      "opex": 71280000,
      "cogs": 29255000,
      "rd": null,
      "sga": 21740000,
      "fcf": -444874000,
      "ocf": -403573000,
      "capex": -41301000,
      "gross_margin": 0.5326975912082295,
      "op_margin": -0.12620599322726983,
      "fcf_margin": -7.106159350840202,
      "incr_op_margin_yoy": -2.1276833631484795,
      "rev_growth_yoy": 0.07692836991674121,
      "fcf_margin_change": -6.466997343257142
    },
    {
      "date": "2022-03-31T00:00:00",
      "quarter_label": "2022-03 (Q1)",
      "revenue": 64414000,
      "gross_profit": 38075000,
      "operating_income": -380000,
      "net_income": -603000,
      "opex": 64794000,
      "cogs": 26339000,
      "rd": null,
      "sga": 23771000,
      "fcf": -29627000,
      "ocf": 16066000,
      "capex": -45693000,
      "gross_margin": 0.5910982084639985,
      "op_margin": -0.005899338653087838,
      "fcf_margin": -0.45994659546061417,
      "incr_op_margin_yoy": -0.5824687698496718,
      "rev_growth_yoy": 0.07912415607042937,
      "rev_growth_yoy_accel": 0.0021957861536881645,
      "op_leverage_ratio": Infinity,
      "fcf_margin_change": 6.6462127553795876
    },
    {
      "date": "2022-06-30T00:00:00",
      "quarter_label": "2022-06 (Q2)",
      "revenue": 66021000,
      "gross_profit": 39265000,
      "operating_income": -3137000,
      "net_income": -3225000,
      "opex": 69158000,
      "cogs": 26756000,
      "rd": null,
      "sga": 23090000,
      "fcf": -20355000,
      "ocf": 22658000,
      "capex": -43013000,
      "gross_margin": 0.5947350085578831,
      "op_margin": -0.04751518456248769,
      "fcf_margin": -0.30831099195710454,
      "incr_op_margin_yoy": -1.0975380567562487,
      "rev_growth_yoy": 0.08766062602965403,
      "rev_growth_yoy_accel": 0.008536469959224663,
      "op_leverage_ratio": 0.3704125199852228,
      "fcf_margin_change": 0.15163560350350963
    },
    {
      "date": "2022-09-30T00:00:00",
      "quarter_label": "2022-09 (Q3)",
      "revenue": 66924000,
      "gross_profit": 39447000,
      "operating_income": -1771000,
      "net_income": -2728000,
      "opex": 68695000,
      "cogs": 27477000,
      "rd": null,
      "sga": 22227000,
      "fcf": -26170000,
      "ocf": 17481000,
      "capex": -43651000,
      "gross_margin": 0.5894298009682625,
      "op_margin": -0.02646285338593031,
      "fcf_margin": -0.3910405833482757,
      "incr_op_margin_yoy": -0.6288461538461538,
      "rev_growth_yoy": 0.07518796992481203,
      "rev_growth_yoy_accel": -0.012472656104842009,
      "op_leverage_ratio": Infinity,
      "fcf_margin_change": -0.08272959139117114
    },
    {
      "date": "2022-12-31T00:00:00",
      "quarter_label": "2022-12 (Q4)",
      "revenue": 70012000,
      "gross_profit": 43038000,
      "operating_income": -2670000,
      "net_income": -1823000,
      "opex": 72682000,
      "cogs": 26974000,
      "rd": null,
      "sga": 23240000,
      "fcf": -37942000,
      "ocf": 18690000,
      "capex": -56632000,
      "gross_margin": 0.6147231903102325,
      "op_margin": -0.03813631948808776,
      "fcf_margin": -0.5419356681711707,
      "incr_op_margin_yoy": 0.7061285097192225,
      "rev_growth_yoy": 0.11833109705450132,
      "rev_growth_yoy_accel": 0.04314312712968929,
      "op_leverage_ratio": 0.7950131154391153,
      "fcf_margin_change": -0.150895084822895
    },
    {
      "date": "2023-03-31T00:00:00",
      "quarter_label": "2023-03 (Q1)",
      "revenue": 71686000,
      "gross_profit": 45119000,
      "operating_income": 2728000,
      "net_income": 2066000,
      "opex": 68958000,
      "cogs": 26567000,
      "rd": null,
      "sga": 26609000,
      "fcf": -19144000,
      "ocf": 48324000,
      "capex": -67468000,
      "gross_margin": 0.629397650866278,
      "op_margin": 0.038054850319448705,
      "fcf_margin": -0.2670535390452808,
      "incr_op_margin_yoy": 0.4273927392739274,
      "rev_growth_yoy": 0.11289471232961779,
      "rev_growth_yoy_accel": -0.005436384724883531,
      "op_leverage_ratio": Infinity,
      "fcf_margin_change": 0.2748821291258899
    },
    {
      "date": "2023-06-30T00:00:00",
      "quarter_label": "2023-06 (Q2)",
      "revenue": 71341000,
      "gross_profit": 45265000,
      "operating_income": 2369000,
      "net_income": 1790000,
      "opex": 68972000,
      "cogs": 26076000,
      "rd": null,
      "sga": 25691000,
      "fcf": -46317000,
      "ocf": 21476000,
      "capex": -67793000,
      "gross_margin": 0.6344878821435079,
      "op_margin": 0.03320671142821099,
      "fcf_margin": -0.649233960835985,
      "incr_op_margin_yoy": 1.0349624060150375,
      "rev_growth_yoy": 0.08058042138107571,
      "rev_growth_yoy_accel": -0.032314290948542074,
      "fcf_margin_change": -0.38218042179070416
    },
    {
      "date": "2023-09-30T00:00:00",
      "quarter_label": "2023-09 (Q3)",
      "revenue": 71842000,
      "gross_profit": 44091000,
      "operating_income": 1487000,
      "net_income": 1593000,
      "opex": 70355000,
      "cogs": 27751000,
      "rd": null,
      "sga": 24402000,
      "fcf": -32193000,
      "ocf": 21889000,
      "capex": -54082000,
      "gross_margin": 0.613721778346928,
      "op_margin": 0.020698198825199743,
      "fcf_margin": -0.44810834887670165,
      "incr_op_margin_yoy": 0.6624644164294429,
      "rev_growth_yoy": 0.07348634271711195,
      "rev_growth_yoy_accel": -0.007094078663963763,
      "fcf_margin_change": 0.2011256119592833
    },
    {
      "date": "2023-12-31T00:00:00",
      "quarter_label": "2023-12 (Q4)",
      "revenue": 72510000,
      "gross_profit": 46803000,
      "operating_income": 3040000,
      "net_income": 2589000,
      "opex": 69470000,
      "cogs": 25707000,
      "rd": null,
      "sga": 26929000,
      "fcf": -43642000,
      "ocf": 22085000,
      "capex": -65727000,
      "gross_margin": 0.6454695904013239,
      "op_margin": 0.04192525168942215,
      "fcf_margin": -0.6018756033650531,
      "incr_op_margin_yoy": 2.2858286629303444,
      "rev_growth_yoy": 0.035679597783237156,
      "rev_growth_yoy_accel": -0.03780674493387479,
      "fcf_margin_change": -0.15376725448835143
    },
    {
      "date": "2024-03-31T00:00:00",
      "quarter_label": "2024-03 (Q1)",
      "revenue": 69248000,
      "gross_profit": 43263000,
      "operating_income": -2776000,
      "net_income": 214696000,
      "opex": 72024000,
      "cogs": 25985000,
      "rd": null,
      "sga": 28596000,
      "fcf": -54895000,
      "ocf": 15158000,
      "capex": -70053000,
      "gross_margin": 0.6247545055452866,
      "op_margin": -0.04008780036968577,
      "fcf_margin": -0.7927304759704251,
      "incr_op_margin_yoy": 2.2575881870385563,
      "rev_growth_yoy": -0.03400943001422872,
      "rev_growth_yoy_accel": -0.06968902779746589,
      "fcf_margin_change": -0.19085487260537204
    },
    {
      "date": "2024-06-30T00:00:00",
      "quarter_label": "2024-06 (Q2)",
      "revenue": 85799000,
      "gross_profit": 51258000,
      "operating_income": -15885000,
      "net_income": -12872000,
      "opex": 101684000,
      "cogs": 34541000,
      "rd": null,
      "sga": 30239000,
      "fcf": -78320000,
      "ocf": 2541000,
      "capex": -80861000,
      "gross_margin": 0.5974195503444096,
      "op_margin": -0.18514201797223745,
      "fcf_margin": -0.912831151878227,
      "incr_op_margin_yoy": -1.262553603541292,
      "rev_growth_yoy": 0.20266046172607616,
      "rev_growth_yoy_accel": 0.2366698917403049,
      "op_leverage_ratio": 0.5803942408603733,
      "fcf_margin_change": -0.12010067590780193
    },
    {
      "date": "2024-09-30T00:00:00",
      "quarter_label": "2024-09 (Q3)",
      "revenue": 87599000,
      "gross_profit": 53184000,
      "operating_income": -4176000,
      "net_income": null,
      "opex": 91775000,
      "cogs": 34415000,
      "rd": null,
      "sga": 28006000,
      "fcf": -51266000,
      "ocf": 24272000,
      "capex": -75538000,
      "gross_margin": 0.6071302183814884,
      "op_margin": -0.047671777075080767,
      "fcf_margin": -0.5852349912670236,
      "incr_op_margin_yoy": -0.3593958240781875,
      "rev_growth_yoy": 0.2193285264886835,
      "rev_growth_yoy_accel": 0.01666806476260735,
      "op_leverage_ratio": Infinity,
      "fcf_margin_change": 0.32759616061120345
    },
    {
      "date": "2024-12-31T00:00:00",
      "quarter_label": "2024-12 (Q4)",
      "revenue": 85412000,
      "gross_profit": 52241000,
      "operating_income": -5754000,
      "net_income": -2744000,
      "opex": 91166000,
      "cogs": 33171000,
      "rd": null,
      "sga": 28970000,
      "fcf": -72022000,
      "ocf": 20596000,
      "capex": -92618000,
      "gross_margin": 0.6116353673956821,
      "op_margin": -0.0673675830094132,
      "fcf_margin": -0.843230459420222,
      "incr_op_margin_yoy": -0.6815997519764377,
      "rev_growth_yoy": 0.17793407805819886,
      "rev_growth_yoy_accel": -0.04139444843048465,
      "fcf_margin_change": -0.2579954681531984
    },
    {
      "date": "2025-03-31T00:00:00",
      "quarter_label": "2025-03 (Q1)",
      "revenue": 87898000,
      "gross_profit": 54868000,
      "operating_income": -6092000,
      "net_income": -9132000,
      "opex": 93990000,
      "cogs": 33030000,
      "rd": null,
      "sga": 30992000,
      "fcf": -62712000,
      "ocf": 20524000,
      "capex": -83236000,
      "gross_margin": 0.6242235318209743,
      "op_margin": -0.06930760654394867,
      "fcf_margin": -0.7134633324990329,
      "incr_op_margin_yoy": -0.17780160857908847,
      "rev_growth_yoy": 0.26932185767097966,
      "rev_growth_yoy_accel": 0.0913877796127808,
      "op_leverage_ratio": 0.9396160805104111,
      "fcf_margin_change": 0.12976712692118908
    },
    {
      "date": "2025-06-30T00:00:00",
      "quarter_label": "2025-06 (Q2)",
      "revenue": 88568000,
      "gross_profit": 55944000,
      "operating_income": -9108000,
      "net_income": null,
      "opex": 97676000,
      "cogs": 32624000,
      "rd": null,
      "sga": 29743000,
      "fcf": -65250000,
      "ocf": 20946000,
      "capex": -86196000,
      "gross_margin": 0.6316502574293198,
      "op_margin": -0.10283623882214796,
      "fcf_margin": -0.7367220666606449,
      "incr_op_margin_yoy": 2.447453954496208,
      "rev_growth_yoy": 0.03227310341612373,
      "rev_growth_yoy_accel": -0.23704875425485594,
      "fcf_margin_change": -0.02325873416161195
    },
    {
      "date": "2025-09-30T00:00:00",
      "quarter_label": "2025-09 (Q3)",
      "revenue": 89796000,
      "gross_profit": 57412000,
      "operating_income": -7164000,
      "net_income": null,
      "opex": 96960000,
      "cogs": 32384000,
      "rd": null,
      "sga": 29791000,
      "fcf": -51376000,
      "ocf": 30738000,
      "capex": -82114000,
      "gross_margin": 0.6393603278542475,
      "op_margin": -0.07978083656287585,
      "fcf_margin": -0.5721412980533654,
      "incr_op_margin_yoy": -1.3600364132908511,
      "rev_growth_yoy": 0.025080194979394742,
      "rev_growth_yoy_accel": -0.007192908436728988,
      "op_leverage_ratio": Infinity,
      "fcf_margin_change": 0.16458076860727944
    }
  ],
  "signals": [
    {
      "quarter": "2025-09 (Q3)",
      "signal": "FCF MARGIN EXPANSION",
      "detail": "FCF margin: -73.7% -> -57.2% (+16.5%)",
      "severity": "MEDIUM"
    },
    {
      "quarter": "2025-06 (Q2)",
      "signal": "YoY REVENUE GROWTH DECELERATION",
      "detail": "YoY growth: +3.2% vs prior quarter YoY: +26.9% (decel: -23.7%)",
      "severity": "WARNING"
    },
    {
      "quarter": "2025-03 (Q1)",
      "signal": "FCF MARGIN EXPANSION",
      "detail": "FCF margin: -84.3% -> -71.3% (+13.0%)",
      "severity": "MEDIUM"
    },
    {
      "quarter": "2025-03 (Q1)",
      "signal": "YoY REVENUE GROWTH ACCELERATION",
      "detail": "YoY growth: +26.9% vs prior quarter YoY: +17.8% (accel: +9.1%)",
      "severity": "MEDIUM"
    },
    {
      "quarter": "2024-09 (Q3)",
      "signal": "FCF MARGIN EXPANSION",
      "detail": "FCF margin: -91.3% -> -58.5% (+32.8%)",
      "severity": "MEDIUM"
    },
    {
      "quarter": "2024-06 (Q2)",
      "signal": "YoY REVENUE GROWTH ACCELERATION",
      "detail": "YoY growth: +20.3% vs prior quarter YoY: -3.4% (accel: +23.7%)",
      "severity": "HIGH"
    },
    {
      "quarter": "2024-03 (Q1)",
      "signal": "YoY REVENUE GROWTH DECELERATION",
      "detail": "YoY growth: -3.4% vs prior quarter YoY: +3.6% (decel: -7.0%)",
      "severity": "WARNING"
    },
    {
      "quarter": "2023-12 (Q4)",
      "signal": "GROSS MARGIN INFLECTION",
      "detail": "GM: +63.4% -> +61.4% -> +64.5% (reversal +3.2%)",
      "severity": "MEDIUM"
    },
    {
      "quarter": "2023-12 (Q4)",
      "signal": "OP MARGIN TURNED POSITIVE (YoY)",
      "detail": "Op margin: -3.8% (year-ago) -> +4.2%",
      "severity": "HIGH"
    },
    {
      "quarter": "2023-09 (Q3)",
      "signal": "FCF MARGIN EXPANSION",
      "detail": "FCF margin: -64.9% -> -44.8% (+20.1%)",
      "severity": "MEDIUM"
    },
    {
      "quarter": "2023-09 (Q3)",
      "signal": "OP MARGIN TURNED POSITIVE (YoY)",
      "detail": "Op margin: -2.6% (year-ago) -> +2.1%",
      "severity": "HIGH"
    },
    {
      "quarter": "2023-06 (Q2)",
      "signal": "OP MARGIN TURNED POSITIVE (YoY)",
      "detail": "Op margin: -4.8% (year-ago) -> +3.3%",
      "severity": "HIGH"
    },
    {
      "quarter": "2023-03 (Q1)",
      "signal": "FCF MARGIN EXPANSION",
      "detail": "FCF margin: -54.2% -> -26.7% (+27.5%)",
      "severity": "MEDIUM"
    },
    {
      "quarter": "2023-03 (Q1)",
      "signal": "OP MARGIN TURNED POSITIVE (YoY)",
      "detail": "Op margin: -0.6% (year-ago) -> +3.8%",
      "severity": "HIGH"
    },
    {
      "quarter": "2023-03 (Q1)",
      "signal": "OP MARGIN TURNED POSITIVE (QoQ)",
      "detail": "Op margin: -3.8% -> +3.8%",
      "severity": "HIGH"
    },
    {
      "quarter": "2022-12 (Q4)",
      "signal": "GROSS MARGIN INFLECTION",
      "detail": "GM: +59.5% -> +58.9% -> +61.5% (reversal +2.5%)",
      "severity": "MEDIUM"
    },
    {
      "quarter": "2022-06 (Q2)",
      "signal": "FCF MARGIN EXPANSION",
      "detail": "FCF margin: -46.0% -> -30.8% (+15.2%)",
      "severity": "MEDIUM"
    },
    {
      "quarter": "2022-03 (Q1)",
      "signal": "FCF MARGIN EXPANSION",
      "detail": "FCF margin: -710.6% -> -46.0% (+664.6%)",
      "severity": "MEDIUM"
    },
    {
      "quarter": "2022-03 (Q1)",
      "signal": "GROSS MARGIN INFLECTION",
      "detail": "GM: +59.2% -> +53.3% -> +59.1% (reversal +5.8%)",
      "severity": "HIGH"
    },
    {
      "quarter": "2021-03 (Q1)",
      "signal": "FCF MARGIN EXPANSION",
      "detail": "FCF margin: +65.1% -> +75.7% (+10.6%)",
      "severity": "MEDIUM"
    },
    {
      "quarter": "2021-03 (Q1)",
      "signal": "OPERATING LEVERAGE",
      "detail": "Rev growth +2.7% vs OpEx growth +1.4% (leverage: 1.9x)",
      "severity": "MEDIUM"
    }
  ],
  "data_quality": {
    "n_quarters": 20,
    "coverage": {
      "revenue": [
        20,
        20
      ],
      "gross_profit": [
        20,
        20
      ],
      "op_income": [
        20,
        20
      ],
      "fcf": [
        20,
        20
      ]
    },
    "gaps": [],
    "warnings": []
  },
  "market_cap": null,
  "source": "SEC EDGAR",
  "last_updated": "2026-02-02T22:18:24.354065"
}