{
  "ticker": "SHIM",
  "name": "Shimmick Corporation",
  "quarters": [
    {
      "date": "2022-09-30T00:00:00",
      "quarter_label": "2022-09 (Q3)",
      "revenue": 184367000,
      "gross_profit": 13145000,
      "operating_income": 17187000,
      "net_income": 17966000,
      "opex": 15562000,
      "cogs": 171222000,
      "rd": null,
      "sga": 14904000,
      "fcf": null,
      "ocf": null,
      "capex": null,
      "gross_margin": 0.07129800886275743,
      "op_margin": 0.09322167199119148,
      "fcf_margin": null
    },
    {
      "date": "2022-12-30T00:00:00",
      "quarter_label": "2022-12 (Q4)",
      "revenue": 186213000,
      "gross_profit": 4998000,
      "operating_income": -18178000,
      "net_income": -17916000,
      "opex": 17267000,
      "cogs": 181215000,
      "rd": null,
      "sga": 16609000,
      "fcf": null,
      "ocf": null,
      "capex": null,
      "gross_margin": 0.026840231347972483,
      "op_margin": -0.09761939284582709,
      "fcf_margin": null,
      "op_leverage_ratio": 0.09138807625304667
    },
    {
      "date": "2023-03-31T00:00:00",
      "quarter_label": "2023-03 (Q1)",
      "revenue": 164108000,
      "gross_profit": 6222000,
      "operating_income": -8995000,
      "net_income": -9337000,
      "opex": 16216000,
      "cogs": 157886000,
      "rd": null,
      "sga": 15558000,
      "fcf": -28620000,
      "ocf": -26150000,
      "capex": -2470000,
      "gross_margin": 0.03791405659687523,
      "op_margin": -0.05481146562020133,
      "fcf_margin": -0.1743973480878446
    },
    {
      "date": "2023-06-30T00:00:00",
      "quarter_label": "2023-06 (Q2)",
      "revenue": 155189000,
      "gross_profit": -457000,
      "operating_income": -10384000,
      "net_income": -10300000,
      "opex": 17601000,
      "cogs": 155646000,
      "rd": null,
      "sga": 16943000,
      "fcf": -35262000,
      "ocf": -34522000,
      "capex": -740000,
      "gross_margin": -0.002944796345101779,
      "op_margin": -0.06691195896616384,
      "fcf_margin": -0.22721971273737185,
      "fcf_margin_change": -0.05282236464952725
    },
    {
      "date": "2023-09-29T00:00:00",
      "quarter_label": "2023-09 (Q3)",
      "revenue": 175448000,
      "gross_profit": 17012000,
      "operating_income": 35636000,
      "net_income": 34567000,
      "opex": 14022000,
      "cogs": 158436000,
      "rd": null,
      "sga": 13364000,
      "fcf": -7034000,
      "ocf": -4104000,
      "capex": -2930000,
      "gross_margin": 0.0969632027723314,
      "op_margin": 0.2031143130728193,
      "fcf_margin": -0.04009165108750171,
      "incr_op_margin_yoy": -2.0685054378293533,
      "rev_growth_yoy": -0.04837633632916954,
      "op_leverage_ratio": Infinity,
      "fcf_margin_change": 0.18712806164987014
    },
    {
      "date": "2023-12-29T00:00:00",
      "quarter_label": "2023-12 (Q4)",
      "revenue": 138062000,
      "gross_profit": -405000,
      "operating_income": -15820000,
      "net_income": -17476000,
      "opex": 16284000,
      "cogs": 138467000,
      "rd": null,
      "sga": 15640000,
      "fcf": -24226000,
      "ocf": -23324000,
      "capex": -902000,
      "gross_margin": -0.0029334646752908113,
      "op_margin": -0.11458620040271762,
      "fcf_margin": -0.1754718894409758,
      "incr_op_margin_yoy": -0.04897094556707026,
      "rev_growth_yoy": -0.258580228018452,
      "rev_growth_yoy_accel": -0.21020389168928244,
      "fcf_margin_change": -0.1353802383534741
    },
    {
      "date": "2024-03-29T00:00:00",
      "quarter_label": "2024-03 (Q1)",
      "revenue": 120043000,
      "gross_profit": -15860000,
      "operating_income": -31791000,
      "net_income": -33333000,
      "opex": 16168000,
      "cogs": 135903000,
      "rd": null,
      "sga": 15524000,
      "fcf": -39608000,
      "ocf": -34988000,
      "capex": -4620000,
      "gross_margin": -0.13211932390893263,
      "op_margin": -0.26483010254658745,
      "fcf_margin": -0.32994843514407335,
      "incr_op_margin_yoy": 0.517326676500624,
      "rev_growth_yoy": -0.26851219928339876,
      "rev_growth_yoy_accel": -0.00993197126494677,
      "fcf_margin_change": -0.15447654570309755
    },
    {
      "date": "2024-06-28T00:00:00",
      "quarter_label": "2024-06 (Q2)",
      "revenue": 90605000,
      "gross_profit": -31131000,
      "operating_income": -47994000,
      "net_income": -51389000,
      "opex": 18723000,
      "cogs": 121736000,
      "rd": null,
      "sga": 18079000,
      "fcf": -46835000,
      "ocf": -43860000,
      "capex": -2975000,
      "gross_margin": -0.3435903095855637,
      "op_margin": -0.5297058661221787,
      "fcf_margin": -0.516914077589537,
      "incr_op_margin_yoy": 0.5823423758206366,
      "rev_growth_yoy": -0.4161635167440991,
      "rev_growth_yoy_accel": -0.14765131746070037,
      "fcf_margin_change": -0.18696564244546365
    },
    {
      "date": "2024-09-27T00:00:00",
      "quarter_label": "2024-09 (Q3)",
      "revenue": 166035000,
      "gross_profit": 12189000,
      "operating_income": 1204000,
      "net_income": -1564000,
      "opex": 28693000,
      "cogs": 153846000,
      "rd": null,
      "sga": 12985000,
      "fcf": 10297000,
      "ocf": 12665000,
      "capex": -2368000,
      "gross_margin": 0.07341223236064685,
      "op_margin": 0.007251483121028699,
      "fcf_margin": 0.062017044599030326,
      "incr_op_margin_yoy": 3.6579198980133856,
      "rev_growth_yoy": -0.05365122429437782,
      "rev_growth_yoy_accel": 0.36251229244972133,
      "op_leverage_ratio": 1.5634076114995834,
      "fcf_margin_change": 0.5789311221885673
    },
    {
      "date": "2025-01-03T00:00:00",
      "quarter_label": "2025-01 (Q1)",
      "revenue": 103552000,
      "gross_profit": -20848000,
      "operating_income": -40745000,
      "net_income": -38462000,
      "opex": 16088000,
      "cogs": 124400000,
      "rd": null,
      "sga": 16088000,
      "fcf": 44410000,
      "ocf": 44924000,
      "capex": -514000,
      "gross_margin": -0.20132880098887515,
      "op_margin": -0.3934738102595797,
      "fcf_margin": 0.4288666563658838,
      "incr_op_margin_yoy": 0.7222544190089829,
      "rev_growth_yoy": -0.2499601628253973,
      "rev_growth_yoy_accel": -0.19630893853101947,
      "fcf_margin_change": 0.36684961176685343
    },
    {
      "date": "2025-04-04T00:00:00",
      "quarter_label": "2025-04 (Q2)",
      "revenue": 122110000,
      "gross_profit": 4696000,
      "operating_income": -8880000,
      "net_income": -9770000,
      "opex": 14368000,
      "cogs": 117414000,
      "rd": null,
      "sga": 14368000,
      "fcf": -38729000,
      "ocf": -38184000,
      "capex": -545000,
      "gross_margin": 0.0384571288182786,
      "op_margin": -0.0727213168454672,
      "fcf_margin": -0.3171648513635247,
      "incr_op_margin_yoy": 11.084179970972423,
      "rev_growth_yoy": 0.017218829919278925,
      "rev_growth_yoy_accel": 0.2671789927446762,
      "op_leverage_ratio": Infinity,
      "fcf_margin_change": -0.7460315077294084
    },
    {
      "date": "2025-07-04T00:00:00",
      "quarter_label": "2025-07 (Q3)",
      "revenue": 128402000,
      "gross_profit": 8129000,
      "operating_income": -7095000,
      "net_income": -8525000,
      "opex": 15041000,
      "cogs": 120273000,
      "rd": null,
      "sga": 15041000,
      "fcf": -4150000,
      "ocf": -3803000,
      "capex": -347000,
      "gross_margin": 0.06330898272612576,
      "op_margin": -0.05525614865812059,
      "fcf_margin": -0.03232036884160683,
      "incr_op_margin_yoy": 1.0820700055559964,
      "rev_growth_yoy": 0.417162408255615,
      "rev_growth_yoy_accel": 0.3999435783363361,
      "op_leverage_ratio": 1.100065989267709,
      "fcf_margin_change": 0.28484448252191785
    },
    {
      "date": "2025-10-03T00:00:00",
      "quarter_label": "2025-10 (Q4)",
      "revenue": 141920000,
      "gross_profit": 10789000,
      "operating_income": -3181000,
      "net_income": -4396000,
      "opex": 14292000,
      "cogs": 131131000,
      "rd": null,
      "sga": 14292000,
      "fcf": -28715000,
      "ocf": -23745000,
      "capex": -4970000,
      "gross_margin": 0.076021702367531,
      "op_margin": -0.022414036076662907,
      "fcf_margin": -0.20233229988726043,
      "incr_op_margin_yoy": 0.18183703089363468,
      "rev_growth_yoy": -0.14524046134851085,
      "rev_growth_yoy_accel": -0.5624028696041259,
      "op_leverage_ratio": Infinity,
      "fcf_margin_change": -0.1700119310456536
    }
  ],
  "signals": [
    {
      "quarter": "2025-10 (Q4)",
      "signal": "YoY REVENUE GROWTH DECELERATION",
      "detail": "YoY growth: -14.5% vs prior quarter YoY: +41.7% (decel: -56.2%)",
      "severity": "WARNING"
    },
    {
      "quarter": "2025-07 (Q3)",
      "signal": "FCF MARGIN EXPANSION",
      "detail": "FCF margin: -31.7% -> -3.2% (+28.5%)",
      "severity": "MEDIUM"
    },
    {
      "quarter": "2025-07 (Q3)",
      "signal": "YoY REVENUE GROWTH ACCELERATION",
      "detail": "YoY growth: +41.7% vs prior quarter YoY: +1.7% (accel: +40.0%)",
      "severity": "HIGH"
    },
    {
      "quarter": "2025-04 (Q2)",
      "signal": "GROSS MARGIN INFLECTION",
      "detail": "GM: +7.3% -> -20.1% -> +3.8% (reversal +24.0%)",
      "severity": "HIGH"
    },
    {
      "quarter": "2025-04 (Q2)",
      "signal": "YoY REVENUE GROWTH ACCELERATION",
      "detail": "YoY growth: +1.7% vs prior quarter YoY: -25.0% (accel: +26.7%)",
      "severity": "HIGH"
    },
    {
      "quarter": "2025-01 (Q1)",
      "signal": "FCF MARGIN EXPANSION",
      "detail": "FCF margin: +6.2% -> +42.9% (+36.7%)",
      "severity": "MEDIUM"
    },
    {
      "quarter": "2025-01 (Q1)",
      "signal": "YoY REVENUE GROWTH DECELERATION",
      "detail": "YoY growth: -25.0% vs prior quarter YoY: -5.4% (decel: -19.6%)",
      "severity": "WARNING"
    },
    {
      "quarter": "2024-09 (Q3)",
      "signal": "FCF TURNED POSITIVE",
      "detail": "FCF margin: -51.7% -> +6.2%",
      "severity": "HIGH"
    },
    {
      "quarter": "2024-09 (Q3)",
      "signal": "OPERATING LEVERAGE",
      "detail": "Rev growth +83.3% vs OpEx growth +53.3% (leverage: 1.6x)",
      "severity": "MEDIUM"
    },
    {
      "quarter": "2024-09 (Q3)",
      "signal": "GROSS MARGIN INFLECTION",
      "detail": "GM: -13.2% -> -34.4% -> +7.3% (reversal +41.7%)",
      "severity": "HIGH"
    },
    {
      "quarter": "2024-09 (Q3)",
      "signal": "YoY REVENUE GROWTH ACCELERATION",
      "detail": "YoY growth: -5.4% vs prior quarter YoY: -41.6% (accel: +36.3%)",
      "severity": "HIGH"
    },
    {
      "quarter": "2024-09 (Q3)",
      "signal": "INCREMENTAL MARGIN (YoY)",
      "detail": "YoY Incr OPM: +365.8% vs year-ago OPM: +20.3%",
      "severity": "HIGH"
    },
    {
      "quarter": "2024-09 (Q3)",
      "signal": "OP MARGIN TURNED POSITIVE (QoQ)",
      "detail": "Op margin: -53.0% -> +0.7%",
      "severity": "HIGH"
    },
    {
      "quarter": "2024-06 (Q2)",
      "signal": "YoY REVENUE GROWTH DECELERATION",
      "detail": "YoY growth: -41.6% vs prior quarter YoY: -26.9% (decel: -14.8%)",
      "severity": "WARNING"
    },
    {
      "quarter": "2023-12 (Q4)",
      "signal": "YoY REVENUE GROWTH DECELERATION",
      "detail": "YoY growth: -25.9% vs prior quarter YoY: -4.8% (decel: -21.0%)",
      "severity": "WARNING"
    },
    {
      "quarter": "2023-09 (Q3)",
      "signal": "FCF MARGIN EXPANSION",
      "detail": "FCF margin: -22.7% -> -4.0% (+18.7%)",
      "severity": "MEDIUM"
    },
    {
      "quarter": "2023-09 (Q3)",
      "signal": "GROSS MARGIN INFLECTION",
      "detail": "GM: +3.8% -> -0.3% -> +9.7% (reversal +10.0%)",
      "severity": "HIGH"
    },
    {
      "quarter": "2023-09 (Q3)",
      "signal": "OP MARGIN TURNED POSITIVE (QoQ)",
      "detail": "Op margin: -6.7% -> +20.3%",
      "severity": "HIGH"
    }
  ],
  "data_quality": {
    "n_quarters": 13,
    "coverage": {
      "revenue": [
        13,
        13
      ],
      "gross_profit": [
        13,
        13
      ],
      "op_income": [
        13,
        13
      ],
      "fcf": [
        11,
        13
      ]
    },
    "gaps": [],
    "warnings": []
  },
  "market_cap": null,
  "source": "SEC EDGAR",
  "last_updated": "2026-02-02T23:15:27.239268"
}