{
  "ticker": "SHLS",
  "name": "Shoals Technologies Group, Inc.",
  "quarters": [
    {
      "date": "2020-12-31T00:00:00",
      "quarter_label": "2020-12 (Q4)",
      "revenue": 38753000,
      "gross_profit": 14842000,
      "operating_income": 7156000,
      "net_income": 4247000,
      "opex": 7686000,
      "cogs": 23911000,
      "rd": null,
      "sga": null,
      "fcf": 15517000,
      "ocf": 15967000,
      "capex": -450000,
      "gross_margin": 0.3829897040229144,
      "op_margin": 0.1846566717415426,
      "fcf_margin": 0.40040771037081
    },
    {
      "date": "2021-03-31T00:00:00",
      "quarter_label": "2021-03 (Q1)",
      "revenue": 45604000,
      "gross_profit": 18774000,
      "operating_income": 9890000,
      "net_income": -2859000,
      "opex": 8884000,
      "cogs": 26830000,
      "rd": null,
      "sga": null,
      "fcf": -18642000,
      "ocf": -17779000,
      "capex": -863000,
      "gross_margin": 0.41167441452504167,
      "op_margin": 0.21686694149635996,
      "fcf_margin": -0.4087799315849487,
      "op_leverage_ratio": 1.1342066812685125,
      "fcf_margin_change": -0.8091876419557587
    },
    {
      "date": "2021-06-30T00:00:00",
      "quarter_label": "2021-06 (Q2)",
      "revenue": 59722000,
      "gross_profit": 26179000,
      "operating_income": 14099000,
      "net_income": 4558000,
      "opex": 12080000,
      "cogs": 33543000,
      "rd": null,
      "sga": null,
      "fcf": 2792000,
      "ocf": 3665000,
      "capex": -873000,
      "gross_margin": 0.4383476775727538,
      "op_margin": 0.2360771574964,
      "fcf_margin": 0.04674994139513077,
      "op_leverage_ratio": 0.8605418974402153,
      "fcf_margin_change": 0.45552987298007946
    },
    {
      "date": "2021-09-30T00:00:00",
      "quarter_label": "2021-09 (Q3)",
      "revenue": 59840000,
      "gross_profit": 21769000,
      "operating_income": 9563000,
      "net_income": 2486000,
      "opex": 12206000,
      "cogs": 38071000,
      "rd": null,
      "sga": null,
      "fcf": 6688000,
      "ocf": 7435000,
      "capex": -747000,
      "gross_margin": 0.36378676470588234,
      "op_margin": 0.15980949197860964,
      "fcf_margin": 0.11176470588235295,
      "fcf_margin_change": 0.06501476448722218
    },
    {
      "date": "2021-12-31T00:00:00",
      "quarter_label": "2021-12 (Q4)",
      "revenue": 48046000,
      "gross_profit": 15923000,
      "operating_income": 2680000,
      "net_income": -1837000,
      "opex": 13243000,
      "cogs": 32123000,
      "rd": null,
      "sga": null,
      "fcf": 953000,
      "ocf": 2596000,
      "capex": -1643000,
      "gross_margin": 0.331411563917912,
      "op_margin": 0.05577987761728344,
      "fcf_margin": 0.019835157973608623,
      "incr_op_margin_yoy": -0.48165285698913163,
      "rev_growth_yoy": 0.23980078961628778,
      "fcf_margin_change": -0.09192954790874433
    },
    {
      "date": "2022-03-31T00:00:00",
      "quarter_label": "2022-03 (Q1)",
      "revenue": 67976000,
      "gross_profit": 26292000,
      "operating_income": 10007000,
      "net_income": 2640000,
      "opex": 16285000,
      "cogs": 41684000,
      "rd": null,
      "sga": null,
      "fcf": -26741000,
      "ocf": -25859000,
      "capex": -882000,
      "gross_margin": 0.38678357067200186,
      "op_margin": 0.1472137224902907,
      "fcf_margin": -0.39338884312110156,
      "incr_op_margin_yoy": 0.005229751475058109,
      "rev_growth_yoy": 0.4905710025436365,
      "rev_growth_yoy_accel": 0.2507702129273487,
      "op_leverage_ratio": 1.8058315279327835,
      "fcf_margin_change": -0.4132240010947102
    },
    {
      "date": "2022-06-30T00:00:00",
      "quarter_label": "2022-06 (Q2)",
      "revenue": 73490000,
      "gross_profit": 28593000,
      "operating_income": 12984000,
      "net_income": 4402000,
      "opex": 15609000,
      "cogs": 44897000,
      "rd": null,
      "sga": null,
      "fcf": 17849000,
      "ocf": 19116000,
      "capex": -1267000,
      "gross_margin": 0.38907334331201526,
      "op_margin": 0.1766770989250238,
      "fcf_margin": 0.24287658184787045,
      "incr_op_margin_yoy": -0.08098489250435793,
      "rev_growth_yoy": 0.2305348112923211,
      "rev_growth_yoy_accel": -0.2600361912513154,
      "op_leverage_ratio": Infinity,
      "fcf_margin_change": 0.636265424968972
    },
    {
      "date": "2022-09-30T00:00:00",
      "quarter_label": "2022-09 (Q3)",
      "revenue": 90823000,
      "gross_profit": 36047000,
      "operating_income": 19965000,
      "net_income": 7958000,
      "opex": 16082000,
      "cogs": 54776000,
      "rd": null,
      "sga": null,
      "fcf": 11513000,
      "ocf": 11757000,
      "capex": -244000,
      "gross_margin": 0.39689285753608666,
      "op_margin": 0.21982317254439954,
      "fcf_margin": 0.12676304460323926,
      "incr_op_margin_yoy": 0.33573249846690123,
      "rev_growth_yoy": 0.5177640374331551,
      "rev_growth_yoy_accel": 0.287229226140834,
      "op_leverage_ratio": 7.783222207103007,
      "fcf_margin_change": -0.1161135372446312
    },
    {
      "date": "2022-12-31T00:00:00",
      "quarter_label": "2022-12 (Q4)",
      "revenue": 94651000,
      "gross_profit": 40379000,
      "operating_income": 23374000,
      "net_income": 112611000,
      "opex": 17005000,
      "cogs": 54272000,
      "rd": null,
      "sga": null,
      "fcf": 33680000,
      "ocf": 34441000,
      "capex": -761000,
      "gross_margin": 0.42660933323472544,
      "op_margin": 0.24694931907745296,
      "fcf_margin": 0.35583353583163413,
      "incr_op_margin_yoy": 0.44402961055680723,
      "rev_growth_yoy": 0.9700079090871249,
      "rev_growth_yoy_accel": 0.45224387165396973,
      "op_leverage_ratio": 0.7343691810922842,
      "fcf_margin_change": 0.22907049122839487
    },
    {
      "date": "2023-03-31T00:00:00",
      "quarter_label": "2023-03 (Q1)",
      "revenue": 105086000,
      "gross_profit": 48257000,
      "operating_income": 26100000,
      "net_income": 14296000,
      "opex": 22157000,
      "cogs": 56829000,
      "rd": null,
      "sga": null,
      "fcf": 7910000,
      "ocf": 9913000,
      "capex": -2003000,
      "gross_margin": 0.459214357764117,
      "op_margin": 0.24836800334963743,
      "fcf_margin": 0.07527168224121196,
      "incr_op_margin_yoy": 0.4336566963082727,
      "rev_growth_yoy": 0.5459279745792632,
      "rev_growth_yoy_accel": -0.42407993450786163,
      "op_leverage_ratio": 0.36388824684222415,
      "fcf_margin_change": -0.2805618535904222
    },
    {
      "date": "2023-06-30T00:00:00",
      "quarter_label": "2023-06 (Q2)",
      "revenue": 119208000,
      "gross_profit": 50517000,
      "operating_income": 31636000,
      "net_income": 18924000,
      "opex": 18881000,
      "cogs": 68691000,
      "rd": null,
      "sga": null,
      "fcf": 25547000,
      "ocf": 27921000,
      "capex": -2374000,
      "gross_margin": 0.4237718945037246,
      "op_margin": 0.26538487349842294,
      "fcf_margin": 0.2143060868398094,
      "incr_op_margin_yoy": 0.4079793516776762,
      "rev_growth_yoy": 0.6220982446591373,
      "rev_growth_yoy_accel": 0.07617027007987409,
      "op_leverage_ratio": Infinity,
      "fcf_margin_change": 0.13903440459859745
    },
    {
      "date": "2023-09-30T00:00:00",
      "quarter_label": "2023-09 (Q3)",
      "revenue": 134209000,
      "gross_profit": 14150000,
      "operating_income": -10571000,
      "net_income": -9828000,
      "opex": 24721000,
      "cogs": 120059000,
      "rd": null,
      "sga": null,
      "fcf": 24409000,
      "ocf": 27674000,
      "capex": -3265000,
      "gross_margin": 0.10543257158610823,
      "op_margin": -0.07876520948669612,
      "fcf_margin": 0.18187304875231913,
      "incr_op_margin_yoy": -0.7038215092426128,
      "rev_growth_yoy": 0.4776983803662068,
      "rev_growth_yoy_accel": -0.1443998642929305,
      "op_leverage_ratio": 0.40684309967474835,
      "fcf_margin_change": -0.03243303808749026
    },
    {
      "date": "2023-12-31T00:00:00",
      "quarter_label": "2023-12 (Q4)",
      "revenue": 130436000,
      "gross_profit": 55380000,
      "operating_income": 31870000,
      "net_income": 16582000,
      "opex": 23510000,
      "cogs": 75056000,
      "rd": null,
      "sga": null,
      "fcf": 23511000,
      "ocf": 26447000,
      "capex": -2936000,
      "gross_margin": 0.4245760372903186,
      "op_margin": 0.24433438621239534,
      "fcf_margin": 0.18024931767303506,
      "incr_op_margin_yoy": 0.23741791253318428,
      "rev_growth_yoy": 0.37807313182111124,
      "rev_growth_yoy_accel": -0.09962524854509558,
      "fcf_margin_change": -0.0016237310792840687
    },
    {
      "date": "2024-03-31T00:00:00",
      "quarter_label": "2024-03 (Q1)",
      "revenue": 90807000,
      "gross_profit": 36460000,
      "operating_income": 11584000,
      "net_income": 4774000,
      "opex": 24876000,
      "cogs": 54347000,
      "rd": null,
      "sga": null,
      "fcf": 10377000,
      "ocf": 12860000,
      "capex": -2483000,
      "gross_margin": 0.4015108967370357,
      "op_margin": 0.12756725803076854,
      "fcf_margin": 0.11427533119693416,
      "incr_op_margin_yoy": 1.0165978009664542,
      "rev_growth_yoy": -0.1358791846677959,
      "rev_growth_yoy_accel": -0.5139523164889072,
      "fcf_margin_change": -0.06597398647610091
    },
    {
      "date": "2024-06-30T00:00:00",
      "quarter_label": "2024-06 (Q2)",
      "revenue": 99249000,
      "gross_profit": 39997000,
      "operating_income": 18581000,
      "net_income": 11802000,
      "opex": 21416000,
      "cogs": 59252000,
      "rd": null,
      "sga": null,
      "fcf": 35839000,
      "ocf": 37841000,
      "capex": -2002000,
      "gross_margin": 0.40299650374311075,
      "op_margin": 0.18721599210067608,
      "fcf_margin": 0.3611018750818648,
      "incr_op_margin_yoy": 0.6540908863169498,
      "rev_growth_yoy": -0.16743003825246627,
      "rev_growth_yoy_accel": -0.031550853584670385,
      "op_leverage_ratio": Infinity,
      "fcf_margin_change": 0.24682654388493064
    },
    {
      "date": "2024-09-30T00:00:00",
      "quarter_label": "2024-09 (Q3)",
      "revenue": 102165000,
      "gross_profit": 25376000,
      "operating_income": 4524000,
      "net_income": -267000,
      "opex": 20852000,
      "cogs": 76789000,
      "rd": null,
      "sga": null,
      "fcf": 13322000,
      "ocf": 15699000,
      "capex": -2377000,
      "gross_margin": 0.2483825184750159,
      "op_margin": 0.04428130964616062,
      "fcf_margin": 0.13039690696422454,
      "incr_op_margin_yoy": -0.4710710273374111,
      "rev_growth_yoy": -0.23876193101803903,
      "rev_growth_yoy_accel": -0.07133189276557275,
      "op_leverage_ratio": Infinity,
      "fcf_margin_change": -0.23070496811764027
    },
    {
      "date": "2024-12-31T00:00:00",
      "quarter_label": "2024-12 (Q4)",
      "revenue": 106987000,
      "gross_profit": 40184000,
      "operating_income": 16483000,
      "net_income": 7818000,
      "opex": 23701000,
      "cogs": 66803000,
      "rd": null,
      "sga": null,
      "fcf": 12457000,
      "ocf": 13988000,
      "capex": -1531000,
      "gross_margin": 0.3755970351538037,
      "op_margin": 0.1540654472038659,
      "fcf_margin": 0.11643470702047912,
      "incr_op_margin_yoy": 0.6561900294255618,
      "rev_growth_yoy": -0.17977398877610476,
      "rev_growth_yoy_accel": 0.058987942241934266,
      "op_leverage_ratio": 0.3454461316155635,
      "fcf_margin_change": -0.013962199943745424
    },
    {
      "date": "2025-03-31T00:00:00",
      "quarter_label": "2025-03 (Q1)",
      "revenue": 80361000,
      "gross_profit": 28140000,
      "operating_income": 4312000,
      "net_income": -282000,
      "opex": 23828000,
      "cogs": 52221000,
      "rd": null,
      "sga": null,
      "fcf": 12349000,
      "ocf": 15558000,
      "capex": -3209000,
      "gross_margin": 0.350169858513458,
      "op_margin": 0.05365786886673884,
      "fcf_margin": 0.15366906832916463,
      "incr_op_margin_yoy": 0.6961516369902355,
      "rev_growth_yoy": -0.1150351845122072,
      "rev_growth_yoy_accel": 0.06473880426389755,
      "fcf_margin_change": 0.037234361308685515
    },
    {
      "date": "2025-06-30T00:00:00",
      "quarter_label": "2025-06 (Q2)",
      "revenue": 110841000,
      "gross_profit": 41202000,
      "operating_income": 15998000,
      "net_income": 13855000,
      "opex": 25204000,
      "cogs": 69639000,
      "rd": null,
      "sga": null,
      "fcf": -26042000,
      "ocf": -13821000,
      "capex": -12221000,
      "gross_margin": 0.3717216553441416,
      "op_margin": 0.14433287321478513,
      "fcf_margin": -0.2349491614113911,
      "incr_op_margin_yoy": -0.22282608695652173,
      "rev_growth_yoy": 0.1167971465707463,
      "rev_growth_yoy_accel": 0.2318323310829535,
      "op_leverage_ratio": 6.56808535205814,
      "fcf_margin_change": -0.3886182297405557
    },
    {
      "date": "2025-09-30T00:00:00",
      "quarter_label": "2025-09 (Q3)",
      "revenue": 135804000,
      "gross_profit": 50252000,
      "operating_income": 18671000,
      "net_income": 11879000,
      "opex": 31581000,
      "cogs": 85552000,
      "rd": null,
      "sga": null,
      "fcf": 8968000,
      "ocf": 19417000,
      "capex": -10449000,
      "gross_margin": 0.3700332832611705,
      "op_margin": 0.13748490471561958,
      "fcf_margin": 0.06603634649936674,
      "incr_op_margin_yoy": 0.4205535241832397,
      "rev_growth_yoy": 0.32926148876816913,
      "rev_growth_yoy_accel": 0.21246434219742283,
      "op_leverage_ratio": 0.8901217137047397,
      "fcf_margin_change": 0.30098550791075784
    }
  ],
  "signals": [
    {
      "quarter": "2025-09 (Q3)",
      "signal": "FCF TURNED POSITIVE",
      "detail": "FCF margin: -23.5% -> +6.6%",
      "severity": "HIGH"
    },
    {
      "quarter": "2025-09 (Q3)",
      "signal": "YoY REVENUE GROWTH ACCELERATION",
      "detail": "YoY growth: +32.9% vs prior quarter YoY: +11.7% (accel: +21.2%)",
      "severity": "HIGH"
    },
    {
      "quarter": "2025-09 (Q3)",
      "signal": "INCREMENTAL MARGIN (YoY)",
      "detail": "YoY Incr OPM: +42.1% vs year-ago OPM: +4.4%",
      "severity": "HIGH"
    },
    {
      "quarter": "2025-06 (Q2)",
      "signal": "OPERATING LEVERAGE",
      "detail": "Rev growth +37.9% vs OpEx growth +5.8% (leverage: 6.6x)",
      "severity": "MEDIUM"
    },
    {
      "quarter": "2025-06 (Q2)",
      "signal": "GROSS MARGIN INFLECTION",
      "detail": "GM: +37.6% -> +35.0% -> +37.2% (reversal +2.2%)",
      "severity": "MEDIUM"
    },
    {
      "quarter": "2025-06 (Q2)",
      "signal": "YoY REVENUE GROWTH ACCELERATION",
      "detail": "YoY growth: +11.7% vs prior quarter YoY: -11.5% (accel: +23.2%)",
      "severity": "HIGH"
    },
    {
      "quarter": "2025-03 (Q1)",
      "signal": "YoY REVENUE GROWTH ACCELERATION",
      "detail": "YoY growth: -11.5% vs prior quarter YoY: -18.0% (accel: +6.5%)",
      "severity": "MEDIUM"
    },
    {
      "quarter": "2025-03 (Q1)",
      "signal": "INCREMENTAL MARGIN (YoY)",
      "detail": "YoY Incr OPM: +69.6% vs year-ago OPM: +12.8%",
      "severity": "HIGH"
    },
    {
      "quarter": "2024-12 (Q4)",
      "signal": "GROSS MARGIN INFLECTION",
      "detail": "GM: +40.3% -> +24.8% -> +37.6% (reversal +12.7%)",
      "severity": "HIGH"
    },
    {
      "quarter": "2024-12 (Q4)",
      "signal": "YoY REVENUE GROWTH ACCELERATION",
      "detail": "YoY growth: -18.0% vs prior quarter YoY: -23.9% (accel: +5.9%)",
      "severity": "MEDIUM"
    },
    {
      "quarter": "2024-12 (Q4)",
      "signal": "INCREMENTAL MARGIN (YoY)",
      "detail": "YoY Incr OPM: +65.6% vs year-ago OPM: +24.4%",
      "severity": "HIGH"
    },
    {
      "quarter": "2024-09 (Q3)",
      "signal": "YoY REVENUE GROWTH DECELERATION",
      "detail": "YoY growth: -23.9% vs prior quarter YoY: -16.7% (decel: -7.1%)",
      "severity": "WARNING"
    },
    {
      "quarter": "2024-09 (Q3)",
      "signal": "OP MARGIN TURNED POSITIVE (YoY)",
      "detail": "Op margin: -7.9% (year-ago) -> +4.4%",
      "severity": "HIGH"
    },
    {
      "quarter": "2024-06 (Q2)",
      "signal": "FCF MARGIN EXPANSION",
      "detail": "FCF margin: +11.4% -> +36.1% (+24.7%)",
      "severity": "MEDIUM"
    },
    {
      "quarter": "2024-06 (Q2)",
      "signal": "INCREMENTAL MARGIN (YoY)",
      "detail": "YoY Incr OPM: +65.4% vs year-ago OPM: +26.5%",
      "severity": "HIGH"
    },
    {
      "quarter": "2024-03 (Q1)",
      "signal": "YoY REVENUE GROWTH DECELERATION",
      "detail": "YoY growth: -13.6% vs prior quarter YoY: +37.8% (decel: -51.4%)",
      "severity": "WARNING"
    },
    {
      "quarter": "2024-03 (Q1)",
      "signal": "INCREMENTAL MARGIN (YoY)",
      "detail": "YoY Incr OPM: +101.7% vs year-ago OPM: +24.8%",
      "severity": "HIGH"
    },
    {
      "quarter": "2023-12 (Q4)",
      "signal": "GROSS MARGIN INFLECTION",
      "detail": "GM: +42.4% -> +10.5% -> +42.5% (reversal +31.9%)",
      "severity": "HIGH"
    },
    {
      "quarter": "2023-12 (Q4)",
      "signal": "YoY REVENUE GROWTH DECELERATION",
      "detail": "YoY growth: +37.8% vs prior quarter YoY: +47.8% (decel: -10.0%)",
      "severity": "WARNING"
    },
    {
      "quarter": "2023-12 (Q4)",
      "signal": "OP MARGIN TURNED POSITIVE (QoQ)",
      "detail": "Op margin: -7.9% -> +24.4%",
      "severity": "HIGH"
    },
    {
      "quarter": "2023-09 (Q3)",
      "signal": "YoY REVENUE GROWTH DECELERATION",
      "detail": "YoY growth: +47.8% vs prior quarter YoY: +62.2% (decel: -14.4%)",
      "severity": "WARNING"
    },
    {
      "quarter": "2023-06 (Q2)",
      "signal": "FCF MARGIN EXPANSION",
      "detail": "FCF margin: +7.5% -> +21.4% (+13.9%)",
      "severity": "MEDIUM"
    },
    {
      "quarter": "2023-06 (Q2)",
      "signal": "YoY REVENUE GROWTH ACCELERATION",
      "detail": "YoY growth: +62.2% vs prior quarter YoY: +54.6% (accel: +7.6%)",
      "severity": "MEDIUM"
    },
    {
      "quarter": "2023-06 (Q2)",
      "signal": "INCREMENTAL MARGIN (YoY)",
      "detail": "YoY Incr OPM: +40.8% vs year-ago OPM: +17.7%",
      "severity": "HIGH"
    },
    {
      "quarter": "2023-03 (Q1)",
      "signal": "YoY REVENUE GROWTH DECELERATION",
      "detail": "YoY growth: +54.6% vs prior quarter YoY: +97.0% (decel: -42.4%)",
      "severity": "WARNING"
    },
    {
      "quarter": "2023-03 (Q1)",
      "signal": "INCREMENTAL MARGIN (YoY)",
      "detail": "YoY Incr OPM: +43.4% vs year-ago OPM: +14.7%",
      "severity": "HIGH"
    },
    {
      "quarter": "2022-12 (Q4)",
      "signal": "FCF MARGIN EXPANSION",
      "detail": "FCF margin: +12.7% -> +35.6% (+22.9%)",
      "severity": "MEDIUM"
    },
    {
      "quarter": "2022-12 (Q4)",
      "signal": "YoY REVENUE GROWTH ACCELERATION",
      "detail": "YoY growth: +97.0% vs prior quarter YoY: +51.8% (accel: +45.2%)",
      "severity": "HIGH"
    },
    {
      "quarter": "2022-12 (Q4)",
      "signal": "INCREMENTAL MARGIN (YoY)",
      "detail": "YoY Incr OPM: +44.4% vs year-ago OPM: +5.6%",
      "severity": "HIGH"
    },
    {
      "quarter": "2022-09 (Q3)",
      "signal": "OPERATING LEVERAGE",
      "detail": "Rev growth +23.6% vs OpEx growth +3.0% (leverage: 7.8x)",
      "severity": "MEDIUM"
    },
    {
      "quarter": "2022-09 (Q3)",
      "signal": "YoY REVENUE GROWTH ACCELERATION",
      "detail": "YoY growth: +51.8% vs prior quarter YoY: +23.1% (accel: +28.7%)",
      "severity": "HIGH"
    },
    {
      "quarter": "2022-09 (Q3)",
      "signal": "INCREMENTAL MARGIN (YoY)",
      "detail": "YoY Incr OPM: +33.6% vs year-ago OPM: +16.0%",
      "severity": "MEDIUM"
    },
    {
      "quarter": "2022-06 (Q2)",
      "signal": "FCF TURNED POSITIVE",
      "detail": "FCF margin: -39.3% -> +24.3%",
      "severity": "HIGH"
    },
    {
      "quarter": "2022-06 (Q2)",
      "signal": "YoY REVENUE GROWTH DECELERATION",
      "detail": "YoY growth: +23.1% vs prior quarter YoY: +49.1% (decel: -26.0%)",
      "severity": "WARNING"
    },
    {
      "quarter": "2022-03 (Q1)",
      "signal": "OPERATING LEVERAGE",
      "detail": "Rev growth +41.5% vs OpEx growth +23.0% (leverage: 1.8x)",
      "severity": "MEDIUM"
    },
    {
      "quarter": "2022-03 (Q1)",
      "signal": "GROSS MARGIN INFLECTION",
      "detail": "GM: +36.4% -> +33.1% -> +38.7% (reversal +5.5%)",
      "severity": "HIGH"
    },
    {
      "quarter": "2022-03 (Q1)",
      "signal": "YoY REVENUE GROWTH ACCELERATION",
      "detail": "YoY growth: +49.1% vs prior quarter YoY: +24.0% (accel: +25.1%)",
      "severity": "HIGH"
    },
    {
      "quarter": "2021-09 (Q3)",
      "signal": "FCF MARGIN EXPANSION",
      "detail": "FCF margin: +4.7% -> +11.2% (+6.5%)",
      "severity": "MEDIUM"
    },
    {
      "quarter": "2021-06 (Q2)",
      "signal": "FCF TURNED POSITIVE",
      "detail": "FCF margin: -40.9% -> +4.7%",
      "severity": "HIGH"
    }
  ],
  "data_quality": {
    "n_quarters": 20,
    "coverage": {
      "revenue": [
        20,
        20
      ],
      "gross_profit": [
        20,
        20
      ],
      "op_income": [
        20,
        20
      ],
      "fcf": [
        20,
        20
      ]
    },
    "gaps": [],
    "warnings": []
  },
  "market_cap": null,
  "source": "SEC EDGAR",
  "last_updated": "2026-02-02T21:45:42.335739"
}