{
  "ticker": "SIBN",
  "name": "SI-BONE,\u00a0INC.",
  "quarters": [
    {
      "date": "2020-12-31T00:00:00",
      "quarter_label": "2020-12 (Q4)",
      "revenue": 22144000,
      "gross_profit": 19869000,
      "operating_income": -7871000,
      "net_income": -8979000,
      "opex": 27740000,
      "cogs": 2275000,
      "rd": 2426000,
      "sga": null,
      "fcf": -8699000,
      "ocf": -7882000,
      "capex": -817000,
      "gross_margin": 0.8972633670520231,
      "op_margin": -0.3554461705202312,
      "fcf_margin": -0.39283778901734107
    },
    {
      "date": "2021-03-31T00:00:00",
      "quarter_label": "2021-03 (Q1)",
      "revenue": 20442000,
      "gross_profit": 18242000,
      "operating_income": -11575000,
      "net_income": -12242000,
      "opex": 29817000,
      "cogs": 2200000,
      "rd": 2955000,
      "sga": null,
      "fcf": -11335000,
      "ocf": -9359000,
      "capex": -1976000,
      "gross_margin": 0.8923784365521965,
      "op_margin": -0.5662361804128755,
      "fcf_margin": -0.5544956462185696,
      "fcf_margin_change": -0.16165785720122855
    },
    {
      "date": "2021-06-30T00:00:00",
      "quarter_label": "2021-06 (Q2)",
      "revenue": 22194000,
      "gross_profit": 19819000,
      "operating_income": -12965000,
      "net_income": -13981000,
      "opex": 32784000,
      "cogs": 2375000,
      "rd": 3149000,
      "sga": null,
      "fcf": -10366000,
      "ocf": -8151000,
      "capex": -2215000,
      "gross_margin": 0.8929890961521132,
      "op_margin": -0.58416689195278,
      "fcf_margin": -0.46706317022618726,
      "op_leverage_ratio": 0.8613052945476258,
      "fcf_margin_change": 0.08743247599238235
    },
    {
      "date": "2021-09-30T00:00:00",
      "quarter_label": "2021-09 (Q3)",
      "revenue": 22286000,
      "gross_profit": 19808000,
      "operating_income": -13199000,
      "net_income": -15872000,
      "opex": 33007000,
      "cogs": 2478000,
      "rd": 3288000,
      "sga": null,
      "fcf": -9732000,
      "ocf": -9309000,
      "capex": -423000,
      "gross_margin": 0.8888091178318227,
      "op_margin": -0.5922552274970834,
      "fcf_margin": -0.43668670914475455,
      "fcf_margin_change": 0.030376461081432715
    },
    {
      "date": "2021-12-31T00:00:00",
      "quarter_label": "2021-12 (Q4)",
      "revenue": 25230000,
      "gross_profit": 21855000,
      "operating_income": -13931000,
      "net_income": -14477000,
      "opex": 35786000,
      "cogs": 3375000,
      "rd": 3049000,
      "sga": null,
      "fcf": -14489000,
      "ocf": -12714000,
      "capex": -1775000,
      "gross_margin": 0.866230677764566,
      "op_margin": -0.5521601268331352,
      "fcf_margin": -0.5742766547760603,
      "incr_op_margin_yoy": -1.963707064160726,
      "rev_growth_yoy": 0.139360549132948,
      "op_leverage_ratio": 1.5690008753682256,
      "fcf_margin_change": -0.13758994563130572
    },
    {
      "date": "2022-03-31T00:00:00",
      "quarter_label": "2022-03 (Q1)",
      "revenue": 22439000,
      "gross_profit": 19456000,
      "operating_income": -16868000,
      "net_income": -17410000,
      "opex": 36324000,
      "cogs": 2983000,
      "rd": 3580000,
      "sga": null,
      "fcf": -15786000,
      "ocf": -13512000,
      "capex": -2274000,
      "gross_margin": 0.8670618120237087,
      "op_margin": -0.7517269040509826,
      "fcf_margin": -0.7035072864209635,
      "incr_op_margin_yoy": -2.6504757135703554,
      "rev_growth_yoy": 0.09769102827511986,
      "rev_growth_yoy_accel": -0.04166952085782813,
      "fcf_margin_change": -0.12923063164490323
    },
    {
      "date": "2022-06-30T00:00:00",
      "quarter_label": "2022-06 (Q2)",
      "revenue": 25585000,
      "gross_profit": 22120000,
      "operating_income": -17881000,
      "net_income": -18513000,
      "opex": 40001000,
      "cogs": 3465000,
      "rd": 3478000,
      "sga": null,
      "fcf": -16842000,
      "ocf": -14841000,
      "capex": -2001000,
      "gross_margin": 0.8645690834473324,
      "op_margin": -0.6988860660543287,
      "fcf_margin": -0.6582763337893297,
      "incr_op_margin_yoy": -1.4497198466529047,
      "rev_growth_yoy": 0.152789042083446,
      "rev_growth_yoy_accel": 0.05509801380832613,
      "op_leverage_ratio": 1.3850174872915366,
      "fcf_margin_change": 0.04523095263163379
    },
    {
      "date": "2022-09-30T00:00:00",
      "quarter_label": "2022-09 (Q3)",
      "revenue": 26432000,
      "gross_profit": 22264000,
      "operating_income": -13566000,
      "net_income": -14158000,
      "opex": 35830000,
      "cogs": 4168000,
      "rd": 3089000,
      "sga": null,
      "fcf": -10099000,
      "ocf": -6527000,
      "capex": -3572000,
      "gross_margin": 0.8423123486682809,
      "op_margin": -0.5132415254237288,
      "fcf_margin": -0.3820747578692494,
      "incr_op_margin_yoy": -0.08851905451037144,
      "rev_growth_yoy": 0.1860360764605582,
      "rev_growth_yoy_accel": 0.03324703437711221,
      "op_leverage_ratio": Infinity,
      "fcf_margin_change": 0.2762015759200803
    },
    {
      "date": "2022-12-31T00:00:00",
      "quarter_label": "2022-12 (Q4)",
      "revenue": 31953000,
      "gross_profit": 26864000,
      "operating_income": -11294000,
      "net_income": -11175000,
      "opex": 38158000,
      "cogs": 5089000,
      "rd": 3480000,
      "sga": null,
      "fcf": -8435000,
      "ocf": -6775000,
      "capex": -1660000,
      "gross_margin": 0.8407348292805057,
      "op_margin": -0.35345663943917627,
      "fcf_margin": -0.2639814727881576,
      "incr_op_margin_yoy": 0.392235609103079,
      "rev_growth_yoy": 0.26646848989298455,
      "rev_growth_yoy_accel": 0.08043241343242635,
      "op_leverage_ratio": 3.214782190232812,
      "fcf_margin_change": 0.11809328508109179
    },
    {
      "date": "2023-03-31T00:00:00",
      "quarter_label": "2023-03 (Q1)",
      "revenue": 32708000,
      "gross_profit": 26784000,
      "operating_income": -11293000,
      "net_income": -11125000,
      "opex": 38077000,
      "cogs": 5924000,
      "rd": 3291000,
      "sga": null,
      "fcf": -13332000,
      "ocf": -10753000,
      "capex": -2579000,
      "gross_margin": 0.8188822306469365,
      "op_margin": -0.34526721291427176,
      "fcf_margin": -0.40760670172434876,
      "incr_op_margin_yoy": 0.5428960950433344,
      "rev_growth_yoy": 0.4576407148268639,
      "rev_growth_yoy_accel": 0.19117222493387936,
      "op_leverage_ratio": Infinity,
      "fcf_margin_change": -0.14362522893619117
    },
    {
      "date": "2023-06-30T00:00:00",
      "quarter_label": "2023-06 (Q2)",
      "revenue": 33305000,
      "gross_profit": 26987000,
      "operating_income": -11963000,
      "net_income": -11206000,
      "opex": 38950000,
      "cogs": 6318000,
      "rd": 3656000,
      "sga": null,
      "fcf": -6304000,
      "ocf": -3590000,
      "capex": -2714000,
      "gross_margin": 0.8102987539408497,
      "op_margin": -0.3591953160186158,
      "fcf_margin": -0.18928088875544213,
      "incr_op_margin_yoy": 0.766580310880829,
      "rev_growth_yoy": 0.3017393003713113,
      "rev_growth_yoy_accel": -0.1559014144555526,
      "op_leverage_ratio": 0.7961021967995892,
      "fcf_margin_change": 0.21832581296890663
    },
    {
      "date": "2023-09-30T00:00:00",
      "quarter_label": "2023-09 (Q3)",
      "revenue": 34014000,
      "gross_profit": 26973000,
      "operating_income": -11169000,
      "net_income": -10022000,
      "opex": 38142000,
      "cogs": 7041000,
      "rd": 3919000,
      "sga": null,
      "fcf": -3486000,
      "ocf": -2073000,
      "capex": -1413000,
      "gross_margin": 0.7929970012347857,
      "op_margin": -0.32836479096842475,
      "fcf_margin": -0.10248721114835067,
      "incr_op_margin_yoy": 0.31614349775784756,
      "rev_growth_yoy": 0.2868492736077482,
      "rev_growth_yoy_accel": -0.014890026763563102,
      "op_leverage_ratio": Infinity,
      "fcf_margin_change": 0.08679367760709146
    },
    {
      "date": "2023-12-31T00:00:00",
      "quarter_label": "2023-12 (Q4)",
      "revenue": 38859000,
      "gross_profit": 28676000,
      "operating_income": -12506000,
      "net_income": -10983000,
      "opex": 41182000,
      "cogs": 10183000,
      "rd": 4162000,
      "sga": null,
      "fcf": -3390000,
      "ocf": -2297000,
      "capex": -1093000,
      "gross_margin": 0.737950024447361,
      "op_margin": -0.3218302066445354,
      "fcf_margin": -0.08723847757276307,
      "incr_op_margin_yoy": -0.17549956559513466,
      "rev_growth_yoy": 0.21612994085062434,
      "rev_growth_yoy_accel": -0.07071933275712386,
      "op_leverage_ratio": 1.7871703563238666,
      "fcf_margin_change": 0.015248733575587606
    },
    {
      "date": "2024-03-31T00:00:00",
      "quarter_label": "2024-03 (Q1)",
      "revenue": 37867000,
      "gross_profit": 29865000,
      "operating_income": -12043000,
      "net_income": -10904000,
      "opex": 41908000,
      "cogs": 8002000,
      "rd": 4345000,
      "sga": null,
      "fcf": -9653000,
      "ocf": -7571000,
      "capex": -2082000,
      "gross_margin": 0.7886814376634008,
      "op_margin": -0.31803417223439934,
      "fcf_margin": -0.25491853064673725,
      "incr_op_margin_yoy": -0.14537701104865283,
      "rev_growth_yoy": 0.15772899596429008,
      "rev_growth_yoy_accel": -0.058400944886334266,
      "fcf_margin_change": -0.16768005307397418
    },
    {
      "date": "2024-06-30T00:00:00",
      "quarter_label": "2024-06 (Q2)",
      "revenue": 39969000,
      "gross_profit": 31576000,
      "operating_income": -10078000,
      "net_income": -8939000,
      "opex": 41654000,
      "cogs": 8393000,
      "rd": 4352000,
      "sga": null,
      "fcf": -9447000,
      "ocf": -6334000,
      "capex": -3113000,
      "gross_margin": 0.7900122595011133,
      "op_margin": -0.2521454126948385,
      "fcf_margin": -0.23635817758763042,
      "incr_op_margin_yoy": 0.28286314525810324,
      "rev_growth_yoy": 0.20009007656508032,
      "rev_growth_yoy_accel": 0.042361080600790246,
      "op_leverage_ratio": Infinity,
      "fcf_margin_change": 0.018560353059106832
    },
    {
      "date": "2024-09-30T00:00:00",
      "quarter_label": "2024-09 (Q3)",
      "revenue": 40340000,
      "gross_profit": 31903000,
      "operating_income": -7633000,
      "net_income": -6575000,
      "opex": 39536000,
      "cogs": 8437000,
      "rd": 3993000,
      "sga": null,
      "fcf": -2734000,
      "ocf": 302000,
      "capex": -3036000,
      "gross_margin": 0.7908527516113039,
      "op_margin": -0.18921665840356966,
      "fcf_margin": -0.06777392166584036,
      "incr_op_margin_yoy": 0.558963009800822,
      "rev_growth_yoy": 0.18598224260598578,
      "rev_growth_yoy_accel": -0.01410783395909454,
      "fcf_margin_change": 0.16858425592179005
    },
    {
      "date": "2024-12-31T00:00:00",
      "quarter_label": "2024-12 (Q4)",
      "revenue": 49002000,
      "gross_profit": 38777000,
      "operating_income": -5494000,
      "net_income": -4495000,
      "opex": 44271000,
      "cogs": 10225000,
      "rd": 3870000,
      "sga": null,
      "fcf": -1088000,
      "ocf": 1178000,
      "capex": -2266000,
      "gross_margin": 0.7913350475490797,
      "op_margin": -0.11211787273988817,
      "fcf_margin": -0.02220317538059671,
      "incr_op_margin_yoy": 0.6913142068421572,
      "rev_growth_yoy": 0.2610206129854088,
      "rev_growth_yoy_accel": 0.07503837037942301,
      "op_leverage_ratio": 1.7928957190177055,
      "fcf_margin_change": 0.04557074628524364
    },
    {
      "date": "2025-03-31T00:00:00",
      "quarter_label": "2025-03 (Q1)",
      "revenue": 47290000,
      "gross_profit": 37695000,
      "operating_income": -7480000,
      "net_income": -6542000,
      "opex": 45175000,
      "cogs": 9595000,
      "rd": 4534000,
      "sga": null,
      "fcf": -6983000,
      "ocf": -4911000,
      "capex": -2072000,
      "gross_margin": 0.7971029816028758,
      "op_margin": -0.15817297525903998,
      "fcf_margin": -0.14766335377458237,
      "incr_op_margin_yoy": 0.48424068767908307,
      "rev_growth_yoy": 0.2488446404521087,
      "rev_growth_yoy_accel": -0.012175972533300106,
      "fcf_margin_change": -0.12546017839398566
    },
    {
      "date": "2025-06-30T00:00:00",
      "quarter_label": "2025-06 (Q2)",
      "revenue": 48630000,
      "gross_profit": 38807000,
      "operating_income": -7004000,
      "net_income": -6152000,
      "opex": 45811000,
      "cogs": 9823000,
      "rd": 4309000,
      "sga": null,
      "fcf": -1926000,
      "ocf": 173000,
      "capex": -2099000,
      "gross_margin": 0.7980053464939337,
      "op_margin": -0.14402632120090478,
      "fcf_margin": -0.03960518198642813,
      "incr_op_margin_yoy": 0.3549243736289112,
      "rev_growth_yoy": 0.2166929370261953,
      "rev_growth_yoy_accel": -0.03215170342591339,
      "op_leverage_ratio": 2.0126883367845396,
      "fcf_margin_change": 0.10805817178815424
    },
    {
      "date": "2025-09-30T00:00:00",
      "quarter_label": "2025-09 (Q3)",
      "revenue": 48656000,
      "gross_profit": 38846000,
      "operating_income": -5383000,
      "net_income": -4566000,
      "opex": 44229000,
      "cogs": 9810000,
      "rd": 4242000,
      "sga": null,
      "fcf": -620000,
      "ocf": 2335000,
      "capex": -2955000,
      "gross_margin": 0.7983804669516607,
      "op_margin": -0.11063383755343636,
      "fcf_margin": -0.012742518908253864,
      "incr_op_margin_yoy": 0.27056277056277056,
      "rev_growth_yoy": 0.20614774417451662,
      "rev_growth_yoy_accel": -0.01054519285167868,
      "fcf_margin_change": 0.026862663078174268
    }
  ],
  "signals": [
    {
      "quarter": "2025-06 (Q2)",
      "signal": "FCF MARGIN EXPANSION",
      "detail": "FCF margin: -14.8% -> -4.0% (+10.8%)",
      "severity": "MEDIUM"
    },
    {
      "quarter": "2025-06 (Q2)",
      "signal": "OPERATING LEVERAGE",
      "detail": "Rev growth +2.8% vs OpEx growth +1.4% (leverage: 2.0x)",
      "severity": "MEDIUM"
    },
    {
      "quarter": "2024-12 (Q4)",
      "signal": "OPERATING LEVERAGE",
      "detail": "Rev growth +21.5% vs OpEx growth +12.0% (leverage: 1.8x)",
      "severity": "MEDIUM"
    },
    {
      "quarter": "2024-12 (Q4)",
      "signal": "YoY REVENUE GROWTH ACCELERATION",
      "detail": "YoY growth: +26.1% vs prior quarter YoY: +18.6% (accel: +7.5%)",
      "severity": "MEDIUM"
    },
    {
      "quarter": "2024-09 (Q3)",
      "signal": "FCF MARGIN EXPANSION",
      "detail": "FCF margin: -23.6% -> -6.8% (+16.9%)",
      "severity": "MEDIUM"
    },
    {
      "quarter": "2024-03 (Q1)",
      "signal": "GROSS MARGIN INFLECTION",
      "detail": "GM: +79.3% -> +73.8% -> +78.9% (reversal +5.1%)",
      "severity": "HIGH"
    },
    {
      "quarter": "2024-03 (Q1)",
      "signal": "YoY REVENUE GROWTH DECELERATION",
      "detail": "YoY growth: +15.8% vs prior quarter YoY: +21.6% (decel: -5.8%)",
      "severity": "WARNING"
    },
    {
      "quarter": "2023-12 (Q4)",
      "signal": "OPERATING LEVERAGE",
      "detail": "Rev growth +14.2% vs OpEx growth +8.0% (leverage: 1.8x)",
      "severity": "MEDIUM"
    },
    {
      "quarter": "2023-12 (Q4)",
      "signal": "YoY REVENUE GROWTH DECELERATION",
      "detail": "YoY growth: +21.6% vs prior quarter YoY: +28.7% (decel: -7.1%)",
      "severity": "WARNING"
    },
    {
      "quarter": "2023-09 (Q3)",
      "signal": "FCF MARGIN EXPANSION",
      "detail": "FCF margin: -18.9% -> -10.2% (+8.7%)",
      "severity": "MEDIUM"
    },
    {
      "quarter": "2023-06 (Q2)",
      "signal": "FCF MARGIN EXPANSION",
      "detail": "FCF margin: -40.8% -> -18.9% (+21.8%)",
      "severity": "MEDIUM"
    },
    {
      "quarter": "2023-06 (Q2)",
      "signal": "YoY REVENUE GROWTH DECELERATION",
      "detail": "YoY growth: +30.2% vs prior quarter YoY: +45.8% (decel: -15.6%)",
      "severity": "WARNING"
    },
    {
      "quarter": "2023-03 (Q1)",
      "signal": "YoY REVENUE GROWTH ACCELERATION",
      "detail": "YoY growth: +45.8% vs prior quarter YoY: +26.6% (accel: +19.1%)",
      "severity": "HIGH"
    },
    {
      "quarter": "2022-12 (Q4)",
      "signal": "FCF MARGIN EXPANSION",
      "detail": "FCF margin: -38.2% -> -26.4% (+11.8%)",
      "severity": "MEDIUM"
    },
    {
      "quarter": "2022-12 (Q4)",
      "signal": "OPERATING LEVERAGE",
      "detail": "Rev growth +20.9% vs OpEx growth +6.5% (leverage: 3.2x)",
      "severity": "MEDIUM"
    },
    {
      "quarter": "2022-12 (Q4)",
      "signal": "YoY REVENUE GROWTH ACCELERATION",
      "detail": "YoY growth: +26.6% vs prior quarter YoY: +18.6% (accel: +8.0%)",
      "severity": "MEDIUM"
    },
    {
      "quarter": "2022-09 (Q3)",
      "signal": "FCF MARGIN EXPANSION",
      "detail": "FCF margin: -65.8% -> -38.2% (+27.6%)",
      "severity": "MEDIUM"
    },
    {
      "quarter": "2022-06 (Q2)",
      "signal": "YoY REVENUE GROWTH ACCELERATION",
      "detail": "YoY growth: +15.3% vs prior quarter YoY: +9.8% (accel: +5.5%)",
      "severity": "MEDIUM"
    },
    {
      "quarter": "2021-12 (Q4)",
      "signal": "OPERATING LEVERAGE",
      "detail": "Rev growth +13.2% vs OpEx growth +8.4% (leverage: 1.6x)",
      "severity": "MEDIUM"
    },
    {
      "quarter": "2021-06 (Q2)",
      "signal": "FCF MARGIN EXPANSION",
      "detail": "FCF margin: -55.4% -> -46.7% (+8.7%)",
      "severity": "MEDIUM"
    }
  ],
  "data_quality": {
    "n_quarters": 20,
    "coverage": {
      "revenue": [
        20,
        20
      ],
      "gross_profit": [
        20,
        20
      ],
      "op_income": [
        20,
        20
      ],
      "fcf": [
        20,
        20
      ]
    },
    "gaps": [],
    "warnings": []
  },
  "market_cap": null,
  "source": "SEC EDGAR",
  "last_updated": "2026-02-02T22:11:37.124561"
}