{
  "ticker": "SIG",
  "name": "SIGNET JEWELERS LIMITED",
  "quarters": [
    {
      "date": "2021-01-30T00:00:00",
      "quarter_label": "2021-01 (Q1)",
      "revenue": 2186500000,
      "gross_profit": 869500000,
      "operating_income": 291900000,
      "net_income": 254300000,
      "opex": 577600000,
      "cogs": 1317000000,
      "rd": null,
      "sga": 573800000,
      "fcf": 723700000,
      "ocf": 765600000,
      "capex": -41900000,
      "gross_margin": 0.39766750514520927,
      "op_margin": 0.1335010290418477,
      "fcf_margin": 0.3309855934141322
    },
    {
      "date": "2021-05-01T00:00:00",
      "quarter_label": "2021-05 (Q2)",
      "revenue": 1688800000,
      "gross_profit": 678400000,
      "operating_income": 168700000,
      "net_income": 138400000,
      "opex": 509700000,
      "cogs": 1010400000,
      "rd": null,
      "sga": 512000000,
      "fcf": 149800000,
      "ocf": 161100000,
      "capex": -11300000,
      "gross_margin": 0.4017053529133112,
      "op_margin": 0.09989341544291805,
      "fcf_margin": 0.08870203694931313,
      "fcf_margin_change": -0.24228355646481908
    },
    {
      "date": "2021-07-31T00:00:00",
      "quarter_label": "2021-07 (Q3)",
      "revenue": 1788100000,
      "gross_profit": 717600000,
      "operating_income": 225400000,
      "net_income": 224600000,
      "opex": 492200000,
      "cogs": 1070500000,
      "rd": null,
      "sga": 502600000,
      "fcf": 276500000,
      "ocf": 297400000,
      "capex": -20900000,
      "gross_margin": 0.40131983669817123,
      "op_margin": 0.1260555897321179,
      "fcf_margin": 0.15463340976455456,
      "op_leverage_ratio": Infinity,
      "fcf_margin_change": 0.06593137281524143
    },
    {
      "date": "2021-10-30T00:00:00",
      "quarter_label": "2021-10 (Q4)",
      "revenue": 1537800000,
      "gross_profit": 575600000,
      "operating_income": 106900000,
      "net_income": 92600000,
      "opex": 468700000,
      "cogs": 962200000,
      "rd": null,
      "sga": 470500000,
      "fcf": 7100000,
      "ocf": 25400000,
      "capex": -18300000,
      "gross_margin": 0.37430094940824554,
      "op_margin": 0.06951489140330341,
      "fcf_margin": 0.004616985303680583,
      "fcf_margin_change": -0.150016424460874
    },
    {
      "date": "2022-01-29T00:00:00",
      "quarter_label": "2022-01 (Q1)",
      "revenue": 2811300000,
      "gross_profit": 1152400000,
      "operating_income": 402400000,
      "net_income": 314300000,
      "opex": 750000000,
      "cogs": 1658900000,
      "rd": null,
      "sga": 745800000,
      "fcf": 694300000,
      "ocf": 773400000,
      "capex": -79100000,
      "gross_margin": 0.4099171201935048,
      "op_margin": 0.1431366271831537,
      "fcf_margin": 0.24696759506278235,
      "incr_op_margin_yoy": 0.17685659411011523,
      "rev_growth_yoy": 0.2857534873084839,
      "op_leverage_ratio": 1.379825968252022,
      "fcf_margin_change": 0.24235060975910178
    },
    {
      "date": "2022-04-30T00:00:00",
      "quarter_label": "2022-04 (Q2)",
      "revenue": 1838300000,
      "gross_profit": 723700000,
      "operating_income": 200000,
      "net_income": -83500000,
      "opex": 723500000,
      "cogs": 1114600000,
      "rd": null,
      "sga": 533100000,
      "fcf": -156300000,
      "ocf": -135500000,
      "capex": -20800000,
      "gross_margin": 0.393678942501224,
      "op_margin": 0.0001087961703748028,
      "fcf_margin": -0.0850242071479084,
      "incr_op_margin_yoy": -1.1270903010033444,
      "rev_growth_yoy": 0.08852439602084321,
      "rev_growth_yoy_accel": -0.19722909128764066,
      "fcf_margin_change": -0.33199180221069075
    },
    {
      "date": "2022-07-30T00:00:00",
      "quarter_label": "2022-07 (Q3)",
      "revenue": 1754900000,
      "gross_profit": 664700000,
      "operating_income": 186800000,
      "net_income": 145400000,
      "opex": 477900000,
      "cogs": 1090200000,
      "rd": null,
      "sga": 477300000,
      "fcf": -16800000,
      "ocf": 20600000,
      "capex": -37400000,
      "gross_margin": 0.37876802096985585,
      "op_margin": 0.10644481167018063,
      "fcf_margin": -0.009573195053849222,
      "incr_op_margin_yoy": 1.1626506024096386,
      "rev_growth_yoy": -0.01856719422851071,
      "rev_growth_yoy_accel": -0.10709159024935391,
      "fcf_margin_change": 0.07545101209405917
    },
    {
      "date": "2022-10-29T00:00:00",
      "quarter_label": "2022-10 (Q4)",
      "revenue": 1582700000,
      "gross_profit": 552600000,
      "operating_income": 48400000,
      "net_income": 37500000,
      "opex": 504200000,
      "cogs": 1030100000,
      "rd": null,
      "sga": 501700000,
      "fcf": -76700000,
      "ocf": -40600000,
      "capex": -36100000,
      "gross_margin": 0.3491501863903456,
      "op_margin": 0.03058065331395716,
      "fcf_margin": -0.048461489859101536,
      "incr_op_margin_yoy": -1.3028953229398663,
      "rev_growth_yoy": 0.02919755494862791,
      "rev_growth_yoy_accel": 0.04776474917713862,
      "fcf_margin_change": -0.03888829480525231
    },
    {
      "date": "2023-01-28T00:00:00",
      "quarter_label": "2023-01 (Q1)",
      "revenue": 2666200000,
      "gross_profit": 1111100000,
      "operating_income": 369500000,
      "net_income": 277300000,
      "opex": 741600000,
      "cogs": 1555100000,
      "rd": null,
      "sga": 702500000,
      "fcf": 908800000,
      "ocf": 953400000,
      "capex": -44600000,
      "gross_margin": 0.4167354287000225,
      "op_margin": 0.1385867526817193,
      "fcf_margin": 0.3408596504388268,
      "incr_op_margin_yoy": 0.22674017918676775,
      "rev_growth_yoy": -0.05161313271440259,
      "rev_growth_yoy_accel": -0.0808106876630305,
      "op_leverage_ratio": 1.4539599371873078,
      "fcf_margin_change": 0.38932114029792836
    },
    {
      "date": "2023-04-29T00:00:00",
      "quarter_label": "2023-04 (Q2)",
      "revenue": 1668000000,
      "gross_profit": 632000000,
      "operating_income": 101700000,
      "net_income": 97400000,
      "opex": 530300000,
      "cogs": 1036000000,
      "rd": null,
      "sga": 530400000,
      "fcf": -408900000,
      "ocf": -381800000,
      "capex": -27100000,
      "gross_margin": 0.37889688249400477,
      "op_margin": 0.060971223021582734,
      "fcf_margin": -0.24514388489208633,
      "incr_op_margin_yoy": -0.5960070463887258,
      "rev_growth_yoy": -0.09263993907414458,
      "rev_growth_yoy_accel": -0.04102680635974199,
      "fcf_margin_change": -0.5860035353309132
    },
    {
      "date": "2023-07-29T00:00:00",
      "quarter_label": "2023-07 (Q3)",
      "revenue": 1613600000,
      "gross_profit": 610800000,
      "operating_income": 90200000,
      "net_income": 75100000,
      "opex": 520600000,
      "cogs": 1002800000,
      "rd": null,
      "sga": 511200000,
      "fcf": 100200000,
      "ocf": 128500000,
      "capex": -28300000,
      "gross_margin": 0.3785324739712444,
      "op_margin": 0.05589985126425384,
      "fcf_margin": 0.062097174020823,
      "incr_op_margin_yoy": 0.6836518046709129,
      "rev_growth_yoy": -0.08051740839933899,
      "rev_growth_yoy_accel": 0.012122530674805593,
      "fcf_margin_change": 0.3072410589129093
    },
    {
      "date": "2023-10-28T00:00:00",
      "quarter_label": "2023-10 (Q4)",
      "revenue": 1391900000,
      "gross_profit": 501300000,
      "operating_income": 13300000,
      "net_income": 11700000,
      "opex": 488000000,
      "cogs": 890600000,
      "rd": null,
      "sga": 484200000,
      "fcf": 14000000,
      "ocf": 48000000,
      "capex": -34000000,
      "gross_margin": 0.3601551835620375,
      "op_margin": 0.00955528414397586,
      "fcf_margin": 0.010058193835764064,
      "incr_op_margin_yoy": 0.18396226415094338,
      "rev_growth_yoy": -0.12055348455171543,
      "rev_growth_yoy_accel": -0.040036076152376435,
      "fcf_margin_change": -0.05203898018505894
    },
    {
      "date": "2024-02-03T00:00:00",
      "quarter_label": "2024-02 (Q1)",
      "revenue": 2497600000,
      "gross_profit": 1081300000,
      "operating_income": 416300000,
      "net_income": 626200000,
      "opex": 665000000,
      "cogs": 1416300000,
      "rd": null,
      "sga": 671900000,
      "fcf": 716100000,
      "ocf": 752200000,
      "capex": -36100000,
      "gross_margin": 0.4329356181934657,
      "op_margin": 0.1666800128122998,
      "fcf_margin": 0.2867152466367713,
      "incr_op_margin_yoy": -0.2775800711743772,
      "rev_growth_yoy": -0.06323606631160453,
      "rev_growth_yoy_accel": 0.0573174182401109,
      "op_leverage_ratio": 2.1901599366471793,
      "fcf_margin_change": 0.2766570528010072
    },
    {
      "date": "2024-05-04T00:00:00",
      "quarter_label": "2024-05 (Q2)",
      "revenue": 1510800000,
      "gross_profit": 572400000,
      "operating_income": 49800000,
      "net_income": 52100000,
      "opex": 522600000,
      "cogs": 938400000,
      "rd": null,
      "sga": 515400000,
      "fcf": -181500000,
      "ocf": -158200000,
      "capex": -23300000,
      "gross_margin": 0.37887212073073867,
      "op_margin": 0.0329626687847498,
      "fcf_margin": -0.12013502779984114,
      "incr_op_margin_yoy": 0.3301526717557252,
      "rev_growth_yoy": -0.09424460431654676,
      "rev_growth_yoy_accel": -0.03100853800494223,
      "fcf_margin_change": -0.4068502744366124
    },
    {
      "date": "2024-08-03T00:00:00",
      "quarter_label": "2024-08 (Q3)",
      "revenue": 1491000000,
      "gross_profit": 566300000,
      "operating_income": -100900000,
      "net_income": -98500000,
      "opex": 667200000,
      "cogs": 924700000,
      "rd": null,
      "sga": 498400000,
      "fcf": 15800000,
      "ocf": 43800000,
      "capex": -28000000,
      "gross_margin": 0.37981220657276993,
      "op_margin": -0.0676727028839705,
      "fcf_margin": 0.010596914822266936,
      "incr_op_margin_yoy": 1.5587275693311582,
      "rev_growth_yoy": -0.07597917699553793,
      "rev_growth_yoy_accel": 0.01826542732100883,
      "fcf_margin_change": 0.13073194262210808
    },
    {
      "date": "2024-11-02T00:00:00",
      "quarter_label": "2024-11 (Q4)",
      "revenue": 1349400000,
      "gross_profit": 485300000,
      "operating_income": 9200000,
      "net_income": 7000000,
      "opex": 476100000,
      "cogs": 864100000,
      "rd": null,
      "sga": 469600000,
      "fcf": -138500000,
      "ocf": -75400000,
      "capex": -63100000,
      "gross_margin": 0.35964132206906774,
      "op_margin": 0.006817844968133985,
      "fcf_margin": -0.10263820957462576,
      "incr_op_margin_yoy": 0.09647058823529411,
      "rev_growth_yoy": -0.030533802715712335,
      "rev_growth_yoy_accel": 0.04544537427982559,
      "fcf_margin_change": -0.11323512439689269
    },
    {
      "date": "2025-02-01T00:00:00",
      "quarter_label": "2025-02 (Q1)",
      "revenue": 2352600000,
      "gross_profit": 1001600000,
      "operating_income": 152600000,
      "net_income": 100600000,
      "opex": 849000000,
      "cogs": 1351000000,
      "rd": null,
      "sga": 639200000,
      "fcf": 742100000,
      "ocf": 780700000,
      "capex": -38600000,
      "gross_margin": 0.42574173255121994,
      "op_margin": 0.06486440533877412,
      "fcf_margin": 0.31543823854458897,
      "incr_op_margin_yoy": 1.8186206896551724,
      "rev_growth_yoy": -0.058055733504164,
      "rev_growth_yoy_accel": -0.027521930788451665,
      "op_leverage_ratio": 0.9491888233511847,
      "fcf_margin_change": 0.41807644811921474
    },
    {
      "date": "2025-05-03T00:00:00",
      "quarter_label": "2025-05 (Q2)",
      "revenue": 1541600000,
      "gross_profit": 598800000,
      "operating_income": 48100000,
      "net_income": 33500000,
      "opex": 550700000,
      "cogs": 942800000,
      "rd": null,
      "sga": 526000000,
      "fcf": -211900000,
      "ocf": -175300000,
      "capex": -36600000,
      "gross_margin": 0.38842760768033213,
      "op_margin": 0.031201349247535027,
      "fcf_margin": -0.13745459263103268,
      "incr_op_margin_yoy": -0.05519480519480519,
      "rev_growth_yoy": 0.020386550172094255,
      "rev_growth_yoy_accel": 0.07844228367625826,
      "fcf_margin_change": -0.4528928311756216
    },
    {
      "date": "2025-08-02T00:00:00",
      "quarter_label": "2025-08 (Q3)",
      "revenue": 1535100000,
      "gross_profit": 591900000,
      "operating_income": 2800000,
      "net_income": -9100000,
      "opex": 589100000,
      "cogs": 943200000,
      "rd": null,
      "sga": 505300000,
      "fcf": 62300000,
      "ocf": 86300000,
      "capex": -24000000,
      "gross_margin": 0.385577486808677,
      "op_margin": 0.001823985408116735,
      "fcf_margin": 0.040583675330597355,
      "incr_op_margin_yoy": 2.3514739229024944,
      "rev_growth_yoy": 0.029577464788732393,
      "rev_growth_yoy_accel": 0.009190914616638138,
      "fcf_margin_change": 0.17803826796163003
    },
    {
      "date": "2025-11-01T00:00:00",
      "quarter_label": "2025-11 (Q4)",
      "revenue": 1391800000,
      "gross_profit": 518800000,
      "operating_income": 23900000,
      "net_income": 20000000,
      "opex": 494900000,
      "cogs": 873000000,
      "rd": null,
      "sga": 485300000,
      "fcf": -1500000,
      "ocf": 31000000,
      "capex": -32500000,
      "gross_margin": 0.3727547061359391,
      "op_margin": 0.01717200747233798,
      "fcf_margin": -0.0010777410547492456,
      "incr_op_margin_yoy": 0.3466981132075472,
      "rev_growth_yoy": 0.03142137246183489,
      "rev_growth_yoy_accel": 0.0018439076731024996,
      "fcf_margin_change": -0.0416614163853466
    }
  ],
  "signals": [
    {
      "quarter": "2025-11 (Q4)",
      "signal": "INCREMENTAL MARGIN (YoY)",
      "detail": "YoY Incr OPM: +34.7% vs year-ago OPM: +0.7%",
      "severity": "HIGH"
    },
    {
      "quarter": "2025-08 (Q3)",
      "signal": "FCF TURNED POSITIVE",
      "detail": "FCF margin: -13.7% -> +4.1%",
      "severity": "HIGH"
    },
    {
      "quarter": "2025-08 (Q3)",
      "signal": "OP MARGIN TURNED POSITIVE (YoY)",
      "detail": "Op margin: -6.8% (year-ago) -> +0.2%",
      "severity": "HIGH"
    },
    {
      "quarter": "2025-05 (Q2)",
      "signal": "YoY REVENUE GROWTH ACCELERATION",
      "detail": "YoY growth: +2.0% vs prior quarter YoY: -5.8% (accel: +7.8%)",
      "severity": "MEDIUM"
    },
    {
      "quarter": "2025-02 (Q1)",
      "signal": "FCF TURNED POSITIVE",
      "detail": "FCF margin: -10.3% -> +31.5%",
      "severity": "HIGH"
    },
    {
      "quarter": "2025-02 (Q1)",
      "signal": "GROSS MARGIN INFLECTION",
      "detail": "GM: +38.0% -> +36.0% -> +42.6% (reversal +6.6%)",
      "severity": "HIGH"
    },
    {
      "quarter": "2025-02 (Q1)",
      "signal": "INCREMENTAL MARGIN (YoY)",
      "detail": "YoY Incr OPM: +181.9% vs year-ago OPM: +16.7%",
      "severity": "HIGH"
    },
    {
      "quarter": "2024-11 (Q4)",
      "signal": "OP MARGIN TURNED POSITIVE (QoQ)",
      "detail": "Op margin: -6.8% -> +0.7%",
      "severity": "HIGH"
    },
    {
      "quarter": "2024-08 (Q3)",
      "signal": "FCF TURNED POSITIVE",
      "detail": "FCF margin: -12.0% -> +1.1%",
      "severity": "HIGH"
    },
    {
      "quarter": "2024-05 (Q2)",
      "signal": "INCREMENTAL MARGIN (YoY)",
      "detail": "YoY Incr OPM: +33.0% vs year-ago OPM: +6.1%",
      "severity": "HIGH"
    },
    {
      "quarter": "2024-02 (Q1)",
      "signal": "FCF MARGIN EXPANSION",
      "detail": "FCF margin: +1.0% -> +28.7% (+27.7%)",
      "severity": "MEDIUM"
    },
    {
      "quarter": "2024-02 (Q1)",
      "signal": "OPERATING LEVERAGE",
      "detail": "Rev growth +79.4% vs OpEx growth +36.3% (leverage: 2.2x)",
      "severity": "MEDIUM"
    },
    {
      "quarter": "2024-02 (Q1)",
      "signal": "GROSS MARGIN INFLECTION",
      "detail": "GM: +37.9% -> +36.0% -> +43.3% (reversal +7.3%)",
      "severity": "HIGH"
    },
    {
      "quarter": "2024-02 (Q1)",
      "signal": "YoY REVENUE GROWTH ACCELERATION",
      "detail": "YoY growth: -6.3% vs prior quarter YoY: -12.1% (accel: +5.7%)",
      "severity": "MEDIUM"
    },
    {
      "quarter": "2023-10 (Q4)",
      "signal": "INCREMENTAL MARGIN (YoY)",
      "detail": "YoY Incr OPM: +18.4% vs year-ago OPM: +3.1%",
      "severity": "MEDIUM"
    },
    {
      "quarter": "2023-07 (Q3)",
      "signal": "FCF TURNED POSITIVE",
      "detail": "FCF margin: -24.5% -> +6.2%",
      "severity": "HIGH"
    },
    {
      "quarter": "2023-07 (Q3)",
      "signal": "INCREMENTAL MARGIN (YoY)",
      "detail": "YoY Incr OPM: +68.4% vs year-ago OPM: +10.6%",
      "severity": "HIGH"
    },
    {
      "quarter": "2023-01 (Q1)",
      "signal": "FCF TURNED POSITIVE",
      "detail": "FCF margin: -4.8% -> +34.1%",
      "severity": "HIGH"
    },
    {
      "quarter": "2023-01 (Q1)",
      "signal": "GROSS MARGIN INFLECTION",
      "detail": "GM: +37.9% -> +34.9% -> +41.7% (reversal +6.8%)",
      "severity": "HIGH"
    },
    {
      "quarter": "2023-01 (Q1)",
      "signal": "YoY REVENUE GROWTH DECELERATION",
      "detail": "YoY growth: -5.2% vs prior quarter YoY: +2.9% (decel: -8.1%)",
      "severity": "WARNING"
    },
    {
      "quarter": "2022-07 (Q3)",
      "signal": "FCF MARGIN EXPANSION",
      "detail": "FCF margin: -8.5% -> -1.0% (+7.5%)",
      "severity": "MEDIUM"
    },
    {
      "quarter": "2022-07 (Q3)",
      "signal": "YoY REVENUE GROWTH DECELERATION",
      "detail": "YoY growth: -1.9% vs prior quarter YoY: +8.9% (decel: -10.7%)",
      "severity": "WARNING"
    },
    {
      "quarter": "2022-07 (Q3)",
      "signal": "INCREMENTAL MARGIN (YoY)",
      "detail": "YoY Incr OPM: +116.3% vs year-ago OPM: +12.6%",
      "severity": "HIGH"
    },
    {
      "quarter": "2022-04 (Q2)",
      "signal": "YoY REVENUE GROWTH DECELERATION",
      "detail": "YoY growth: +8.9% vs prior quarter YoY: +28.6% (decel: -19.7%)",
      "severity": "WARNING"
    },
    {
      "quarter": "2022-01 (Q1)",
      "signal": "FCF MARGIN EXPANSION",
      "detail": "FCF margin: +0.5% -> +24.7% (+24.2%)",
      "severity": "MEDIUM"
    },
    {
      "quarter": "2022-01 (Q1)",
      "signal": "GROSS MARGIN INFLECTION",
      "detail": "GM: +40.1% -> +37.4% -> +41.0% (reversal +3.6%)",
      "severity": "MEDIUM"
    },
    {
      "quarter": "2021-07 (Q3)",
      "signal": "FCF MARGIN EXPANSION",
      "detail": "FCF margin: +8.9% -> +15.5% (+6.6%)",
      "severity": "MEDIUM"
    }
  ],
  "data_quality": {
    "n_quarters": 20,
    "coverage": {
      "revenue": [
        20,
        20
      ],
      "gross_profit": [
        20,
        20
      ],
      "op_income": [
        20,
        20
      ],
      "fcf": [
        20,
        20
      ]
    },
    "gaps": [],
    "warnings": []
  },
  "market_cap": null,
  "source": "SEC EDGAR",
  "last_updated": "2026-02-02T21:15:34.467470"
}