{
  "ticker": "SING",
  "name": "SinglePoint Inc.",
  "quarters": [
    {
      "date": "2020-03-31T00:00:00",
      "quarter_label": "2020-03 (Q1)",
      "revenue": 1075222,
      "gross_profit": 309614,
      "operating_income": -636976,
      "net_income": -1962792,
      "opex": 946590,
      "cogs": 765608,
      "rd": null,
      "sga": null,
      "fcf": -395971,
      "ocf": -395971,
      "capex": null,
      "gross_margin": 0.2879535574978935,
      "op_margin": -0.5924134736826442,
      "fcf_margin": -0.3682690644350655
    },
    {
      "date": "2020-06-30T00:00:00",
      "quarter_label": "2020-06 (Q2)",
      "revenue": 395277,
      "gross_profit": 104683,
      "operating_income": -737959,
      "net_income": -1179589,
      "opex": 842642,
      "cogs": 290594,
      "rd": null,
      "sga": null,
      "fcf": -522458,
      "ocf": -522458,
      "capex": null,
      "gross_margin": 0.2648345337573398,
      "op_margin": -1.866941410706922,
      "fcf_margin": -1.3217515818021286,
      "fcf_margin_change": -0.9534825173670631
    },
    {
      "date": "2020-09-30T00:00:00",
      "quarter_label": "2020-09 (Q3)",
      "revenue": 1025129,
      "gross_profit": 228670,
      "operating_income": -599696,
      "net_income": -835656,
      "opex": 828366,
      "cogs": 796459,
      "rd": null,
      "sga": null,
      "fcf": -480549,
      "ocf": -480549,
      "capex": null,
      "gross_margin": 0.2230646094296425,
      "op_margin": -0.5849956444506008,
      "fcf_margin": -0.4687692963519713,
      "op_leverage_ratio": Infinity,
      "fcf_margin_change": 0.8529822854501573
    },
    {
      "date": "2020-12-31T00:00:00",
      "quarter_label": "2020-12 (Q4)",
      "revenue": 382533,
      "gross_profit": 30803,
      "operating_income": -1324481,
      "net_income": -466468,
      "opex": 1355284,
      "cogs": 351730,
      "rd": null,
      "sga": null,
      "fcf": -556401,
      "ocf": -556401,
      "capex": null,
      "gross_margin": 0.0805237718053083,
      "op_margin": -3.4623967082578497,
      "fcf_margin": -1.454517649457694,
      "fcf_margin_change": -0.9857483531057226
    },
    {
      "date": "2021-03-31T00:00:00",
      "quarter_label": "2021-03 (Q1)",
      "revenue": 239013,
      "gross_profit": -65726,
      "operating_income": -1112419,
      "net_income": -1361139,
      "opex": 1046693,
      "cogs": 304739,
      "rd": null,
      "sga": 1046693,
      "fcf": -997882,
      "ocf": -997882,
      "capex": null,
      "gross_margin": -0.27498922652742736,
      "op_margin": -4.654219644956551,
      "fcf_margin": -4.175011401053499,
      "rev_growth_yoy": -0.7777082314163959,
      "fcf_margin_change": -2.7204937515958054
    },
    {
      "date": "2021-06-30T00:00:00",
      "quarter_label": "2021-06 (Q2)",
      "revenue": 454822,
      "gross_profit": 152490,
      "operating_income": -1131742,
      "net_income": -1144146,
      "opex": 1284232,
      "cogs": 302332,
      "rd": null,
      "sga": 1284232,
      "fcf": -1185359,
      "ocf": -1185359,
      "capex": null,
      "gross_margin": 0.335274019286666,
      "op_margin": -2.488318507020329,
      "fcf_margin": -2.6062041853736186,
      "rev_growth_yoy": 0.15064119592083527,
      "rev_growth_yoy_accel": 0.9283494273372311,
      "op_leverage_ratio": 3.9786196682261465,
      "fcf_margin_change": 1.5688072156798807
    },
    {
      "date": "2021-09-30T00:00:00",
      "quarter_label": "2021-09 (Q3)",
      "revenue": 273877,
      "gross_profit": 55954,
      "operating_income": -1528048,
      "net_income": -1409427,
      "opex": 1584002,
      "cogs": 217923,
      "rd": null,
      "sga": 1584002,
      "fcf": -1468757,
      "ocf": -1468175,
      "capex": -582,
      "gross_margin": 0.20430339166852274,
      "op_margin": -5.579322104448347,
      "fcf_margin": -5.362834411067742,
      "rev_growth_yoy": -0.7328365503268369,
      "rev_growth_yoy_accel": -0.8834777462476722,
      "fcf_margin_change": -2.7566302256941233
    },
    {
      "date": "2021-12-31T00:00:00",
      "quarter_label": "2021-12 (Q4)",
      "revenue": -158810,
      "gross_profit": -70562,
      "operating_income": -1843125,
      "net_income": -1994673,
      "opex": 1772563,
      "cogs": -88248,
      "rd": null,
      "sga": 1091791,
      "fcf": -1183211,
      "ocf": -1180213,
      "capex": -2998,
      "gross_margin": 0.4443171084944273,
      "op_margin": 11.605849757571942,
      "fcf_margin": 7.450481707701027,
      "rev_growth_yoy": -1.4151537252995166,
      "rev_growth_yoy_accel": -0.6823171749726796,
      "fcf_margin_change": 12.813316118768768
    },
    {
      "date": "2022-03-31T00:00:00",
      "quarter_label": "2022-03 (Q1)",
      "revenue": 1551542,
      "gross_profit": 182026,
      "operating_income": -1437436,
      "net_income": -1497773,
      "opex": 1619462,
      "cogs": 1369516,
      "rd": null,
      "sga": 1619462,
      "fcf": -634855,
      "ocf": -634855,
      "capex": null,
      "gross_margin": 0.11731941513668338,
      "op_margin": -0.9264563898366915,
      "fcf_margin": -0.4091768060419892,
      "incr_op_margin_yoy": -0.24762652863289117,
      "rev_growth_yoy": 5.4914544397166685,
      "rev_growth_yoy_accel": 6.906608165016185,
      "fcf_margin_change": -7.859658513743016
    },
    {
      "date": "2022-06-30T00:00:00",
      "quarter_label": "2022-06 (Q2)",
      "revenue": 4534681,
      "gross_profit": 1329840,
      "operating_income": -3192444,
      "net_income": -3326610,
      "opex": 4522284,
      "cogs": 3204841,
      "rd": null,
      "sga": 4522284,
      "fcf": -1209587,
      "ocf": -1209587,
      "capex": null,
      "gross_margin": 0.2932598786992955,
      "op_margin": -0.7040063016560592,
      "fcf_margin": -0.2667413650486109,
      "incr_op_margin_yoy": -0.505091474974993,
      "rev_growth_yoy": 8.970232310662194,
      "rev_growth_yoy_accel": 3.4787778709455255,
      "op_leverage_ratio": 1.0726556127356306,
      "fcf_margin_change": 0.1424354409933783
    },
    {
      "date": "2022-09-30T00:00:00",
      "quarter_label": "2022-09 (Q3)",
      "revenue": 6589227,
      "gross_profit": 2325849,
      "operating_income": -1363614,
      "net_income": -1604848,
      "opex": 3689463,
      "cogs": 4263378,
      "rd": null,
      "sga": 3689463,
      "fcf": -1250722,
      "ocf": -1229766,
      "capex": -20956,
      "gross_margin": 0.3529775192143175,
      "op_margin": -0.20694597408770407,
      "fcf_margin": -0.1898131601779693,
      "incr_op_margin_yoy": 0.02603719508815822,
      "rev_growth_yoy": 23.05907396385969,
      "rev_growth_yoy_accel": 14.088841653197495,
      "op_leverage_ratio": Infinity,
      "fcf_margin_change": 0.07692820487064161
    },
    {
      "date": "2022-12-31T00:00:00",
      "quarter_label": "2022-12 (Q4)",
      "revenue": 9110699,
      "gross_profit": 2487152,
      "operating_income": -790972,
      "net_income": -2498756,
      "opex": 3278124,
      "cogs": 6623547,
      "rd": null,
      "sga": 3278124,
      "fcf": -1090775,
      "ocf": -1090775,
      "capex": null,
      "gross_margin": 0.2729924454753691,
      "op_margin": -0.08681792692306046,
      "fcf_margin": -0.11972462266616425,
      "incr_op_margin_yoy": 0.11350687506749278,
      "op_leverage_ratio": Infinity,
      "fcf_margin_change": 0.07008853751180504
    },
    {
      "date": "2023-03-31T00:00:00",
      "quarter_label": "2023-03 (Q1)",
      "revenue": 5719370,
      "gross_profit": 1653076,
      "operating_income": -1826697,
      "net_income": -2186692,
      "opex": 3479773,
      "cogs": 4066294,
      "rd": null,
      "sga": 3479773,
      "fcf": -538995,
      "ocf": -538995,
      "capex": null,
      "gross_margin": 0.28903113454803586,
      "op_margin": -0.3193877997052123,
      "fcf_margin": -0.09424027471557182,
      "incr_op_margin_yoy": -0.09339660849727964,
      "rev_growth_yoy": 2.6862489059271355,
      "fcf_margin_change": 0.02548434795059243
    },
    {
      "date": "2023-06-30T00:00:00",
      "quarter_label": "2023-06 (Q2)",
      "revenue": 8149480,
      "gross_profit": 2700360,
      "operating_income": -525997,
      "net_income": -1344924,
      "opex": 3226357,
      "cogs": 5449120,
      "rd": null,
      "sga": 3226357,
      "fcf": -17523,
      "ocf": -17523,
      "capex": null,
      "gross_margin": 0.33135365692044155,
      "op_margin": -0.06454362732346113,
      "fcf_margin": -0.0021501985402749622,
      "incr_op_margin_yoy": 0.7376473767974374,
      "rev_growth_yoy": 0.7971451575094257,
      "rev_growth_yoy_accel": -1.8891037484177098,
      "op_leverage_ratio": Infinity,
      "fcf_margin_change": 0.09209007617529687
    },
    {
      "date": "2023-09-30T00:00:00",
      "quarter_label": "2023-09 (Q3)",
      "revenue": 6914934,
      "gross_profit": 2067435,
      "operating_income": -1108124,
      "net_income": -1355700,
      "opex": 3175559,
      "cogs": 4847499,
      "rd": null,
      "sga": 3175559,
      "fcf": -13853,
      "ocf": 1387,
      "capex": -15240,
      "gross_margin": 0.2989811616423237,
      "op_margin": -0.1602508425966177,
      "fcf_margin": -0.0020033452235408175,
      "rev_growth_yoy": 0.04943022906935821,
      "rev_growth_yoy_accel": -0.7477149284400675,
      "fcf_margin_change": 0.00014685331673414473
    },
    {
      "date": "2023-12-31T00:00:00",
      "quarter_label": "2023-12 (Q4)",
      "revenue": 5536079,
      "gross_profit": 1250001,
      "operating_income": -12127663,
      "net_income": -13147347,
      "opex": 13377664,
      "cogs": 4286078,
      "rd": null,
      "sga": 13377664,
      "fcf": -3129971,
      "ocf": -3091147,
      "capex": -38824,
      "gross_margin": 0.22579175622313194,
      "op_margin": -2.19065930959439,
      "fcf_margin": -0.5653768669124845,
      "incr_op_margin_yoy": 3.1714394816791716,
      "rev_growth_yoy": -0.39235408830870167,
      "rev_growth_yoy_accel": -0.4417843173780599,
      "fcf_margin_change": -0.5633735216889436
    },
    {
      "date": "2024-03-31T00:00:00",
      "quarter_label": "2024-03 (Q1)",
      "revenue": 4136412,
      "gross_profit": 1852159,
      "operating_income": -2351717,
      "net_income": -2857184,
      "opex": 4203876,
      "cogs": 2284253,
      "rd": null,
      "sga": 4203876,
      "fcf": -690265,
      "ocf": -690265,
      "capex": null,
      "gross_margin": 0.4477694678383101,
      "op_margin": -0.5685403194846161,
      "fcf_margin": -0.16687530158988031,
      "incr_op_margin_yoy": 0.33167020224162613,
      "rev_growth_yoy": -0.2767713926533866,
      "rev_growth_yoy_accel": 0.11558269565531504,
      "fcf_margin_change": 0.39850156532260417
    },
    {
      "date": "2024-06-30T00:00:00",
      "quarter_label": "2024-06 (Q2)",
      "revenue": 5447937,
      "gross_profit": 1396054,
      "operating_income": -4589560,
      "net_income": -9883004,
      "opex": 5985614,
      "cogs": 4051883,
      "rd": null,
      "sga": 5985614,
      "fcf": -1612926,
      "ocf": -1612926,
      "capex": null,
      "gross_margin": 0.2562536975005401,
      "op_margin": -0.8424399915050412,
      "fcf_margin": -0.2960617936661162,
      "incr_op_margin_yoy": 1.504163731615599,
      "rev_growth_yoy": -0.3314988195565852,
      "rev_growth_yoy_accel": -0.054727426903198595,
      "op_leverage_ratio": 0.7480985946411317,
      "fcf_margin_change": -0.12918649207623586
    },
    {
      "date": "2024-09-30T00:00:00",
      "quarter_label": "2024-09 (Q3)",
      "revenue": 5539939,
      "gross_profit": 2499681,
      "operating_income": -965719,
      "net_income": -4513326,
      "opex": 3465400,
      "cogs": 3040258,
      "rd": null,
      "sga": 3465400,
      "fcf": -299802,
      "ocf": -262465,
      "capex": -37337,
      "gross_margin": 0.451210924885635,
      "op_margin": -0.1743194284269195,
      "fcf_margin": -0.054116480343917146,
      "incr_op_margin_yoy": -0.10356764933690668,
      "rev_growth_yoy": -0.19884426951869677,
      "rev_growth_yoy_accel": 0.13265455003788845,
      "op_leverage_ratio": Infinity,
      "fcf_margin_change": 0.24194531332219904
    },
    {
      "date": "2024-12-31T00:00:00",
      "quarter_label": "2024-12 (Q4)",
      "revenue": 5158776,
      "gross_profit": 1651006,
      "operating_income": -12117470,
      "net_income": -11680531,
      "opex": 13768476,
      "cogs": 2878486,
      "rd": null,
      "sga": null,
      "fcf": -42792,
      "ocf": -49073,
      "capex": 6281,
      "gross_margin": 0.3200383191671823,
      "op_margin": -2.348904081123119,
      "fcf_margin": -0.008294990904819282,
      "rev_growth_yoy": -0.06815347107582821,
      "rev_growth_yoy_accel": 0.13069079844286857,
      "fcf_margin_change": 0.04582148943909786
    }
  ],
  "signals": [
    {
      "quarter": "2024-12 (Q4)",
      "signal": "YoY REVENUE GROWTH ACCELERATION",
      "detail": "YoY growth: -6.8% vs prior quarter YoY: -19.9% (accel: +13.1%)",
      "severity": "MEDIUM"
    },
    {
      "quarter": "2024-09 (Q3)",
      "signal": "FCF MARGIN EXPANSION",
      "detail": "FCF margin: -29.6% -> -5.4% (+24.2%)",
      "severity": "MEDIUM"
    },
    {
      "quarter": "2024-09 (Q3)",
      "signal": "GROSS MARGIN INFLECTION",
      "detail": "GM: +44.8% -> +25.6% -> +45.1% (reversal +19.5%)",
      "severity": "HIGH"
    },
    {
      "quarter": "2024-09 (Q3)",
      "signal": "YoY REVENUE GROWTH ACCELERATION",
      "detail": "YoY growth: -19.9% vs prior quarter YoY: -33.1% (accel: +13.3%)",
      "severity": "MEDIUM"
    },
    {
      "quarter": "2024-06 (Q2)",
      "signal": "YoY REVENUE GROWTH DECELERATION",
      "detail": "YoY growth: -33.1% vs prior quarter YoY: -27.7% (decel: -5.5%)",
      "severity": "WARNING"
    },
    {
      "quarter": "2024-03 (Q1)",
      "signal": "FCF MARGIN EXPANSION",
      "detail": "FCF margin: -56.5% -> -16.7% (+39.9%)",
      "severity": "MEDIUM"
    },
    {
      "quarter": "2024-03 (Q1)",
      "signal": "GROSS MARGIN INFLECTION",
      "detail": "GM: +29.9% -> +22.6% -> +44.8% (reversal +22.2%)",
      "severity": "HIGH"
    },
    {
      "quarter": "2024-03 (Q1)",
      "signal": "YoY REVENUE GROWTH ACCELERATION",
      "detail": "YoY growth: -27.7% vs prior quarter YoY: -39.2% (accel: +11.6%)",
      "severity": "MEDIUM"
    },
    {
      "quarter": "2023-12 (Q4)",
      "signal": "YoY REVENUE GROWTH DECELERATION",
      "detail": "YoY growth: -39.2% vs prior quarter YoY: +4.9% (decel: -44.2%)",
      "severity": "WARNING"
    },
    {
      "quarter": "2023-09 (Q3)",
      "signal": "YoY REVENUE GROWTH DECELERATION",
      "detail": "YoY growth: +4.9% vs prior quarter YoY: +79.7% (decel: -74.8%)",
      "severity": "WARNING"
    },
    {
      "quarter": "2023-06 (Q2)",
      "signal": "FCF MARGIN EXPANSION",
      "detail": "FCF margin: -9.4% -> -0.2% (+9.2%)",
      "severity": "MEDIUM"
    },
    {
      "quarter": "2023-06 (Q2)",
      "signal": "YoY REVENUE GROWTH DECELERATION",
      "detail": "YoY growth: +79.7% vs prior quarter YoY: +268.6% (decel: -188.9%)",
      "severity": "WARNING"
    },
    {
      "quarter": "2022-12 (Q4)",
      "signal": "FCF MARGIN EXPANSION",
      "detail": "FCF margin: -19.0% -> -12.0% (+7.0%)",
      "severity": "MEDIUM"
    },
    {
      "quarter": "2022-09 (Q3)",
      "signal": "FCF MARGIN EXPANSION",
      "detail": "FCF margin: -26.7% -> -19.0% (+7.7%)",
      "severity": "MEDIUM"
    },
    {
      "quarter": "2022-09 (Q3)",
      "signal": "YoY REVENUE GROWTH ACCELERATION",
      "detail": "YoY growth: +2305.9% vs prior quarter YoY: +897.0% (accel: +1408.9%)",
      "severity": "HIGH"
    },
    {
      "quarter": "2022-06 (Q2)",
      "signal": "FCF MARGIN EXPANSION",
      "detail": "FCF margin: -40.9% -> -26.7% (+14.2%)",
      "severity": "MEDIUM"
    },
    {
      "quarter": "2022-06 (Q2)",
      "signal": "GROSS MARGIN INFLECTION",
      "detail": "GM: +44.4% -> +11.7% -> +29.3% (reversal +17.6%)",
      "severity": "HIGH"
    },
    {
      "quarter": "2022-06 (Q2)",
      "signal": "YoY REVENUE GROWTH ACCELERATION",
      "detail": "YoY growth: +897.0% vs prior quarter YoY: +549.1% (accel: +347.9%)",
      "severity": "HIGH"
    },
    {
      "quarter": "2022-03 (Q1)",
      "signal": "YoY REVENUE GROWTH ACCELERATION",
      "detail": "YoY growth: +549.1% vs prior quarter YoY: -141.5% (accel: +690.7%)",
      "severity": "HIGH"
    },
    {
      "quarter": "2021-12 (Q4)",
      "signal": "FCF TURNED POSITIVE",
      "detail": "FCF margin: -536.3% -> +745.0%",
      "severity": "HIGH"
    },
    {
      "quarter": "2021-12 (Q4)",
      "signal": "GROSS MARGIN INFLECTION",
      "detail": "GM: +33.5% -> +20.4% -> +44.4% (reversal +24.0%)",
      "severity": "HIGH"
    },
    {
      "quarter": "2021-12 (Q4)",
      "signal": "YoY REVENUE GROWTH DECELERATION",
      "detail": "YoY growth: -141.5% vs prior quarter YoY: -73.3% (decel: -68.2%)",
      "severity": "WARNING"
    },
    {
      "quarter": "2021-12 (Q4)",
      "signal": "OP MARGIN TURNED POSITIVE (YoY)",
      "detail": "Op margin: -346.2% (year-ago) -> +1160.6%",
      "severity": "HIGH"
    },
    {
      "quarter": "2021-12 (Q4)",
      "signal": "OP MARGIN TURNED POSITIVE (QoQ)",
      "detail": "Op margin: -557.9% -> +1160.6%",
      "severity": "HIGH"
    },
    {
      "quarter": "2021-09 (Q3)",
      "signal": "YoY REVENUE GROWTH DECELERATION",
      "detail": "YoY growth: -73.3% vs prior quarter YoY: +15.1% (decel: -88.3%)",
      "severity": "WARNING"
    },
    {
      "quarter": "2021-06 (Q2)",
      "signal": "FCF MARGIN EXPANSION",
      "detail": "FCF margin: -417.5% -> -260.6% (+156.9%)",
      "severity": "MEDIUM"
    },
    {
      "quarter": "2021-06 (Q2)",
      "signal": "OPERATING LEVERAGE",
      "detail": "Rev growth +90.3% vs OpEx growth +22.7% (leverage: 4.0x)",
      "severity": "MEDIUM"
    },
    {
      "quarter": "2021-06 (Q2)",
      "signal": "GROSS MARGIN INFLECTION",
      "detail": "GM: +8.1% -> -27.5% -> +33.5% (reversal +61.0%)",
      "severity": "HIGH"
    },
    {
      "quarter": "2021-06 (Q2)",
      "signal": "YoY REVENUE GROWTH ACCELERATION",
      "detail": "YoY growth: +15.1% vs prior quarter YoY: -77.8% (accel: +92.8%)",
      "severity": "HIGH"
    },
    {
      "quarter": "2020-09 (Q3)",
      "signal": "FCF MARGIN EXPANSION",
      "detail": "FCF margin: -132.2% -> -46.9% (+85.3%)",
      "severity": "MEDIUM"
    }
  ],
  "data_quality": {
    "n_quarters": 20,
    "coverage": {
      "revenue": [
        20,
        20
      ],
      "gross_profit": [
        20,
        20
      ],
      "op_income": [
        20,
        20
      ],
      "fcf": [
        20,
        20
      ]
    },
    "gaps": [],
    "warnings": []
  },
  "market_cap": null,
  "source": "SEC EDGAR",
  "last_updated": "2026-02-03T01:07:04.152196"
}