{
  "ticker": "SITE",
  "name": "SiteOne Landscape Supply, Inc.",
  "sector": "Industrials",
  "industry": "Industrial Distribution",
  "quarters": [
    {
      "date": "2021-04-04T00:00:00",
      "quarter_label": "2021-04 (Q2)",
      "revenue": 650200000,
      "gross_profit": 201500000,
      "operating_income": 10400000,
      "net_income": 7400000,
      "opex": 191100000,
      "cogs": 448700000,
      "rd": null,
      "sga": 192300000,
      "fcf": -52700000,
      "ocf": -45500000,
      "capex": -7200000,
      "gross_margin": 0.3099046447247001,
      "op_margin": 0.015995078437403876,
      "fcf_margin": -0.08105198400492156
    },
    {
      "date": "2021-07-04T00:00:00",
      "quarter_label": "2021-07 (Q3)",
      "revenue": 1083900000,
      "gross_profit": 388200000,
      "operating_income": 164600000,
      "net_income": 123500000,
      "opex": 223600000,
      "cogs": 695700000,
      "rd": null,
      "sga": 225800000,
      "fcf": 128300000,
      "ocf": 137700000,
      "capex": -9400000,
      "gross_margin": 0.3581511209521174,
      "op_margin": 0.15185902758557063,
      "fcf_margin": 0.11836885321524127,
      "op_leverage_ratio": 3.9221101199630883,
      "fcf_margin_change": 0.19942083722016282
    },
    {
      "date": "2021-10-03T00:00:00",
      "quarter_label": "2021-10 (Q4)",
      "revenue": 936400000,
      "gross_profit": 340500000,
      "operating_income": 103400000,
      "net_income": 80000000,
      "opex": 237100000,
      "cogs": 595900000,
      "rd": null,
      "sga": 235300000,
      "fcf": 59600000,
      "ocf": 67200000,
      "capex": -7600000,
      "gross_margin": 0.3636266552755233,
      "op_margin": 0.11042289619820589,
      "fcf_margin": 0.06364801366937206,
      "fcf_margin_change": -0.054720839545869204
    },
    {
      "date": "2022-01-02T00:00:00",
      "quarter_label": "2022-01 (Q1)",
      "revenue": 805200000,
      "gross_profit": 282400000,
      "operating_income": 35300000,
      "net_income": 27500000,
      "opex": 247100000,
      "cogs": 522800000,
      "rd": null,
      "sga": 247200000,
      "fcf": 43100000,
      "ocf": 51400000,
      "capex": -8300000,
      "gross_margin": 0.35072031793343267,
      "op_margin": 0.043840039741679084,
      "fcf_margin": 0.053527074018877296,
      "fcf_margin_change": -0.010120939650494765
    },
    {
      "date": "2022-04-03T00:00:00",
      "quarter_label": "2022-04 (Q2)",
      "revenue": 805300000,
      "gross_profit": 269200000,
      "operating_income": 41200000,
      "net_income": 32300000,
      "opex": 228000000,
      "cogs": 536100000,
      "rd": null,
      "sga": 230500000,
      "fcf": -125800000,
      "ocf": -118300000,
      "capex": -7500000,
      "gross_margin": 0.3342853594933565,
      "op_margin": 0.05116105799081088,
      "fcf_margin": -0.15621507512728175,
      "incr_op_margin_yoy": 0.19858156028368795,
      "rev_growth_yoy": 0.2385419870808982,
      "fcf_margin_change": -0.20974214914615905
    },
    {
      "date": "2022-07-03T00:00:00",
      "quarter_label": "2022-07 (Q3)",
      "revenue": 1216600000,
      "gross_profit": 461100000,
      "operating_income": 190100000,
      "net_income": 140700000,
      "opex": 271000000,
      "cogs": 755500000,
      "rd": null,
      "sga": 272700000,
      "fcf": 85600000,
      "ocf": 94700000,
      "capex": -9100000,
      "gross_margin": 0.3790070688804866,
      "op_margin": 0.1562551372677955,
      "fcf_margin": 0.07036001972710834,
      "incr_op_margin_yoy": 0.19216277317256972,
      "rev_growth_yoy": 0.1224282682904327,
      "rev_growth_yoy_accel": -0.11611371879046549,
      "op_leverage_ratio": 2.7081168653022565,
      "fcf_margin_change": 0.2265750948543901
    },
    {
      "date": "2022-10-02T00:00:00",
      "quarter_label": "2022-10 (Q4)",
      "revenue": 1102600000,
      "gross_profit": 388600000,
      "operating_income": 101800000,
      "net_income": 73300000,
      "opex": 286800000,
      "cogs": 714000000,
      "rd": null,
      "sga": 289200000,
      "fcf": 132200000,
      "ocf": 136100000,
      "capex": -3900000,
      "gross_margin": 0.3524396880101578,
      "op_margin": 0.09232722655541448,
      "fcf_margin": 0.11989842191184473,
      "incr_op_margin_yoy": -0.009626955475330927,
      "rev_growth_yoy": 0.17748825288338316,
      "rev_growth_yoy_accel": 0.05505998459295046,
      "fcf_margin_change": 0.04953840218473639
    },
    {
      "date": "2023-01-01T00:00:00",
      "quarter_label": "2023-01 (Q1)",
      "revenue": 890000000,
      "gross_profit": 302600000,
      "operating_income": 0,
      "net_income": -900000,
      "opex": 302600000,
      "cogs": 587400000,
      "rd": null,
      "sga": 304600000,
      "fcf": 98100000,
      "ocf": 104700000,
      "capex": -6600000,
      "gross_margin": 0.34,
      "op_margin": 0.0,
      "fcf_margin": 0.1102247191011236,
      "incr_op_margin_yoy": -0.41627358490566035,
      "rev_growth_yoy": 0.10531544957774466,
      "rev_growth_yoy_accel": -0.0721728033056385,
      "fcf_margin_change": -0.009673702810721135
    },
    {
      "date": "2023-04-02T00:00:00",
      "quarter_label": "2023-04 (Q2)",
      "revenue": 837400000,
      "gross_profit": 287100000,
      "operating_income": -300000,
      "net_income": -4500000,
      "opex": 287400000,
      "cogs": 550300000,
      "rd": null,
      "sga": 291400000,
      "fcf": -159700000,
      "ocf": -152600000,
      "capex": -7100000,
      "gross_margin": 0.3428469070933843,
      "op_margin": -0.00035825173155003585,
      "fcf_margin": -0.19070933842846907,
      "incr_op_margin_yoy": -1.2928348909657321,
      "rev_growth_yoy": 0.03986092139575313,
      "rev_growth_yoy_accel": -0.06545452818199153,
      "fcf_margin_change": -0.3009340575295927
    },
    {
      "date": "2023-07-02T00:00:00",
      "quarter_label": "2023-07 (Q3)",
      "revenue": 1353700000,
      "gross_profit": 489400000,
      "operating_income": 171300000,
      "net_income": 124000000,
      "opex": 318100000,
      "cogs": 864300000,
      "rd": null,
      "sga": 320600000,
      "fcf": 244600000,
      "ocf": 253800000,
      "capex": -9200000,
      "gross_margin": 0.36152766491837185,
      "op_margin": 0.12654206988254413,
      "fcf_margin": 0.1806899608480461,
      "incr_op_margin_yoy": -0.13712618526622902,
      "rev_growth_yoy": 0.11269110636199244,
      "rev_growth_yoy_accel": 0.0728301849662393,
      "op_leverage_ratio": 5.771883501671453,
      "fcf_margin_change": 0.37139929927651516
    },
    {
      "date": "2023-10-01T00:00:00",
      "quarter_label": "2023-10 (Q4)",
      "revenue": 1145100000,
      "gross_profit": 388100000,
      "operating_income": 81200000,
      "net_income": 57300000,
      "opex": 306900000,
      "cogs": 757000000,
      "rd": null,
      "sga": 311800000,
      "fcf": 80900000,
      "ocf": 88700000,
      "capex": -7800000,
      "gross_margin": 0.33892236485896426,
      "op_margin": 0.07091083748144267,
      "fcf_margin": 0.07064885162867872,
      "incr_op_margin_yoy": -0.48470588235294115,
      "rev_growth_yoy": 0.03854525666606203,
      "rev_growth_yoy_accel": -0.07414584969593041,
      "fcf_margin_change": -0.11004110921936737
    },
    {
      "date": "2023-12-31T00:00:00",
      "quarter_label": "2023-12 (Q4)",
      "revenue": 965000000,
      "gross_profit": 326600000,
      "operating_income": -1900000,
      "net_income": -3400000,
      "opex": 328500000,
      "cogs": 638400000,
      "rd": null,
      "sga": 332800000,
      "fcf": 99600000,
      "ocf": 107600000,
      "capex": -8000000,
      "gross_margin": 0.3384455958549223,
      "op_margin": -0.0019689119170984456,
      "fcf_margin": 0.10321243523316062,
      "incr_op_margin_yoy": -0.025333333333333333,
      "rev_growth_yoy": 0.08426966292134831,
      "rev_growth_yoy_accel": 0.04572440625528628,
      "fcf_margin_change": 0.0325635836044819
    },
    {
      "date": "2024-03-31T00:00:00",
      "quarter_label": "2024-03 (Q1)",
      "revenue": 904800000,
      "gross_profit": 301200000,
      "operating_income": -22300000,
      "net_income": -19300000,
      "opex": 323500000,
      "cogs": 603600000,
      "rd": null,
      "sga": 327700000,
      "fcf": -108200000,
      "ocf": -99300000,
      "capex": -8900000,
      "gross_margin": 0.3328912466843501,
      "op_margin": -0.024646330680813438,
      "fcf_margin": -0.11958443854995579,
      "incr_op_margin_yoy": -0.3264094955489614,
      "rev_growth_yoy": 0.08048722235490804,
      "rev_growth_yoy_accel": -0.0037824405664402677,
      "fcf_margin_change": -0.2227968737831164
    },
    {
      "date": "2024-06-30T00:00:00",
      "quarter_label": "2024-06 (Q2)",
      "revenue": 1413900000,
      "gross_profit": 510300000,
      "operating_income": 169600000,
      "net_income": 120200000,
      "opex": 340700000,
      "cogs": 903600000,
      "rd": null,
      "sga": 343800000,
      "fcf": 135300000,
      "ocf": 147400000,
      "capex": -12100000,
      "gross_margin": 0.36091661362189686,
      "op_margin": 0.1199519060753943,
      "fcf_margin": 0.09569276469340122,
      "incr_op_margin_yoy": -0.02823920265780731,
      "rev_growth_yoy": 0.044470709906183056,
      "rev_growth_yoy_accel": -0.03601651244872499,
      "op_leverage_ratio": 10.582696548639813,
      "fcf_margin_change": 0.21527720324335703
    },
    {
      "date": "2024-09-29T00:00:00",
      "quarter_label": "2024-09 (Q3)",
      "revenue": 1208800000,
      "gross_profit": 411000000,
      "operating_income": 69900000,
      "net_income": 44400000,
      "opex": 341100000,
      "cogs": 797800000,
      "rd": null,
      "sga": 349100000,
      "fcf": 105900000,
      "ocf": 115900000,
      "capex": -10000000,
      "gross_margin": 0.3400066181336863,
      "op_margin": 0.0578259430840503,
      "fcf_margin": 0.08760754467240238,
      "incr_op_margin_yoy": -0.17739403453689168,
      "rev_growth_yoy": 0.05562832940354554,
      "rev_growth_yoy_accel": 0.011157619497362485,
      "fcf_margin_change": -0.008085220020998846
    },
    {
      "date": "2024-12-29T00:00:00",
      "quarter_label": "2024-12 (Q4)",
      "revenue": 1013100000,
      "gross_profit": 337600000,
      "operating_income": -24900000,
      "net_income": -21700000,
      "opex": 362500000,
      "cogs": 675500000,
      "rd": null,
      "sga": 364500000,
      "fcf": 109900000,
      "ocf": 119400000,
      "capex": -9500000,
      "gross_margin": 0.3332346263942355,
      "op_margin": -0.024578027835356824,
      "fcf_margin": 0.10847892606850261,
      "incr_op_margin_yoy": -0.4781704781704782,
      "rev_growth_yoy": 0.04984455958549223,
      "rev_growth_yoy_accel": -0.005783769818053314,
      "fcf_margin_change": 0.02087138139610023
    },
    {
      "date": "2025-03-30T00:00:00",
      "quarter_label": "2025-03 (Q1)",
      "revenue": 939400000,
      "gross_profit": 309800000,
      "operating_income": -29500000,
      "net_income": -27300000,
      "opex": 339300000,
      "cogs": 629600000,
      "rd": null,
      "sga": 343200000,
      "fcf": -144400000,
      "ocf": -129600000,
      "capex": -14800000,
      "gross_margin": 0.32978496912923144,
      "op_margin": -0.031403023206301894,
      "fcf_margin": -0.1537151373216947,
      "incr_op_margin_yoy": -0.20809248554913296,
      "rev_growth_yoy": 0.03824049513704686,
      "rev_growth_yoy_accel": -0.011604064448445368,
      "fcf_margin_change": -0.2621940633901973
    },
    {
      "date": "2025-06-29T00:00:00",
      "quarter_label": "2025-06 (Q2)",
      "revenue": 1461600000,
      "gross_profit": 531400000,
      "operating_income": 187400000,
      "net_income": 129000000,
      "opex": 344000000,
      "cogs": 930200000,
      "rd": null,
      "sga": 349100000,
      "fcf": 122400000,
      "ocf": 136700000,
      "capex": -14300000,
      "gross_margin": 0.3635741652983032,
      "op_margin": 0.12821565407772303,
      "fcf_margin": 0.08374384236453201,
      "incr_op_margin_yoy": 0.3731656184486373,
      "rev_growth_yoy": 0.03373647358370465,
      "rev_growth_yoy_accel": -0.004504021553342209,
      "op_leverage_ratio": 40.130291403747975,
      "fcf_margin_change": 0.2374589796862267
    },
    {
      "date": "2025-09-28T00:00:00",
      "quarter_label": "2025-09 (Q3)",
      "revenue": 1258200000,
      "gross_profit": 437200000,
      "operating_income": 85200000,
      "net_income": 59100000,
      "opex": 352000000,
      "cogs": 821000000,
      "rd": null,
      "sga": 357400000,
      "fcf": 118500000,
      "ocf": 128600000,
      "capex": -10100000,
      "gross_margin": 0.34748052773803845,
      "op_margin": 0.06771578445398188,
      "fcf_margin": 0.09418216499761564,
      "incr_op_margin_yoy": 0.3097165991902834,
      "rev_growth_yoy": 0.040866975512905364,
      "rev_growth_yoy_accel": 0.007130501929200714,
      "fcf_margin_change": 0.010438322633083627
    },
    {
      "date": "2025-12-28T00:00:00",
      "quarter_label": "2025-12 (Q4)",
      "revenue": 1045600000,
      "gross_profit": 356800000,
      "operating_income": -5000000,
      "net_income": null,
      "opex": 361800000,
      "cogs": 688800000,
      "rd": null,
      "sga": 365900000,
      "fcf": 150300000,
      "ocf": 164800000,
      "capex": -14500000,
      "gross_margin": 0.34123947972456004,
      "op_margin": -0.004781943381790359,
      "fcf_margin": 0.14374521805661822,
      "incr_op_margin_yoy": 0.6123076923076923,
      "rev_growth_yoy": 0.03207975520679104,
      "rev_growth_yoy_accel": -0.008787220306114327,
      "fcf_margin_change": 0.049563053059002576
    }
  ],
  "signals": [
    {
      "quarter": "2025-09 (Q3)",
      "signal": "INCREMENTAL MARGIN (YoY)",
      "detail": "YoY Incr OPM: +31.0% vs year-ago OPM: +5.8%",
      "severity": "HIGH"
    },
    {
      "quarter": "2025-06 (Q2)",
      "signal": "FCF TURNED POSITIVE",
      "detail": "FCF margin: -15.4% -> +8.4%",
      "severity": "HIGH"
    },
    {
      "quarter": "2025-06 (Q2)",
      "signal": "OPERATING LEVERAGE",
      "detail": "Rev growth +55.6% vs OpEx growth +1.4% (leverage: 40.1x)",
      "severity": "MEDIUM"
    },
    {
      "quarter": "2025-06 (Q2)",
      "signal": "GROSS MARGIN INFLECTION",
      "detail": "GM: +33.3% -> +33.0% -> +36.4% (reversal +3.4%)",
      "severity": "MEDIUM"
    },
    {
      "quarter": "2025-06 (Q2)",
      "signal": "INCREMENTAL MARGIN (YoY)",
      "detail": "YoY Incr OPM: +37.3% vs year-ago OPM: +12.0%",
      "severity": "HIGH"
    },
    {
      "quarter": "2025-06 (Q2)",
      "signal": "OP MARGIN TURNED POSITIVE (QoQ)",
      "detail": "Op margin: -3.1% -> +12.8%",
      "severity": "HIGH"
    },
    {
      "quarter": "2024-06 (Q2)",
      "signal": "FCF TURNED POSITIVE",
      "detail": "FCF margin: -12.0% -> +9.6%",
      "severity": "HIGH"
    },
    {
      "quarter": "2024-06 (Q2)",
      "signal": "OPERATING LEVERAGE",
      "detail": "Rev growth +56.3% vs OpEx growth +5.3% (leverage: 10.6x)",
      "severity": "MEDIUM"
    },
    {
      "quarter": "2024-06 (Q2)",
      "signal": "GROSS MARGIN INFLECTION",
      "detail": "GM: +33.8% -> +33.3% -> +36.1% (reversal +2.8%)",
      "severity": "MEDIUM"
    },
    {
      "quarter": "2024-06 (Q2)",
      "signal": "OP MARGIN TURNED POSITIVE (QoQ)",
      "detail": "Op margin: -2.5% -> +12.0%",
      "severity": "HIGH"
    },
    {
      "quarter": "2023-10 (Q4)",
      "signal": "YoY REVENUE GROWTH DECELERATION",
      "detail": "YoY growth: +3.9% vs prior quarter YoY: +11.3% (decel: -7.4%)",
      "severity": "WARNING"
    },
    {
      "quarter": "2023-07 (Q3)",
      "signal": "FCF TURNED POSITIVE",
      "detail": "FCF margin: -19.1% -> +18.1%",
      "severity": "HIGH"
    },
    {
      "quarter": "2023-07 (Q3)",
      "signal": "OPERATING LEVERAGE",
      "detail": "Rev growth +61.7% vs OpEx growth +10.7% (leverage: 5.8x)",
      "severity": "MEDIUM"
    },
    {
      "quarter": "2023-07 (Q3)",
      "signal": "YoY REVENUE GROWTH ACCELERATION",
      "detail": "YoY growth: +11.3% vs prior quarter YoY: +4.0% (accel: +7.3%)",
      "severity": "MEDIUM"
    },
    {
      "quarter": "2023-07 (Q3)",
      "signal": "OP MARGIN TURNED POSITIVE (QoQ)",
      "detail": "Op margin: -0.0% -> +12.7%",
      "severity": "HIGH"
    },
    {
      "quarter": "2023-04 (Q2)",
      "signal": "YoY REVENUE GROWTH DECELERATION",
      "detail": "YoY growth: +4.0% vs prior quarter YoY: +10.5% (decel: -6.5%)",
      "severity": "WARNING"
    },
    {
      "quarter": "2023-01 (Q1)",
      "signal": "YoY REVENUE GROWTH DECELERATION",
      "detail": "YoY growth: +10.5% vs prior quarter YoY: +17.7% (decel: -7.2%)",
      "severity": "WARNING"
    },
    {
      "quarter": "2022-10 (Q4)",
      "signal": "YoY REVENUE GROWTH ACCELERATION",
      "detail": "YoY growth: +17.7% vs prior quarter YoY: +12.2% (accel: +5.5%)",
      "severity": "MEDIUM"
    },
    {
      "quarter": "2022-07 (Q3)",
      "signal": "FCF TURNED POSITIVE",
      "detail": "FCF margin: -15.6% -> +7.0%",
      "severity": "HIGH"
    },
    {
      "quarter": "2022-07 (Q3)",
      "signal": "OPERATING LEVERAGE",
      "detail": "Rev growth +51.1% vs OpEx growth +18.9% (leverage: 2.7x)",
      "severity": "MEDIUM"
    },
    {
      "quarter": "2022-07 (Q3)",
      "signal": "GROSS MARGIN INFLECTION",
      "detail": "GM: +35.1% -> +33.4% -> +37.9% (reversal +4.5%)",
      "severity": "MEDIUM"
    },
    {
      "quarter": "2022-07 (Q3)",
      "signal": "YoY REVENUE GROWTH DECELERATION",
      "detail": "YoY growth: +12.2% vs prior quarter YoY: +23.9% (decel: -11.6%)",
      "severity": "WARNING"
    },
    {
      "quarter": "2022-04 (Q2)",
      "signal": "INCREMENTAL MARGIN (YoY)",
      "detail": "YoY Incr OPM: +19.9% vs year-ago OPM: +1.6%",
      "severity": "MEDIUM"
    },
    {
      "quarter": "2021-07 (Q3)",
      "signal": "FCF TURNED POSITIVE",
      "detail": "FCF margin: -8.1% -> +11.8%",
      "severity": "HIGH"
    },
    {
      "quarter": "2021-07 (Q3)",
      "signal": "OPERATING LEVERAGE",
      "detail": "Rev growth +66.7% vs OpEx growth +17.0% (leverage: 3.9x)",
      "severity": "MEDIUM"
    }
  ],
  "data_quality": {
    "n_quarters": 20,
    "coverage": {
      "revenue": [
        20,
        20
      ],
      "gross_profit": [
        20,
        20
      ],
      "op_income": [
        20,
        20
      ],
      "fcf": [
        20,
        20
      ]
    },
    "gaps": [],
    "warnings": []
  },
  "market_cap": null,
  "source": "SEC EDGAR",
  "last_updated": "2026-02-24T10:20:34.264462"
}