{
  "ticker": "SITM",
  "name": "SiTime Corporation",
  "sector": "Technology",
  "industry": "Semiconductors",
  "quarters": [
    {
      "date": "2021-03-31T00:00:00",
      "quarter_label": "2021-03 (Q1)",
      "revenue": 35542000,
      "gross_profit": 18817000,
      "operating_income": -3486000,
      "net_income": -3565000,
      "opex": 22303000,
      "cogs": 16725000,
      "rd": 11180000,
      "sga": 11123000,
      "fcf": 2209000,
      "ocf": 6075000,
      "capex": -3866000,
      "gross_margin": 0.5294299701761297,
      "op_margin": -0.09808114343593495,
      "fcf_margin": 0.06215182038152046
    },
    {
      "date": "2021-06-30T00:00:00",
      "quarter_label": "2021-06 (Q2)",
      "revenue": 44496000,
      "gross_profit": 26827000,
      "operating_income": 2074000,
      "net_income": 2023000,
      "opex": 24753000,
      "cogs": 17669000,
      "rd": 12067000,
      "sga": 12686000,
      "fcf": -3207000,
      "ocf": 4315000,
      "capex": -7522000,
      "gross_margin": 0.6029081265731752,
      "op_margin": 0.04661093131966918,
      "fcf_margin": -0.07207389428263215,
      "op_leverage_ratio": 2.2933610250132355,
      "fcf_margin_change": -0.13422571466415262
    },
    {
      "date": "2021-09-30T00:00:00",
      "quarter_label": "2021-09 (Q3)",
      "revenue": 63029000,
      "gross_profit": 41695000,
      "operating_income": 14074000,
      "net_income": 13960000,
      "opex": 27621000,
      "cogs": 21334000,
      "rd": 13005000,
      "sga": 14616000,
      "fcf": 15344000,
      "ocf": 24023000,
      "capex": -8679000,
      "gross_margin": 0.6615208872106491,
      "op_margin": 0.223294039251773,
      "fcf_margin": 0.2434434942645449,
      "op_leverage_ratio": 3.594789372257052,
      "fcf_margin_change": 0.31551738854717704
    },
    {
      "date": "2021-12-31T00:00:00",
      "quarter_label": "2021-12 (Q4)",
      "revenue": 75741000,
      "gross_profit": 52122000,
      "operating_income": 20180000,
      "net_income": 19859000,
      "opex": 31942000,
      "cogs": 23619000,
      "rd": 15852000,
      "sga": 16090000,
      "fcf": 13854000,
      "ocf": 24665000,
      "capex": -10811000,
      "gross_margin": 0.6881609696201529,
      "op_margin": 0.26643429582392625,
      "fcf_margin": 0.18291282132530598,
      "op_leverage_ratio": 1.2892246450481908,
      "fcf_margin_change": -0.060530672939238916
    },
    {
      "date": "2022-03-31T00:00:00",
      "quarter_label": "2022-03 (Q1)",
      "revenue": 70253000,
      "gross_profit": 45233000,
      "operating_income": 6060000,
      "net_income": 6140000,
      "opex": 39173000,
      "cogs": 25020000,
      "rd": 20595000,
      "sga": 18578000,
      "fcf": 12576000,
      "ocf": 20028000,
      "capex": -7452000,
      "gross_margin": 0.6438586252544375,
      "op_margin": 0.08625966150911704,
      "fcf_margin": 0.1790101490327815,
      "incr_op_margin_yoy": 0.27501368442280544,
      "rev_growth_yoy": 0.976619211074222,
      "fcf_margin_change": -0.003902672292524473
    },
    {
      "date": "2022-06-30T00:00:00",
      "quarter_label": "2022-06 (Q2)",
      "revenue": 79418000,
      "gross_profit": 52674000,
      "operating_income": 12281000,
      "net_income": 12859000,
      "opex": 40393000,
      "cogs": 26744000,
      "rd": 22017000,
      "sga": 18376000,
      "fcf": 5520000,
      "ocf": 15309000,
      "capex": -9789000,
      "gross_margin": 0.663250144803445,
      "op_margin": 0.15463748772318617,
      "fcf_margin": 0.06950565363015941,
      "incr_op_margin_yoy": 0.2922799381478724,
      "rev_growth_yoy": 0.7848345918734269,
      "rev_growth_yoy_accel": -0.19178461920079515,
      "op_leverage_ratio": 4.188847953053986,
      "fcf_margin_change": -0.1095044954026221
    },
    {
      "date": "2022-09-30T00:00:00",
      "quarter_label": "2022-09 (Q3)",
      "revenue": 73095000,
      "gross_profit": 47296000,
      "operating_income": 3532000,
      "net_income": 5783000,
      "opex": 43764000,
      "cogs": 25799000,
      "rd": 23878000,
      "sga": 19886000,
      "fcf": -8155000,
      "ocf": -392000,
      "capex": -7763000,
      "gross_margin": 0.647048361721048,
      "op_margin": 0.048320678568985566,
      "fcf_margin": -0.11156713865517477,
      "incr_op_margin_yoy": -1.0472878998609179,
      "rev_growth_yoy": 0.1597042631169779,
      "rev_growth_yoy_accel": -0.6251303287564489,
      "fcf_margin_change": -0.18107279228533418
    },
    {
      "date": "2022-12-31T00:00:00",
      "quarter_label": "2022-12 (Q4)",
      "revenue": 60839000,
      "gross_profit": 37759000,
      "operating_income": -5732000,
      "net_income": -1528000,
      "opex": 43491000,
      "cogs": 23080000,
      "rd": 23798000,
      "sga": 19693000,
      "fcf": -1982000,
      "ocf": 4807000,
      "capex": -6789000,
      "gross_margin": 0.6206380775489406,
      "op_margin": -0.09421588126037575,
      "fcf_margin": -0.03257778727461003,
      "incr_op_margin_yoy": 1.738827003086834,
      "rev_growth_yoy": -0.19674944877939293,
      "rev_growth_yoy_accel": -0.3564537118963709,
      "fcf_margin_change": 0.07898935138056473
    },
    {
      "date": "2023-03-31T00:00:00",
      "quarter_label": "2023-03 (Q1)",
      "revenue": 38343000,
      "gross_profit": 23041000,
      "operating_income": -22149000,
      "net_income": -16490000,
      "opex": 45190000,
      "cogs": 15302000,
      "rd": 24457000,
      "sga": 20733000,
      "fcf": 9855000,
      "ocf": 11949000,
      "capex": -2094000,
      "gross_margin": 0.6009180293665076,
      "op_margin": -0.5776543306470542,
      "fcf_margin": 0.25702214224239106,
      "incr_op_margin_yoy": 0.8840175493575682,
      "rev_growth_yoy": -0.4542154783425619,
      "rev_growth_yoy_accel": -0.25746602956316894,
      "fcf_margin_change": 0.2895999295170011
    },
    {
      "date": "2023-06-30T00:00:00",
      "quarter_label": "2023-06 (Q2)",
      "revenue": 27728000,
      "gross_profit": 15438000,
      "operating_income": -32405000,
      "net_income": -25922000,
      "opex": 47843000,
      "cogs": 12290000,
      "rd": 26567000,
      "sga": 21276000,
      "fcf": -1514000,
      "ocf": 68000,
      "capex": -1582000,
      "gross_margin": 0.5567657241777265,
      "op_margin": -1.1686742642815926,
      "fcf_margin": -0.05460184650894403,
      "incr_op_margin_yoy": 0.8644999032694912,
      "rev_growth_yoy": -0.650860006547634,
      "rev_growth_yoy_accel": -0.1966445282050721,
      "fcf_margin_change": -0.31162398875133507
    },
    {
      "date": "2023-09-30T00:00:00",
      "quarter_label": "2023-09 (Q3)",
      "revenue": 35520000,
      "gross_profit": 19917000,
      "operating_income": -25177000,
      "net_income": -18125000,
      "opex": 45094000,
      "cogs": 15603000,
      "rd": 23647000,
      "sga": 21447000,
      "fcf": -4985000,
      "ocf": -2555000,
      "capex": -2430000,
      "gross_margin": 0.5607263513513514,
      "op_margin": -0.7088119369369369,
      "fcf_margin": -0.14034346846846846,
      "incr_op_margin_yoy": 0.7640452428476381,
      "rev_growth_yoy": -0.5140570490457623,
      "rev_growth_yoy_accel": 0.13680295750187166,
      "op_leverage_ratio": null,
      "fcf_margin_change": -0.08574162195952442
    },
    {
      "date": "2023-12-31T00:00:00",
      "quarter_label": "2023-12 (Q4)",
      "revenue": 42403000,
      "gross_profit": 23693000,
      "operating_income": -27468000,
      "net_income": -19998000,
      "opex": 51161000,
      "cogs": 18710000,
      "rd": 22918000,
      "sga": 20515000,
      "fcf": -4245000,
      "ocf": -1406000,
      "capex": -2839000,
      "gross_margin": 0.5587576350729901,
      "op_margin": -0.6477843548805509,
      "fcf_margin": -0.10011084121406505,
      "incr_op_margin_yoy": 1.1789976133651552,
      "rev_growth_yoy": -0.3030293068590871,
      "rev_growth_yoy_accel": 0.21102774218667525,
      "op_leverage_ratio": 1.4402887816529237,
      "fcf_margin_change": 0.04023262725440341
    },
    {
      "date": "2024-03-31T00:00:00",
      "quarter_label": "2024-03 (Q1)",
      "revenue": 33022000,
      "gross_profit": 17661000,
      "operating_income": -35038000,
      "net_income": -28704000,
      "opex": 52699000,
      "cogs": 15361000,
      "rd": 25544000,
      "sga": 23913000,
      "fcf": -1178000,
      "ocf": 1729000,
      "capex": -2907000,
      "gross_margin": 0.5348252680031494,
      "op_margin": -1.061050208951608,
      "fcf_margin": -0.03567318757192175,
      "incr_op_margin_yoy": 2.4222890434128925,
      "rev_growth_yoy": -0.13877370054507993,
      "rev_growth_yoy_accel": 0.16425560631400715,
      "fcf_margin_change": 0.0644376536421433
    },
    {
      "date": "2024-06-30T00:00:00",
      "quarter_label": "2024-06 (Q2)",
      "revenue": 43866000,
      "gross_profit": 21523000,
      "operating_income": -32320000,
      "net_income": -26769000,
      "opex": 53843000,
      "cogs": 22343000,
      "rd": 25490000,
      "sga": 25190000,
      "fcf": -2744000,
      "ocf": -181000,
      "capex": -2563000,
      "gross_margin": 0.4906533533944285,
      "op_margin": -0.736789312907491,
      "fcf_margin": -0.0625541421602152,
      "incr_op_margin_yoy": 0.005267071508241418,
      "rev_growth_yoy": 0.5820109636468551,
      "rev_growth_yoy_accel": 0.7207846641919351,
      "op_leverage_ratio": 15.127337125959256,
      "fcf_margin_change": -0.026880954588293447
    },
    {
      "date": "2024-09-30T00:00:00",
      "quarter_label": "2024-09 (Q3)",
      "revenue": 57698000,
      "gross_profit": 29467000,
      "operating_income": -24863000,
      "net_income": -19315000,
      "opex": 54330000,
      "cogs": 28231000,
      "rd": 26489000,
      "sga": 25359000,
      "fcf": -6707000,
      "ocf": 8150000,
      "capex": -14857000,
      "gross_margin": 0.5107109431869389,
      "op_margin": -0.43091614960657215,
      "fcf_margin": -0.11624319733786266,
      "incr_op_margin_yoy": 0.014158174767787898,
      "rev_growth_yoy": 0.6243806306306307,
      "rev_growth_yoy_accel": 0.042369666983775534,
      "op_leverage_ratio": 34.862396222357596,
      "fcf_margin_change": -0.053689055177647466
    },
    {
      "date": "2024-12-31T00:00:00",
      "quarter_label": "2024-12 (Q4)",
      "revenue": 68111000,
      "gross_profit": 35844000,
      "operating_income": -23019000,
      "net_income": -18813000,
      "opex": 58863000,
      "cogs": 32267000,
      "rd": 29332000,
      "sga": 27695000,
      "fcf": -2398000,
      "ocf": 13492000,
      "capex": -15890000,
      "gross_margin": 0.5262586072734213,
      "op_margin": -0.3379630309347976,
      "fcf_margin": -0.03520723524834461,
      "incr_op_margin_yoy": 0.1730589699704372,
      "rev_growth_yoy": 0.6062778576987478,
      "rev_growth_yoy_accel": -0.018102772931882893,
      "op_leverage_ratio": 2.1630626334124927,
      "fcf_margin_change": 0.08103596208951805
    },
    {
      "date": "2025-03-31T00:00:00",
      "quarter_label": "2025-03 (Q1)",
      "revenue": 60314000,
      "gross_profit": 30336000,
      "operating_income": -28108000,
      "net_income": -23877000,
      "opex": 58444000,
      "cogs": 29978000,
      "rd": 30026000,
      "sga": 26856000,
      "fcf": -1276000,
      "ocf": 15034000,
      "capex": -16310000,
      "gross_margin": 0.5029678018370528,
      "op_margin": -0.466027787909938,
      "fcf_margin": -0.021155950525582782,
      "incr_op_margin_yoy": 0.25392056280228636,
      "rev_growth_yoy": 0.8264793168190903,
      "rev_growth_yoy_accel": 0.2202014591203425,
      "fcf_margin_change": 0.01405128472276183
    },
    {
      "date": "2025-06-30T00:00:00",
      "quarter_label": "2025-06 (Q2)",
      "revenue": 69494000,
      "gross_profit": 36052000,
      "operating_income": -24611000,
      "net_income": -20179000,
      "opex": 60663000,
      "cogs": 33442000,
      "rd": 30563000,
      "sga": 28228000,
      "fcf": -2893000,
      "ocf": 15342000,
      "capex": -18235000,
      "gross_margin": 0.5187785995913317,
      "op_margin": -0.35414568164158056,
      "fcf_margin": -0.041629493193657004,
      "incr_op_margin_yoy": 0.300803808334634,
      "rev_growth_yoy": 0.5842338029453336,
      "rev_growth_yoy_accel": -0.2422455138737567,
      "op_leverage_ratio": 4.008733444739691,
      "fcf_margin_change": -0.020473542668074222
    },
    {
      "date": "2025-09-30T00:00:00",
      "quarter_label": "2025-09 (Q3)",
      "revenue": 83567000,
      "gross_profit": 44717000,
      "operating_income": -16021000,
      "net_income": -8014000,
      "opex": 60738000,
      "cogs": 38850000,
      "rd": 30009000,
      "sga": 30603000,
      "fcf": 26308000,
      "ocf": 31402000,
      "capex": -5094000,
      "gross_margin": 0.5351035695908672,
      "op_margin": -0.19171443273062333,
      "fcf_margin": 0.3148132636088408,
      "incr_op_margin_yoy": 0.341799064517376,
      "rev_growth_yoy": 0.44835176262608756,
      "rev_growth_yoy_accel": -0.135882040319246,
      "op_leverage_ratio": 163.79551213054364,
      "fcf_margin_change": 0.3564427568024978
    },
    {
      "date": "2025-12-31T00:00:00",
      "quarter_label": "2025-12 (Q4)",
      "revenue": 113285000,
      "gross_profit": 63881000,
      "operating_income": 1764000,
      "net_income": 9167000,
      "opex": 62117000,
      "cogs": 49404000,
      "rd": 28295000,
      "sga": 30815000,
      "fcf": 12987000,
      "ocf": 25376000,
      "capex": -12389000,
      "gross_margin": 0.5638963675685219,
      "op_margin": 0.015571346603698636,
      "fcf_margin": 0.11464006708743435,
      "incr_op_margin_yoy": 0.5486120334705804,
      "rev_growth_yoy": 0.6632408862004668,
      "rev_growth_yoy_accel": 0.21488912357437928,
      "op_leverage_ratio": 15.663217833930426,
      "fcf_margin_change": -0.20017319652140647
    }
  ],
  "signals": [
    {
      "quarter": "2025-12 (Q4)",
      "signal": "OPERATING LEVERAGE",
      "detail": "Rev growth +35.6% vs OpEx growth +2.3% (leverage: 15.7x)",
      "severity": "MEDIUM"
    },
    {
      "quarter": "2025-12 (Q4)",
      "signal": "YoY REVENUE GROWTH ACCELERATION",
      "detail": "YoY growth: +66.3% vs prior quarter YoY: +44.8% (accel: +21.5%)",
      "severity": "HIGH"
    },
    {
      "quarter": "2025-12 (Q4)",
      "signal": "OP MARGIN TURNED POSITIVE (YoY)",
      "detail": "Op margin: -33.8% (year-ago) -> +1.6%",
      "severity": "HIGH"
    },
    {
      "quarter": "2025-12 (Q4)",
      "signal": "OP MARGIN TURNED POSITIVE (QoQ)",
      "detail": "Op margin: -19.2% -> +1.6%",
      "severity": "HIGH"
    },
    {
      "quarter": "2025-09 (Q3)",
      "signal": "FCF TURNED POSITIVE",
      "detail": "FCF margin: -4.2% -> +31.5%",
      "severity": "HIGH"
    },
    {
      "quarter": "2025-09 (Q3)",
      "signal": "OPERATING LEVERAGE",
      "detail": "Rev growth +20.3% vs OpEx growth +0.1% (leverage: 163.8x)",
      "severity": "MEDIUM"
    },
    {
      "quarter": "2025-09 (Q3)",
      "signal": "YoY REVENUE GROWTH DECELERATION",
      "detail": "YoY growth: +44.8% vs prior quarter YoY: +58.4% (decel: -13.6%)",
      "severity": "WARNING"
    },
    {
      "quarter": "2025-06 (Q2)",
      "signal": "OPERATING LEVERAGE",
      "detail": "Rev growth +15.2% vs OpEx growth +3.8% (leverage: 4.0x)",
      "severity": "MEDIUM"
    },
    {
      "quarter": "2025-06 (Q2)",
      "signal": "YoY REVENUE GROWTH DECELERATION",
      "detail": "YoY growth: +58.4% vs prior quarter YoY: +82.6% (decel: -24.2%)",
      "severity": "WARNING"
    },
    {
      "quarter": "2025-03 (Q1)",
      "signal": "YoY REVENUE GROWTH ACCELERATION",
      "detail": "YoY growth: +82.6% vs prior quarter YoY: +60.6% (accel: +22.0%)",
      "severity": "HIGH"
    },
    {
      "quarter": "2024-12 (Q4)",
      "signal": "FCF MARGIN EXPANSION",
      "detail": "FCF margin: -11.6% -> -3.5% (+8.1%)",
      "severity": "MEDIUM"
    },
    {
      "quarter": "2024-12 (Q4)",
      "signal": "OPERATING LEVERAGE",
      "detail": "Rev growth +18.0% vs OpEx growth +8.3% (leverage: 2.2x)",
      "severity": "MEDIUM"
    },
    {
      "quarter": "2024-09 (Q3)",
      "signal": "OPERATING LEVERAGE",
      "detail": "Rev growth +31.5% vs OpEx growth +0.9% (leverage: 34.9x)",
      "severity": "MEDIUM"
    },
    {
      "quarter": "2024-09 (Q3)",
      "signal": "GROSS MARGIN INFLECTION",
      "detail": "GM: +53.5% -> +49.1% -> +51.1% (reversal +2.0%)",
      "severity": "MEDIUM"
    },
    {
      "quarter": "2024-06 (Q2)",
      "signal": "OPERATING LEVERAGE",
      "detail": "Rev growth +32.8% vs OpEx growth +2.2% (leverage: 15.1x)",
      "severity": "MEDIUM"
    },
    {
      "quarter": "2024-06 (Q2)",
      "signal": "YoY REVENUE GROWTH ACCELERATION",
      "detail": "YoY growth: +58.2% vs prior quarter YoY: -13.9% (accel: +72.1%)",
      "severity": "HIGH"
    },
    {
      "quarter": "2024-03 (Q1)",
      "signal": "FCF MARGIN EXPANSION",
      "detail": "FCF margin: -10.0% -> -3.6% (+6.4%)",
      "severity": "MEDIUM"
    },
    {
      "quarter": "2024-03 (Q1)",
      "signal": "YoY REVENUE GROWTH ACCELERATION",
      "detail": "YoY growth: -13.9% vs prior quarter YoY: -30.3% (accel: +16.4%)",
      "severity": "HIGH"
    },
    {
      "quarter": "2023-12 (Q4)",
      "signal": "YoY REVENUE GROWTH ACCELERATION",
      "detail": "YoY growth: -30.3% vs prior quarter YoY: -51.4% (accel: +21.1%)",
      "severity": "HIGH"
    },
    {
      "quarter": "2023-09 (Q3)",
      "signal": "YoY REVENUE GROWTH ACCELERATION",
      "detail": "YoY growth: -51.4% vs prior quarter YoY: -65.1% (accel: +13.7%)",
      "severity": "MEDIUM"
    },
    {
      "quarter": "2023-06 (Q2)",
      "signal": "YoY REVENUE GROWTH DECELERATION",
      "detail": "YoY growth: -65.1% vs prior quarter YoY: -45.4% (decel: -19.7%)",
      "severity": "WARNING"
    },
    {
      "quarter": "2023-03 (Q1)",
      "signal": "FCF TURNED POSITIVE",
      "detail": "FCF margin: -3.3% -> +25.7%",
      "severity": "HIGH"
    },
    {
      "quarter": "2023-03 (Q1)",
      "signal": "YoY REVENUE GROWTH DECELERATION",
      "detail": "YoY growth: -45.4% vs prior quarter YoY: -19.7% (decel: -25.7%)",
      "severity": "WARNING"
    },
    {
      "quarter": "2022-12 (Q4)",
      "signal": "FCF MARGIN EXPANSION",
      "detail": "FCF margin: -11.2% -> -3.3% (+7.9%)",
      "severity": "MEDIUM"
    },
    {
      "quarter": "2022-12 (Q4)",
      "signal": "YoY REVENUE GROWTH DECELERATION",
      "detail": "YoY growth: -19.7% vs prior quarter YoY: +16.0% (decel: -35.6%)",
      "severity": "WARNING"
    },
    {
      "quarter": "2022-09 (Q3)",
      "signal": "YoY REVENUE GROWTH DECELERATION",
      "detail": "YoY growth: +16.0% vs prior quarter YoY: +78.5% (decel: -62.5%)",
      "severity": "WARNING"
    },
    {
      "quarter": "2022-06 (Q2)",
      "signal": "OPERATING LEVERAGE",
      "detail": "Rev growth +13.0% vs OpEx growth +3.1% (leverage: 4.2x)",
      "severity": "MEDIUM"
    },
    {
      "quarter": "2022-06 (Q2)",
      "signal": "YoY REVENUE GROWTH DECELERATION",
      "detail": "YoY growth: +78.5% vs prior quarter YoY: +97.7% (decel: -19.2%)",
      "severity": "WARNING"
    },
    {
      "quarter": "2022-06 (Q2)",
      "signal": "INCREMENTAL MARGIN (YoY)",
      "detail": "YoY Incr OPM: +29.2% vs year-ago OPM: +4.7%",
      "severity": "HIGH"
    },
    {
      "quarter": "2022-03 (Q1)",
      "signal": "OP MARGIN TURNED POSITIVE (YoY)",
      "detail": "Op margin: -9.8% (year-ago) -> +8.6%",
      "severity": "HIGH"
    },
    {
      "quarter": "2021-09 (Q3)",
      "signal": "FCF TURNED POSITIVE",
      "detail": "FCF margin: -7.2% -> +24.3%",
      "severity": "HIGH"
    },
    {
      "quarter": "2021-09 (Q3)",
      "signal": "OPERATING LEVERAGE",
      "detail": "Rev growth +41.7% vs OpEx growth +11.6% (leverage: 3.6x)",
      "severity": "MEDIUM"
    },
    {
      "quarter": "2021-06 (Q2)",
      "signal": "OPERATING LEVERAGE",
      "detail": "Rev growth +25.2% vs OpEx growth +11.0% (leverage: 2.3x)",
      "severity": "MEDIUM"
    },
    {
      "quarter": "2021-06 (Q2)",
      "signal": "OP MARGIN TURNED POSITIVE (QoQ)",
      "detail": "Op margin: -9.8% -> +4.7%",
      "severity": "HIGH"
    }
  ],
  "data_quality": {
    "n_quarters": 20,
    "coverage": {
      "revenue": [
        20,
        20
      ],
      "gross_profit": [
        20,
        20
      ],
      "op_income": [
        20,
        20
      ],
      "fcf": [
        20,
        20
      ]
    },
    "gaps": [],
    "warnings": []
  },
  "market_cap": null,
  "source": "SEC EDGAR",
  "last_updated": "2026-02-24T11:00:57.087925"
}