{
  "ticker": "SJM",
  "name": "The J. M. Smucker Company",
  "quarters": [
    {
      "date": "2021-01-31T00:00:00",
      "quarter_label": "2021-01 (Q1)",
      "revenue": 2076700000,
      "gross_profit": 809400000,
      "operating_income": 406200000,
      "net_income": 261500000,
      "opex": 403200000,
      "cogs": 1267300000,
      "rd": null,
      "sga": 371700000,
      "fcf": 416600000,
      "ocf": 486300000,
      "capex": -69700000,
      "gross_margin": 0.3897529734675206,
      "op_margin": 0.19559878653633167,
      "fcf_margin": 0.20060673183415997
    },
    {
      "date": "2021-04-30T00:00:00",
      "quarter_label": "2021-04 (Q2)",
      "revenue": 1920200000,
      "gross_profit": 735700000,
      "operating_income": 238700000,
      "net_income": 147000000,
      "opex": 497000000,
      "cogs": 1184500000,
      "rd": null,
      "sga": 411100000,
      "fcf": 183000000,
      "ocf": 291000000,
      "capex": -108000000,
      "gross_margin": 0.38313717321112384,
      "op_margin": 0.1243099677116967,
      "fcf_margin": 0.09530257264868243,
      "fcf_margin_change": -0.10530415918547754
    },
    {
      "date": "2021-07-31T00:00:00",
      "quarter_label": "2021-07 (Q3)",
      "revenue": 1858000000,
      "gross_profit": 639400000,
      "operating_income": 259400000,
      "net_income": 153900000,
      "opex": 380000000,
      "cogs": 1218600000,
      "rd": null,
      "sga": 324000000,
      "fcf": 69800000,
      "ocf": 137800000,
      "capex": -68000000,
      "gross_margin": 0.3441334768568353,
      "op_margin": 0.13961248654467168,
      "fcf_margin": 0.03756727664155005,
      "fcf_margin_change": -0.057735296007132376
    },
    {
      "date": "2021-10-31T00:00:00",
      "quarter_label": "2021-10 (Q4)",
      "revenue": 2050000000,
      "gross_profit": 711500000,
      "operating_income": 311800000,
      "net_income": 206000000,
      "opex": 399700000,
      "cogs": 1338500000,
      "rd": null,
      "sga": 347700000,
      "fcf": 105900000,
      "ocf": 165100000,
      "capex": -59200000,
      "gross_margin": 0.3470731707317073,
      "op_margin": 0.15209756097560975,
      "fcf_margin": 0.05165853658536585,
      "op_leverage_ratio": 1.9933010223317469,
      "fcf_margin_change": 0.014091259943815798
    },
    {
      "date": "2022-01-31T00:00:00",
      "quarter_label": "2022-01 (Q1)",
      "revenue": 2057100000,
      "gross_profit": 683100000,
      "operating_income": 150600000,
      "net_income": 69700000,
      "opex": 532500000,
      "cogs": 1374000000,
      "rd": null,
      "sga": 336000000,
      "fcf": 322400000,
      "ocf": 439700000,
      "capex": -117300000,
      "gross_margin": 0.3320694181128774,
      "op_margin": 0.07320985853871956,
      "fcf_margin": 0.15672548733654174,
      "incr_op_margin_yoy": 13.040816326530612,
      "rev_growth_yoy": -0.00943805075359946,
      "fcf_margin_change": 0.10506695075117589
    },
    {
      "date": "2022-04-30T00:00:00",
      "quarter_label": "2022-04 (Q2)",
      "revenue": 2033800000,
      "gross_profit": 666700000,
      "operating_income": 302000000,
      "net_income": 202100000,
      "opex": 364700000,
      "cogs": 1367100000,
      "rd": null,
      "sga": 352600000,
      "fcf": 220700000,
      "ocf": 393700000,
      "capex": -173000000,
      "gross_margin": 0.3278100108171895,
      "op_margin": 0.14849051037466812,
      "fcf_margin": 0.10851607827711672,
      "incr_op_margin_yoy": 0.5572183098591549,
      "rev_growth_yoy": 0.05916050411415478,
      "rev_growth_yoy_accel": 0.06859855486775424,
      "fcf_margin_change": -0.048209409059425015
    },
    {
      "date": "2022-07-31T00:00:00",
      "quarter_label": "2022-07 (Q3)",
      "revenue": 1873000000,
      "gross_profit": 552500000,
      "operating_income": 179700000,
      "net_income": 109800000,
      "opex": 372800000,
      "cogs": 1320500000,
      "rd": null,
      "sga": 343800000,
      "fcf": -127300000,
      "ocf": -39000000,
      "capex": -88300000,
      "gross_margin": 0.294981313400961,
      "op_margin": 0.09594233849439401,
      "fcf_margin": -0.06796583021890017,
      "incr_op_margin_yoy": -5.3133333333333335,
      "rev_growth_yoy": 0.008073196986006458,
      "rev_growth_yoy_accel": -0.051087307128148324,
      "fcf_margin_change": -0.1764819084960169
    },
    {
      "date": "2022-10-31T00:00:00",
      "quarter_label": "2022-10 (Q4)",
      "revenue": 2205100000,
      "gross_profit": 701100000,
      "operating_income": 293400000,
      "net_income": 191100000,
      "opex": 407700000,
      "cogs": 1504000000,
      "rd": null,
      "sga": 354300000,
      "fcf": 102900000,
      "ocf": 205000000,
      "capex": -102100000,
      "gross_margin": 0.3179447644097773,
      "op_margin": 0.1330551902408054,
      "fcf_margin": 0.04666455036052787,
      "incr_op_margin_yoy": -0.11863313990973566,
      "rev_growth_yoy": 0.07565853658536585,
      "rev_growth_yoy_accel": 0.06758533959935939,
      "op_leverage_ratio": 1.8940069789819742,
      "fcf_margin_change": 0.11463038057942804
    },
    {
      "date": "2023-01-31T00:00:00",
      "quarter_label": "2023-01 (Q1)",
      "revenue": 2216300000,
      "gross_profit": 755800000,
      "operating_income": 317900000,
      "net_income": 208500000,
      "opex": 437900000,
      "cogs": 1460500000,
      "rd": null,
      "sga": 380900000,
      "fcf": 442700000,
      "ocf": 584600000,
      "capex": -141900000,
      "gross_margin": 0.3410188151423544,
      "op_margin": 0.14343726029869602,
      "fcf_margin": 0.19974732662545686,
      "incr_op_margin_yoy": 1.0508793969849246,
      "rev_growth_yoy": 0.07739050119099704,
      "rev_growth_yoy_accel": 0.0017319646056311866,
      "fcf_margin_change": 0.153082776264929
    },
    {
      "date": "2023-04-30T00:00:00",
      "quarter_label": "2023-04 (Q2)",
      "revenue": 2234800000,
      "gross_profit": 792400000,
      "operating_income": -633500000,
      "net_income": -600700000,
      "opex": 1425900000,
      "cogs": 1442400000,
      "rd": null,
      "sga": 376000000,
      "fcf": 298700000,
      "ocf": 443800000,
      "capex": -145100000,
      "gross_margin": 0.35457311616252013,
      "op_margin": -0.2834705566493646,
      "fcf_margin": 0.1336584929300161,
      "incr_op_margin_yoy": -4.654228855721393,
      "rev_growth_yoy": 0.09882977677254401,
      "rev_growth_yoy_accel": 0.02143927558154697,
      "fcf_margin_change": -0.06608883369544075
    },
    {
      "date": "2023-07-31T00:00:00",
      "quarter_label": "2023-07 (Q3)",
      "revenue": 1805200000,
      "gross_profit": 654800000,
      "operating_income": 303500000,
      "net_income": 183600000,
      "opex": 351300000,
      "cogs": 1150400000,
      "rd": null,
      "sga": 313600000,
      "fcf": 67600000,
      "ocf": 217900000,
      "capex": -150300000,
      "gross_margin": 0.36272989142477285,
      "op_margin": 0.1681254154664303,
      "fcf_margin": 0.03744737425216042,
      "incr_op_margin_yoy": -1.8259587020648969,
      "rev_growth_yoy": -0.036198611852642816,
      "rev_growth_yoy_accel": -0.13502838862518682,
      "fcf_margin_change": -0.09621111867785569
    },
    {
      "date": "2023-10-31T00:00:00",
      "quarter_label": "2023-10 (Q4)",
      "revenue": 1938600000,
      "gross_profit": 724200000,
      "operating_income": 298900000,
      "net_income": 194900000,
      "opex": 425300000,
      "cogs": 1214400000,
      "rd": null,
      "sga": 333500000,
      "fcf": 28200000,
      "ocf": 176900000,
      "capex": -148700000,
      "gross_margin": 0.37356855462705046,
      "op_margin": 0.15418343134220572,
      "fcf_margin": 0.014546580006190035,
      "incr_op_margin_yoy": -0.020637898686679174,
      "rev_growth_yoy": -0.12085619699786858,
      "rev_growth_yoy_accel": -0.08465758514522576,
      "op_leverage_ratio": 0.3508140147681473,
      "fcf_margin_change": -0.02290079424597039
    },
    {
      "date": "2024-01-31T00:00:00",
      "quarter_label": "2024-01 (Q1)",
      "revenue": 2229200000,
      "gross_profit": 823100000,
      "operating_income": 297400000,
      "net_income": 120400000,
      "opex": 525700000,
      "cogs": 1406100000,
      "rd": null,
      "sga": 374200000,
      "fcf": 249600000,
      "ocf": 406500000,
      "capex": -156900000,
      "gross_margin": 0.36923560021532387,
      "op_margin": 0.13341108917997488,
      "fcf_margin": 0.11196841916382559,
      "incr_op_margin_yoy": -1.5891472868217054,
      "rev_growth_yoy": 0.00582051166358345,
      "rev_growth_yoy_accel": 0.12667670866145203,
      "op_leverage_ratio": 0.6349931954838235,
      "fcf_margin_change": 0.09742183915763555
    },
    {
      "date": "2024-04-30T00:00:00",
      "quarter_label": "2024-04 (Q2)",
      "revenue": 2205700000,
      "gross_profit": 913300000,
      "operating_income": 406000000,
      "net_income": 245100000,
      "opex": 507300000,
      "cogs": 1292400000,
      "rd": null,
      "sga": 424900000,
      "fcf": 297500000,
      "ocf": 428100000,
      "capex": -130600000,
      "gross_margin": 0.4140635625878406,
      "op_margin": 0.18406854966677244,
      "fcf_margin": 0.13487781656616946,
      "incr_op_margin_yoy": -35.72164948453608,
      "rev_growth_yoy": -0.013021299445140504,
      "rev_growth_yoy_accel": -0.018841811108723953,
      "fcf_margin_change": 0.022909397402343865
    },
    {
      "date": "2024-07-31T00:00:00",
      "quarter_label": "2024-07 (Q3)",
      "revenue": 2125100000,
      "gross_profit": 797200000,
      "operating_income": 349500000,
      "net_income": 185000000,
      "opex": 447700000,
      "cogs": 1327900000,
      "rd": null,
      "sga": 390100000,
      "fcf": 49200000,
      "ocf": 172900000,
      "capex": -123700000,
      "gross_margin": 0.37513528775116467,
      "op_margin": 0.16446284880711495,
      "fcf_margin": 0.023151851677568114,
      "incr_op_margin_yoy": 0.14379493591747422,
      "rev_growth_yoy": 0.17721028140926212,
      "rev_growth_yoy_accel": 0.19023158085440262,
      "fcf_margin_change": -0.11172596488860134
    },
    {
      "date": "2024-10-31T00:00:00",
      "quarter_label": "2024-10 (Q4)",
      "revenue": 2271200000,
      "gross_profit": 886100000,
      "operating_income": 169700000,
      "net_income": -24500000,
      "opex": 716400000,
      "cogs": 1385100000,
      "rd": null,
      "sga": 390700000,
      "fcf": 317200000,
      "ocf": 404200000,
      "capex": -87000000,
      "gross_margin": 0.3901461782317717,
      "op_margin": 0.07471821063754844,
      "fcf_margin": 0.13966185276505813,
      "incr_op_margin_yoy": -0.38845460012026456,
      "rev_growth_yoy": 0.17156711028577323,
      "rev_growth_yoy_accel": -0.005643171123488888,
      "op_leverage_ratio": 0.11454872843217588,
      "fcf_margin_change": 0.11651000108749002
    },
    {
      "date": "2025-01-31T00:00:00",
      "quarter_label": "2025-01 (Q1)",
      "revenue": 2186000000,
      "gross_profit": 878100000,
      "operating_income": -594000000,
      "net_income": -662300000,
      "opex": 1472100000,
      "cogs": 1307900000,
      "rd": null,
      "sga": 367600000,
      "fcf": 151300000,
      "ocf": 239400000,
      "capex": -88100000,
      "gross_margin": 0.4016925892040256,
      "op_margin": -0.2717291857273559,
      "fcf_margin": 0.0692131747483989,
      "incr_op_margin_yoy": 20.63425925925926,
      "rev_growth_yoy": -0.019379149470662122,
      "rev_growth_yoy_accel": -0.19094625975643537,
      "fcf_margin_change": -0.07044867801665923
    },
    {
      "date": "2025-04-30T00:00:00",
      "quarter_label": "2025-04 (Q2)",
      "revenue": 2143800000,
      "gross_profit": 823300000,
      "operating_income": -599100000,
      "net_income": -729000000,
      "opex": 1422400000,
      "cogs": 1320500000,
      "rd": null,
      "sga": 380600000,
      "fcf": 298900000,
      "ocf": 393900000,
      "capex": -95000000,
      "gross_margin": 0.3840376900830301,
      "op_margin": -0.2794570389028827,
      "fcf_margin": 0.1394253195260752,
      "incr_op_margin_yoy": 16.237479806138932,
      "rev_growth_yoy": -0.028063653262002993,
      "rev_growth_yoy_accel": -0.008684503791340871,
      "fcf_margin_change": 0.0702121447776763
    },
    {
      "date": "2025-07-31T00:00:00",
      "quarter_label": "2025-07 (Q3)",
      "revenue": 2113300000,
      "gross_profit": 474700000,
      "operating_income": 45600000,
      "net_income": -43900000,
      "opex": 429100000,
      "cogs": 1638600000,
      "rd": null,
      "sga": 377400000,
      "fcf": -94900000,
      "ocf": -10600000,
      "capex": -84300000,
      "gross_margin": 0.22462499408508022,
      "op_margin": 0.021577627407372357,
      "fcf_margin": -0.04490607107367624,
      "incr_op_margin_yoy": 25.75423728813559,
      "rev_growth_yoy": -0.005552679873888288,
      "rev_growth_yoy_accel": 0.022510973388114704,
      "fcf_margin_change": -0.18433139059975145
    },
    {
      "date": "2025-10-31T00:00:00",
      "quarter_label": "2025-10 (Q4)",
      "revenue": 2330100000,
      "gross_profit": 869900000,
      "operating_income": 418500000,
      "net_income": 241300000,
      "opex": 451400000,
      "cogs": 1460200000,
      "rd": null,
      "sga": 398200000,
      "fcf": 280200000,
      "ocf": 346500000,
      "capex": -66300000,
      "gross_margin": 0.3733316166688125,
      "op_margin": 0.17960602549246812,
      "fcf_margin": 0.1202523496845629,
      "incr_op_margin_yoy": 4.224108658743633,
      "rev_growth_yoy": 0.02593342726312082,
      "rev_growth_yoy_accel": 0.031486107137009105,
      "op_leverage_ratio": 1.9740210356828278,
      "fcf_margin_change": 0.16515842075823914
    }
  ],
  "signals": [
    {
      "quarter": "2025-10 (Q4)",
      "signal": "FCF TURNED POSITIVE",
      "detail": "FCF margin: -4.5% -> +12.0%",
      "severity": "HIGH"
    },
    {
      "quarter": "2025-10 (Q4)",
      "signal": "OPERATING LEVERAGE",
      "detail": "Rev growth +10.3% vs OpEx growth +5.2% (leverage: 2.0x)",
      "severity": "MEDIUM"
    },
    {
      "quarter": "2025-10 (Q4)",
      "signal": "GROSS MARGIN INFLECTION",
      "detail": "GM: +38.4% -> +22.5% -> +37.3% (reversal +14.9%)",
      "severity": "HIGH"
    },
    {
      "quarter": "2025-10 (Q4)",
      "signal": "INCREMENTAL MARGIN (YoY)",
      "detail": "YoY Incr OPM: +422.4% vs year-ago OPM: +7.5%",
      "severity": "HIGH"
    },
    {
      "quarter": "2025-07 (Q3)",
      "signal": "INCREMENTAL MARGIN (YoY)",
      "detail": "YoY Incr OPM: +2575.4% vs year-ago OPM: +16.4%",
      "severity": "HIGH"
    },
    {
      "quarter": "2025-07 (Q3)",
      "signal": "OP MARGIN TURNED POSITIVE (QoQ)",
      "detail": "Op margin: -27.9% -> +2.2%",
      "severity": "HIGH"
    },
    {
      "quarter": "2025-04 (Q2)",
      "signal": "FCF MARGIN EXPANSION",
      "detail": "FCF margin: +6.9% -> +13.9% (+7.0%)",
      "severity": "MEDIUM"
    },
    {
      "quarter": "2025-01 (Q1)",
      "signal": "YoY REVENUE GROWTH DECELERATION",
      "detail": "YoY growth: -1.9% vs prior quarter YoY: +17.2% (decel: -19.1%)",
      "severity": "WARNING"
    },
    {
      "quarter": "2024-10 (Q4)",
      "signal": "FCF MARGIN EXPANSION",
      "detail": "FCF margin: +2.3% -> +14.0% (+11.7%)",
      "severity": "MEDIUM"
    },
    {
      "quarter": "2024-07 (Q3)",
      "signal": "YoY REVENUE GROWTH ACCELERATION",
      "detail": "YoY growth: +17.7% vs prior quarter YoY: -1.3% (accel: +19.0%)",
      "severity": "HIGH"
    },
    {
      "quarter": "2024-04 (Q2)",
      "signal": "GROSS MARGIN INFLECTION",
      "detail": "GM: +37.4% -> +36.9% -> +41.4% (reversal +4.5%)",
      "severity": "MEDIUM"
    },
    {
      "quarter": "2024-04 (Q2)",
      "signal": "OP MARGIN TURNED POSITIVE (YoY)",
      "detail": "Op margin: -28.3% (year-ago) -> +18.4%",
      "severity": "HIGH"
    },
    {
      "quarter": "2024-01 (Q1)",
      "signal": "FCF MARGIN EXPANSION",
      "detail": "FCF margin: +1.5% -> +11.2% (+9.7%)",
      "severity": "MEDIUM"
    },
    {
      "quarter": "2024-01 (Q1)",
      "signal": "YoY REVENUE GROWTH ACCELERATION",
      "detail": "YoY growth: +0.6% vs prior quarter YoY: -12.1% (accel: +12.7%)",
      "severity": "MEDIUM"
    },
    {
      "quarter": "2023-10 (Q4)",
      "signal": "YoY REVENUE GROWTH DECELERATION",
      "detail": "YoY growth: -12.1% vs prior quarter YoY: -3.6% (decel: -8.5%)",
      "severity": "WARNING"
    },
    {
      "quarter": "2023-07 (Q3)",
      "signal": "YoY REVENUE GROWTH DECELERATION",
      "detail": "YoY growth: -3.6% vs prior quarter YoY: +9.9% (decel: -13.5%)",
      "severity": "WARNING"
    },
    {
      "quarter": "2023-07 (Q3)",
      "signal": "OP MARGIN TURNED POSITIVE (QoQ)",
      "detail": "Op margin: -28.3% -> +16.8%",
      "severity": "HIGH"
    },
    {
      "quarter": "2023-01 (Q1)",
      "signal": "FCF MARGIN EXPANSION",
      "detail": "FCF margin: +4.7% -> +20.0% (+15.3%)",
      "severity": "MEDIUM"
    },
    {
      "quarter": "2023-01 (Q1)",
      "signal": "INCREMENTAL MARGIN (YoY)",
      "detail": "YoY Incr OPM: +105.1% vs year-ago OPM: +7.3%",
      "severity": "HIGH"
    },
    {
      "quarter": "2022-10 (Q4)",
      "signal": "FCF TURNED POSITIVE",
      "detail": "FCF margin: -6.8% -> +4.7%",
      "severity": "HIGH"
    },
    {
      "quarter": "2022-10 (Q4)",
      "signal": "OPERATING LEVERAGE",
      "detail": "Rev growth +17.7% vs OpEx growth +9.4% (leverage: 1.9x)",
      "severity": "MEDIUM"
    },
    {
      "quarter": "2022-10 (Q4)",
      "signal": "GROSS MARGIN INFLECTION",
      "detail": "GM: +32.8% -> +29.5% -> +31.8% (reversal +2.3%)",
      "severity": "MEDIUM"
    },
    {
      "quarter": "2022-10 (Q4)",
      "signal": "YoY REVENUE GROWTH ACCELERATION",
      "detail": "YoY growth: +7.6% vs prior quarter YoY: +0.8% (accel: +6.8%)",
      "severity": "MEDIUM"
    },
    {
      "quarter": "2022-07 (Q3)",
      "signal": "YoY REVENUE GROWTH DECELERATION",
      "detail": "YoY growth: +0.8% vs prior quarter YoY: +5.9% (decel: -5.1%)",
      "severity": "WARNING"
    },
    {
      "quarter": "2022-04 (Q2)",
      "signal": "YoY REVENUE GROWTH ACCELERATION",
      "detail": "YoY growth: +5.9% vs prior quarter YoY: -0.9% (accel: +6.9%)",
      "severity": "MEDIUM"
    },
    {
      "quarter": "2022-04 (Q2)",
      "signal": "INCREMENTAL MARGIN (YoY)",
      "detail": "YoY Incr OPM: +55.7% vs year-ago OPM: +12.4%",
      "severity": "HIGH"
    },
    {
      "quarter": "2022-01 (Q1)",
      "signal": "FCF MARGIN EXPANSION",
      "detail": "FCF margin: +5.2% -> +15.7% (+10.5%)",
      "severity": "MEDIUM"
    },
    {
      "quarter": "2022-01 (Q1)",
      "signal": "INCREMENTAL MARGIN (YoY)",
      "detail": "YoY Incr OPM: +1304.1% vs year-ago OPM: +19.6%",
      "severity": "HIGH"
    },
    {
      "quarter": "2021-10 (Q4)",
      "signal": "OPERATING LEVERAGE",
      "detail": "Rev growth +10.3% vs OpEx growth +5.2% (leverage: 2.0x)",
      "severity": "MEDIUM"
    }
  ],
  "data_quality": {
    "n_quarters": 20,
    "coverage": {
      "revenue": [
        20,
        20
      ],
      "gross_profit": [
        20,
        20
      ],
      "op_income": [
        20,
        20
      ],
      "fcf": [
        20,
        20
      ]
    },
    "gaps": [],
    "warnings": []
  },
  "market_cap": null,
  "source": "SEC EDGAR",
  "last_updated": "2026-02-02T20:34:46.860773"
}