{
  "ticker": "SKIN",
  "name": "The Beauty Health Company",
  "quarters": [
    {
      "date": "2020-12-31T00:00:00",
      "quarter_label": "2020-12 (Q4)",
      "revenue": 37880000,
      "gross_profit": 23037000,
      "operating_income": 11261450,
      "net_income": 20570662,
      "opex": 27748000,
      "cogs": 14843000,
      "rd": 860000,
      "sga": null,
      "fcf": -2005476,
      "ocf": -1093476,
      "capex": -912000,
      "gross_margin": 0.6081573389651531,
      "op_margin": 0.2972927666314678,
      "fcf_margin": -0.0529428722280887
    },
    {
      "date": "2021-03-31T00:00:00",
      "quarter_label": "2021-03 (Q1)",
      "revenue": 47542000,
      "gross_profit": 31740000,
      "operating_income": -602319,
      "net_income": 13637202,
      "opex": 29358000,
      "cogs": 15802000,
      "rd": 1452000,
      "sga": null,
      "fcf": 443000,
      "ocf": 1261000,
      "capex": -818000,
      "gross_margin": 0.6676202094989694,
      "op_margin": -0.012669197761978881,
      "fcf_margin": 0.009318076648016491,
      "op_leverage_ratio": 4.396052522841008,
      "fcf_margin_change": 0.06226094887610519
    },
    {
      "date": "2021-06-30T00:00:00",
      "quarter_label": "2021-06 (Q2)",
      "revenue": 66508000,
      "gross_profit": 47251000,
      "operating_income": -26353000,
      "net_income": -139378000,
      "opex": 73604000,
      "cogs": 19257000,
      "rd": 2988000,
      "sga": null,
      "fcf": -37088000,
      "ocf": -33199000,
      "capex": -3889000,
      "gross_margin": 0.7104558850063151,
      "op_margin": -0.39623804655079087,
      "fcf_margin": -0.5576472003368016,
      "op_leverage_ratio": 0.26469805472017727,
      "fcf_margin_change": -0.5669652769848181
    },
    {
      "date": "2021-09-30T00:00:00",
      "quarter_label": "2021-09 (Q3)",
      "revenue": 68147000,
      "gross_profit": 46075000,
      "operating_income": -5456000,
      "net_income": -215145000,
      "opex": 51531000,
      "cogs": 22072000,
      "rd": 1880000,
      "sga": null,
      "fcf": 148000,
      "ocf": 298000,
      "capex": -150000,
      "gross_margin": 0.6761119344945485,
      "op_margin": -0.08006221843954979,
      "fcf_margin": 0.002171775720134415,
      "op_leverage_ratio": Infinity,
      "fcf_margin_change": 0.559818976056936
    },
    {
      "date": "2021-12-31T00:00:00",
      "quarter_label": "2021-12 (Q4)",
      "revenue": 77889000,
      "gross_profit": 56761000,
      "operating_income": -7212000,
      "net_income": -17311000,
      "opex": 63973000,
      "cogs": 21128000,
      "rd": 1875000,
      "sga": null,
      "fcf": -3065000,
      "ocf": 3279000,
      "capex": -6344000,
      "gross_margin": 0.7287421843906071,
      "op_margin": -0.09259330585833686,
      "fcf_margin": -0.03935087111145348,
      "incr_op_margin_yoy": -0.46173236021895075,
      "rev_growth_yoy": 1.0562038014783528,
      "op_leverage_ratio": 0.5920791350171987,
      "fcf_margin_change": -0.0415226468315879
    },
    {
      "date": "2022-03-31T00:00:00",
      "quarter_label": "2022-03 (Q1)",
      "revenue": 75415000,
      "gross_profit": 51937000,
      "operating_income": -12961000,
      "net_income": 32507000,
      "opex": 64898000,
      "cogs": 23478000,
      "rd": 2230000,
      "sga": null,
      "fcf": -41620000,
      "ocf": -38471000,
      "capex": -3149000,
      "gross_margin": 0.6886826228203938,
      "op_margin": -0.17186236159915136,
      "fcf_margin": -0.5518795995491613,
      "incr_op_margin_yoy": -0.4433925662827826,
      "rev_growth_yoy": 0.586281603634681,
      "rev_growth_yoy_accel": -0.46992219784367184,
      "fcf_margin_change": -0.5125287284377078
    },
    {
      "date": "2022-06-30T00:00:00",
      "quarter_label": "2022-06 (Q2)",
      "revenue": 103536000,
      "gross_profit": 71654000,
      "operating_income": -3413000,
      "net_income": 7931000,
      "opex": 75067000,
      "cogs": 31882000,
      "rd": 2601000,
      "sga": null,
      "fcf": -33763000,
      "ocf": -31335000,
      "capex": -2428000,
      "gross_margin": 0.692068459279864,
      "op_margin": -0.03296437953948385,
      "fcf_margin": -0.3260991346005254,
      "incr_op_margin_yoy": 0.6195311656044075,
      "rev_growth_yoy": 0.5567450532266794,
      "rev_growth_yoy_accel": -0.029536550408001516,
      "op_leverage_ratio": 2.379721261369066,
      "fcf_margin_change": 0.2257804649486359
    },
    {
      "date": "2022-09-30T00:00:00",
      "quarter_label": "2022-09 (Q3)",
      "revenue": 88792000,
      "gross_profit": 61575000,
      "operating_income": -4141000,
      "net_income": 131000,
      "opex": 65716000,
      "cogs": 27217000,
      "rd": 2167000,
      "sga": null,
      "fcf": -35704000,
      "ocf": -31401000,
      "capex": -4303000,
      "gross_margin": 0.6934746373547166,
      "op_margin": -0.046637084422020005,
      "fcf_margin": -0.4021082980448689,
      "incr_op_margin_yoy": 0.06369581012351659,
      "rev_growth_yoy": 0.30294803879847976,
      "rev_growth_yoy_accel": -0.2537970144281997,
      "fcf_margin_change": -0.0760091634443435
    },
    {
      "date": "2022-12-31T00:00:00",
      "quarter_label": "2022-12 (Q4)",
      "revenue": 98133000,
      "gross_profit": 65174000,
      "operating_income": -3765000,
      "net_income": 3815000,
      "opex": 68939000,
      "cogs": 32959000,
      "rd": 1446000,
      "sga": null,
      "fcf": -6360000,
      "ocf": -5393000,
      "capex": -967000,
      "gross_margin": 0.6641394841694435,
      "op_margin": -0.03836629879856929,
      "fcf_margin": -0.06481000275136804,
      "incr_op_margin_yoy": 0.17027267338470659,
      "rev_growth_yoy": 0.25990833108654626,
      "rev_growth_yoy_accel": -0.043039707711933495,
      "op_leverage_ratio": 2.145015076983089,
      "fcf_margin_change": 0.33729829529350086
    },
    {
      "date": "2023-03-31T00:00:00",
      "quarter_label": "2023-03 (Q1)",
      "revenue": 86278000,
      "gross_profit": 54104000,
      "operating_income": -17310000,
      "net_income": -22285000,
      "opex": 71414000,
      "cogs": 32174000,
      "rd": 2336000,
      "sga": null,
      "fcf": -15329000,
      "ocf": -13010000,
      "capex": -2319000,
      "gross_margin": 0.6270891768469367,
      "op_margin": -0.2006305199471476,
      "fcf_margin": -0.1776698579012031,
      "incr_op_margin_yoy": -0.40034981128601677,
      "rev_growth_yoy": 0.14404296227540941,
      "rev_growth_yoy_accel": -0.11586536881113685,
      "fcf_margin_change": -0.11285985514983506
    },
    {
      "date": "2023-06-30T00:00:00",
      "quarter_label": "2023-06 (Q2)",
      "revenue": 117479000,
      "gross_profit": 67876000,
      "operating_income": -13146000,
      "net_income": 3364000,
      "opex": 81022000,
      "cogs": 49603000,
      "rd": 2881000,
      "sga": null,
      "fcf": 20662000,
      "ocf": 21966000,
      "capex": -1304000,
      "gross_margin": 0.5777713463682871,
      "op_margin": -0.11190085036474604,
      "fcf_margin": 0.17587824206879527,
      "incr_op_margin_yoy": -0.6980563723732339,
      "rev_growth_yoy": 0.13466813475506104,
      "rev_growth_yoy_accel": -0.009374827520348378,
      "op_leverage_ratio": 2.6879352893080997,
      "fcf_margin_change": 0.35354809996999836
    },
    {
      "date": "2023-09-30T00:00:00",
      "quarter_label": "2023-09 (Q3)",
      "revenue": 97413000,
      "gross_profit": -12553000,
      "operating_income": -82101000,
      "net_income": -73818000,
      "opex": 69548000,
      "cogs": 109966000,
      "rd": 1839000,
      "sga": null,
      "fcf": 17790000,
      "ocf": 17964000,
      "capex": -174000,
      "gross_margin": -0.128863704023077,
      "op_margin": -0.842813587508854,
      "fcf_margin": 0.18262449570385883,
      "incr_op_margin_yoy": -9.043034450759773,
      "rev_growth_yoy": 0.09709208036760068,
      "rev_growth_yoy_accel": -0.03757605438746035,
      "fcf_margin_change": 0.006746253635063565
    },
    {
      "date": "2023-12-31T00:00:00",
      "quarter_label": "2023-12 (Q4)",
      "revenue": 96821000,
      "gross_profit": 45686000,
      "operating_income": -18360000,
      "net_income": -9403000,
      "opex": 64046000,
      "cogs": 51135000,
      "rd": 3046000,
      "sga": null,
      "fcf": -5198000,
      "ocf": -5170000,
      "capex": -28000,
      "gross_margin": 0.4718604434988277,
      "op_margin": -0.18962828312039742,
      "fcf_margin": -0.05368670019933692,
      "incr_op_margin_yoy": 11.12423780487805,
      "rev_growth_yoy": -0.013369610630470891,
      "rev_growth_yoy_accel": -0.11046169099807157,
      "fcf_margin_change": -0.23631119590319574
    },
    {
      "date": "2024-03-31T00:00:00",
      "quarter_label": "2024-03 (Q1)",
      "revenue": 81403000,
      "gross_profit": 48361000,
      "operating_income": -16991000,
      "net_income": -679000,
      "opex": 65352000,
      "cogs": 33042000,
      "rd": 2807000,
      "sga": null,
      "fcf": -17198000,
      "ocf": -16854000,
      "capex": -344000,
      "gross_margin": 0.5940935837745538,
      "op_margin": -0.20872695109516848,
      "fcf_margin": -0.21126985491935188,
      "incr_op_margin_yoy": -0.06543589743589744,
      "rev_growth_yoy": -0.05650339599898004,
      "rev_growth_yoy_accel": -0.04313378536850915,
      "fcf_margin_change": -0.15758315472001497
    },
    {
      "date": "2024-06-30T00:00:00",
      "quarter_label": "2024-06 (Q2)",
      "revenue": 90594000,
      "gross_profit": 40940000,
      "operating_income": -22111000,
      "net_income": 202000,
      "opex": 63051000,
      "cogs": 49654000,
      "rd": 1159000,
      "sga": null,
      "fcf": 5867000,
      "ocf": 6201000,
      "capex": -334000,
      "gross_margin": 0.45190630726096653,
      "op_margin": -0.24406693600017662,
      "fcf_margin": 0.0647614632315606,
      "incr_op_margin_yoy": 0.3334573182071787,
      "rev_growth_yoy": -0.2288494113841623,
      "rev_growth_yoy_accel": -0.17234601538518224,
      "op_leverage_ratio": Infinity,
      "fcf_margin_change": 0.2760313181509125
    },
    {
      "date": "2024-09-30T00:00:00",
      "quarter_label": "2024-09 (Q3)",
      "revenue": 78802000,
      "gross_profit": 40649000,
      "operating_income": -21515000,
      "net_income": -18291000,
      "opex": 62164000,
      "cogs": 38153000,
      "rd": 1108000,
      "sga": null,
      "fcf": 10311000,
      "ocf": 10315000,
      "capex": -4000,
      "gross_margin": 0.5158371614933631,
      "op_margin": -0.27302606532829116,
      "fcf_margin": 0.13084693281896398,
      "incr_op_margin_yoy": -3.255386599322981,
      "rev_growth_yoy": -0.19105252892324434,
      "rev_growth_yoy_accel": 0.03779688246091795,
      "fcf_margin_change": 0.06608546958740338
    },
    {
      "date": "2024-12-31T00:00:00",
      "quarter_label": "2024-12 (Q4)",
      "revenue": 83495000,
      "gross_profit": 52346000,
      "operating_income": -7157000,
      "net_income": -10330000,
      "opex": 59503000,
      "cogs": 31149000,
      "rd": 1222000,
      "sga": null,
      "fcf": 16398000,
      "ocf": 16472000,
      "capex": -74000,
      "gross_margin": 0.6269357446553686,
      "op_margin": -0.0857177076471645,
      "fcf_margin": 0.19639499371219835,
      "incr_op_margin_yoy": -0.8406873780579318,
      "rev_growth_yoy": -0.13763543033019696,
      "rev_growth_yoy_accel": 0.053417098593047385,
      "op_leverage_ratio": Infinity,
      "fcf_margin_change": 0.06554806089323437
    },
    {
      "date": "2025-03-31T00:00:00",
      "quarter_label": "2025-03 (Q1)",
      "revenue": 69580000,
      "gross_profit": 48580000,
      "operating_income": -12023000,
      "net_income": -10096000,
      "opex": 60603000,
      "cogs": 21000000,
      "rd": 998000,
      "sga": null,
      "fcf": 2951000,
      "ocf": 2996000,
      "capex": -45000,
      "gross_margin": 0.6981891348088531,
      "op_margin": -0.17279390629491234,
      "fcf_margin": 0.04241161253233688,
      "incr_op_margin_yoy": -0.42019791930981987,
      "rev_growth_yoy": -0.1452403474073437,
      "rev_growth_yoy_accel": -0.00760491707714675,
      "fcf_margin_change": -0.15398338117986146
    },
    {
      "date": "2025-06-30T00:00:00",
      "quarter_label": "2025-06 (Q2)",
      "revenue": 78187000,
      "gross_profit": 49112000,
      "operating_income": -2700000,
      "net_income": 19712000,
      "opex": 51812000,
      "cogs": 29075000,
      "rd": 1251000,
      "sga": null,
      "fcf": 9554000,
      "ocf": 9646000,
      "capex": -92000,
      "gross_margin": 0.6281351119751365,
      "op_margin": -0.03453259493266144,
      "fcf_margin": 0.12219422666172126,
      "incr_op_margin_yoy": -1.564520029015878,
      "rev_growth_yoy": -0.13695167450383028,
      "rev_growth_yoy_accel": 0.008288672903513428,
      "op_leverage_ratio": Infinity,
      "fcf_margin_change": 0.0797826141293844
    },
    {
      "date": "2025-09-30T00:00:00",
      "quarter_label": "2025-09 (Q3)",
      "revenue": 70655000,
      "gross_profit": 45634000,
      "operating_income": -6242000,
      "net_income": -11031000,
      "opex": 51876000,
      "cogs": 25021000,
      "rd": 1698000,
      "sga": null,
      "fcf": 9620000,
      "ocf": 9647000,
      "capex": -27000,
      "gross_margin": 0.6458707805533932,
      "op_margin": -0.08834477390135163,
      "fcf_margin": 0.13615455381784727,
      "incr_op_margin_yoy": -1.8746777955075489,
      "rev_growth_yoy": -0.10338570087053628,
      "rev_growth_yoy_accel": 0.033565973633294,
      "fcf_margin_change": 0.01396032715612601
    }
  ],
  "signals": [
    {
      "quarter": "2025-06 (Q2)",
      "signal": "FCF MARGIN EXPANSION",
      "detail": "FCF margin: +4.2% -> +12.2% (+8.0%)",
      "severity": "MEDIUM"
    },
    {
      "quarter": "2024-12 (Q4)",
      "signal": "FCF MARGIN EXPANSION",
      "detail": "FCF margin: +13.1% -> +19.6% (+6.6%)",
      "severity": "MEDIUM"
    },
    {
      "quarter": "2024-12 (Q4)",
      "signal": "YoY REVENUE GROWTH ACCELERATION",
      "detail": "YoY growth: -13.8% vs prior quarter YoY: -19.1% (accel: +5.3%)",
      "severity": "MEDIUM"
    },
    {
      "quarter": "2024-09 (Q3)",
      "signal": "FCF MARGIN EXPANSION",
      "detail": "FCF margin: +6.5% -> +13.1% (+6.6%)",
      "severity": "MEDIUM"
    },
    {
      "quarter": "2024-09 (Q3)",
      "signal": "GROSS MARGIN INFLECTION",
      "detail": "GM: +59.4% -> +45.2% -> +51.6% (reversal +6.4%)",
      "severity": "HIGH"
    },
    {
      "quarter": "2024-06 (Q2)",
      "signal": "FCF TURNED POSITIVE",
      "detail": "FCF margin: -21.1% -> +6.5%",
      "severity": "HIGH"
    },
    {
      "quarter": "2024-06 (Q2)",
      "signal": "YoY REVENUE GROWTH DECELERATION",
      "detail": "YoY growth: -22.9% vs prior quarter YoY: -5.7% (decel: -17.2%)",
      "severity": "WARNING"
    },
    {
      "quarter": "2023-12 (Q4)",
      "signal": "GROSS MARGIN INFLECTION",
      "detail": "GM: +57.8% -> -12.9% -> +47.2% (reversal +60.1%)",
      "severity": "HIGH"
    },
    {
      "quarter": "2023-12 (Q4)",
      "signal": "YoY REVENUE GROWTH DECELERATION",
      "detail": "YoY growth: -1.3% vs prior quarter YoY: +9.7% (decel: -11.0%)",
      "severity": "WARNING"
    },
    {
      "quarter": "2023-06 (Q2)",
      "signal": "FCF TURNED POSITIVE",
      "detail": "FCF margin: -17.8% -> +17.6%",
      "severity": "HIGH"
    },
    {
      "quarter": "2023-06 (Q2)",
      "signal": "OPERATING LEVERAGE",
      "detail": "Rev growth +36.2% vs OpEx growth +13.5% (leverage: 2.7x)",
      "severity": "MEDIUM"
    },
    {
      "quarter": "2023-03 (Q1)",
      "signal": "YoY REVENUE GROWTH DECELERATION",
      "detail": "YoY growth: +14.4% vs prior quarter YoY: +26.0% (decel: -11.6%)",
      "severity": "WARNING"
    },
    {
      "quarter": "2022-12 (Q4)",
      "signal": "FCF MARGIN EXPANSION",
      "detail": "FCF margin: -40.2% -> -6.5% (+33.7%)",
      "severity": "MEDIUM"
    },
    {
      "quarter": "2022-12 (Q4)",
      "signal": "OPERATING LEVERAGE",
      "detail": "Rev growth +10.5% vs OpEx growth +4.9% (leverage: 2.1x)",
      "severity": "MEDIUM"
    },
    {
      "quarter": "2022-09 (Q3)",
      "signal": "YoY REVENUE GROWTH DECELERATION",
      "detail": "YoY growth: +30.3% vs prior quarter YoY: +55.7% (decel: -25.4%)",
      "severity": "WARNING"
    },
    {
      "quarter": "2022-06 (Q2)",
      "signal": "FCF MARGIN EXPANSION",
      "detail": "FCF margin: -55.2% -> -32.6% (+22.6%)",
      "severity": "MEDIUM"
    },
    {
      "quarter": "2022-06 (Q2)",
      "signal": "OPERATING LEVERAGE",
      "detail": "Rev growth +37.3% vs OpEx growth +15.7% (leverage: 2.4x)",
      "severity": "MEDIUM"
    },
    {
      "quarter": "2022-03 (Q1)",
      "signal": "YoY REVENUE GROWTH DECELERATION",
      "detail": "YoY growth: +58.6% vs prior quarter YoY: +105.6% (decel: -47.0%)",
      "severity": "WARNING"
    },
    {
      "quarter": "2021-12 (Q4)",
      "signal": "GROSS MARGIN INFLECTION",
      "detail": "GM: +71.0% -> +67.6% -> +72.9% (reversal +5.3%)",
      "severity": "HIGH"
    },
    {
      "quarter": "2021-09 (Q3)",
      "signal": "FCF TURNED POSITIVE",
      "detail": "FCF margin: -55.8% -> +0.2%",
      "severity": "HIGH"
    },
    {
      "quarter": "2021-03 (Q1)",
      "signal": "FCF TURNED POSITIVE",
      "detail": "FCF margin: -5.3% -> +0.9%",
      "severity": "HIGH"
    },
    {
      "quarter": "2021-03 (Q1)",
      "signal": "OPERATING LEVERAGE",
      "detail": "Rev growth +25.5% vs OpEx growth +5.8% (leverage: 4.4x)",
      "severity": "MEDIUM"
    }
  ],
  "data_quality": {
    "n_quarters": 20,
    "coverage": {
      "revenue": [
        20,
        20
      ],
      "gross_profit": [
        20,
        20
      ],
      "op_income": [
        20,
        20
      ],
      "fcf": [
        20,
        20
      ]
    },
    "gaps": [],
    "warnings": []
  },
  "market_cap": null,
  "source": "SEC EDGAR",
  "last_updated": "2026-02-02T23:02:20.306099"
}