{
  "ticker": "SKLZ",
  "name": "SKILLZ INC.",
  "quarters": [
    {
      "date": "2020-12-31T00:00:00",
      "quarter_label": "2020-12 (Q4)",
      "revenue": 67377000,
      "gross_profit": 63902000,
      "operating_income": -44815000,
      "net_income": -68558000,
      "opex": 112192000,
      "cogs": 3475000,
      "rd": 9972000,
      "sga": null,
      "fcf": -26488000,
      "ocf": -26488000,
      "capex": null,
      "gross_margin": 0.948424536562922,
      "op_margin": -0.6651379550885317,
      "fcf_margin": -0.39313118720037993
    },
    {
      "date": "2021-03-31T00:00:00",
      "quarter_label": "2021-03 (Q1)",
      "revenue": 83677000,
      "gross_profit": 79421000,
      "operating_income": -51468000,
      "net_income": -53592000,
      "opex": 135145000,
      "cogs": 4256000,
      "rd": 7282000,
      "sga": null,
      "fcf": -39153000,
      "ocf": -39153000,
      "capex": null,
      "gross_margin": 0.9491377558946903,
      "op_margin": -0.6150794125028383,
      "fcf_margin": -0.4679063541952986,
      "op_leverage_ratio": 1.18249242660842,
      "fcf_margin_change": -0.07477516699491865
    },
    {
      "date": "2021-06-30T00:00:00",
      "quarter_label": "2021-06 (Q2)",
      "revenue": 89491000,
      "gross_profit": 85105000,
      "operating_income": -49990000,
      "net_income": -79595000,
      "opex": 139481000,
      "cogs": 4386000,
      "rd": 10140000,
      "sga": null,
      "fcf": -25837000,
      "ocf": -25837000,
      "capex": null,
      "gross_margin": 0.9509894849761429,
      "op_margin": -0.5586036584684494,
      "fcf_margin": -0.28871059659630577,
      "op_leverage_ratio": 2.1656069428716562,
      "fcf_margin_change": 0.1791957575989928
    },
    {
      "date": "2021-09-30T00:00:00",
      "quarter_label": "2021-09 (Q3)",
      "revenue": 102072000,
      "gross_profit": 94425000,
      "operating_income": -81644000,
      "net_income": 50781000,
      "opex": 183716000,
      "cogs": 7647000,
      "rd": 13162000,
      "sga": null,
      "fcf": -38336000,
      "ocf": -38336000,
      "capex": null,
      "gross_margin": 0.9250822948506936,
      "op_margin": -0.7998667607179246,
      "fcf_margin": -0.3755780233560624,
      "op_leverage_ratio": 0.4432868232664533,
      "fcf_margin_change": -0.08686742675975662
    },
    {
      "date": "2021-12-31T00:00:00",
      "quarter_label": "2021-12 (Q4)",
      "revenue": 108200000,
      "gross_profit": 99778000,
      "operating_income": -105618000,
      "net_income": -100425000,
      "opex": 213818000,
      "cogs": 8422000,
      "rd": 15744000,
      "sga": null,
      "fcf": -76828000,
      "ocf": -76828000,
      "capex": null,
      "gross_margin": 0.9221626617375231,
      "op_margin": -0.9761367837338263,
      "fcf_margin": -0.7100554528650647,
      "incr_op_margin_yoy": -1.4894299781985645,
      "rev_growth_yoy": 0.6058892500408151,
      "op_leverage_ratio": 0.3664069998564694,
      "fcf_margin_change": -0.3344774295090023
    },
    {
      "date": "2022-03-31T00:00:00",
      "quarter_label": "2022-03 (Q1)",
      "revenue": 93438000,
      "gross_profit": 84173000,
      "operating_income": -144604000,
      "net_income": -148113000,
      "opex": 238042000,
      "cogs": 9265000,
      "rd": 18653000,
      "sga": null,
      "fcf": -83450000,
      "ocf": -83450000,
      "capex": null,
      "gross_margin": 0.9008433399687493,
      "op_margin": -1.5475930563582267,
      "fcf_margin": -0.8931055887326356,
      "incr_op_margin_yoy": -9.54164532322508,
      "rev_growth_yoy": 0.11665093155825376,
      "rev_growth_yoy_accel": -0.4892383184825613,
      "fcf_margin_change": -0.1830501358675709
    },
    {
      "date": "2022-06-30T00:00:00",
      "quarter_label": "2022-06 (Q2)",
      "revenue": 73335000,
      "gross_profit": 64315000,
      "operating_income": -54111000,
      "net_income": -60611000,
      "opex": 127446000,
      "cogs": 9020000,
      "rd": 18529000,
      "sga": null,
      "fcf": -61564000,
      "ocf": -61564000,
      "capex": null,
      "gross_margin": 0.8770027953910139,
      "op_margin": -0.7378605031703825,
      "fcf_margin": -0.8394900115906456,
      "incr_op_margin_yoy": 0.255075513741025,
      "rev_growth_yoy": -0.18053212054843504,
      "rev_growth_yoy_accel": -0.2971830521066888,
      "fcf_margin_change": 0.053615577141989945
    },
    {
      "date": "2022-09-30T00:00:00",
      "quarter_label": "2022-09 (Q3)",
      "revenue": 60255000,
      "gross_profit": 52700000,
      "operating_income": -75288000,
      "net_income": -78547000,
      "opex": 135543000,
      "cogs": 7555000,
      "rd": 8354000,
      "sga": null,
      "fcf": -21770000,
      "ocf": -21770000,
      "capex": null,
      "gross_margin": 0.8746162144220396,
      "op_margin": -1.2494896689071446,
      "fcf_margin": -0.3612978176084972,
      "incr_op_margin_yoy": -0.15199559987564865,
      "rev_growth_yoy": -0.40968140136374326,
      "rev_growth_yoy_accel": -0.22914928081530822,
      "fcf_margin_change": 0.4781921939821484
    },
    {
      "date": "2022-12-31T00:00:00",
      "quarter_label": "2022-12 (Q4)",
      "revenue": 42681000,
      "gross_profit": 37803000,
      "operating_income": -147354000,
      "net_income": -151604000,
      "opex": 190035000,
      "cogs": 4878000,
      "rd": 6729000,
      "sga": null,
      "fcf": -12813000,
      "ocf": -12813000,
      "capex": null,
      "gross_margin": 0.8857102692064385,
      "op_margin": -3.452449567723343,
      "fcf_margin": -0.30020383777324805,
      "incr_op_margin_yoy": 0.6370060593110396,
      "rev_growth_yoy": -0.605536044362292,
      "rev_growth_yoy_accel": -0.19585464299854877,
      "fcf_margin_change": 0.06109397983524917
    },
    {
      "date": "2023-03-31T00:00:00",
      "quarter_label": "2023-03 (Q1)",
      "revenue": 44383000,
      "gross_profit": 39801000,
      "operating_income": -32068000,
      "net_income": -35593000,
      "opex": 76451000,
      "cogs": 4582000,
      "rd": 8881000,
      "sga": null,
      "fcf": -14699000,
      "ocf": -14699000,
      "capex": null,
      "gross_margin": 0.8967622738435888,
      "op_margin": -0.7225288961989951,
      "fcf_margin": -0.3311853637654057,
      "incr_op_margin_yoy": -2.2940780756293955,
      "rev_growth_yoy": -0.5250005351141934,
      "rev_growth_yoy_accel": 0.0805355092480986,
      "op_leverage_ratio": Infinity,
      "fcf_margin_change": -0.030981525992157644
    },
    {
      "date": "2023-06-30T00:00:00",
      "quarter_label": "2023-06 (Q2)",
      "revenue": 40166000,
      "gross_profit": 36516000,
      "operating_income": -35633000,
      "net_income": -21987000,
      "opex": 75799000,
      "cogs": 3650000,
      "rd": 8966000,
      "sga": null,
      "fcf": -26361000,
      "ocf": -26361000,
      "capex": null,
      "gross_margin": 0.9091271224418662,
      "op_margin": -0.8871433550764328,
      "fcf_margin": -0.6563013493999901,
      "incr_op_margin_yoy": -0.5570864361301215,
      "rev_growth_yoy": -0.4522942660394082,
      "rev_growth_yoy_accel": 0.07270626907478522,
      "fcf_margin_change": -0.3251159856345844
    },
    {
      "date": "2023-09-30T00:00:00",
      "quarter_label": "2023-09 (Q3)",
      "revenue": 36427000,
      "gross_profit": 32734000,
      "operating_income": -31432000,
      "net_income": -33545000,
      "opex": 67859000,
      "cogs": 3693000,
      "rd": 7852000,
      "sga": null,
      "fcf": -18426000,
      "ocf": -18426000,
      "capex": null,
      "gross_margin": 0.8986191561204601,
      "op_margin": -0.8628764378071211,
      "fcf_margin": -0.5058335849781755,
      "incr_op_margin_yoy": -1.8405237535672319,
      "rev_growth_yoy": -0.39545265953032943,
      "rev_growth_yoy_accel": 0.05684160650907877,
      "fcf_margin_change": 0.15046776442181453
    },
    {
      "date": "2023-12-31T00:00:00",
      "quarter_label": "2023-12 (Q4)",
      "revenue": 31104000,
      "gross_profit": 27648000,
      "operating_income": -20542000,
      "net_income": -15512000,
      "opex": 51646000,
      "cogs": 3456000,
      "rd": 3391000,
      "sga": null,
      "fcf": -12272000,
      "ocf": -12272000,
      "capex": null,
      "gross_margin": 0.8888888888888888,
      "op_margin": -0.6604295267489712,
      "fcf_margin": -0.39454732510288065,
      "incr_op_margin_yoy": -10.953787682473871,
      "rev_growth_yoy": -0.27124481619455965,
      "rev_growth_yoy_accel": 0.12420784333576979,
      "fcf_margin_change": 0.11128625987529489
    },
    {
      "date": "2024-03-31T00:00:00",
      "quarter_label": "2024-03 (Q1)",
      "revenue": 25235000,
      "gross_profit": 21784000,
      "operating_income": -26871000,
      "net_income": -26723000,
      "opex": 52106000,
      "cogs": 3451000,
      "rd": 4624000,
      "sga": null,
      "fcf": -4911000,
      "ocf": -4396000,
      "capex": -515000,
      "gross_margin": 0.863245492371706,
      "op_margin": -1.0648305924311472,
      "fcf_margin": -0.19461065979789974,
      "incr_op_margin_yoy": -0.2714121579277209,
      "rev_growth_yoy": -0.4314264470630647,
      "rev_growth_yoy_accel": -0.16018163086850506,
      "fcf_margin_change": 0.19993666530498092
    },
    {
      "date": "2024-06-30T00:00:00",
      "quarter_label": "2024-06 (Q2)",
      "revenue": 25295000,
      "gross_profit": 21949000,
      "operating_income": 25592000,
      "net_income": 26045000,
      "opex": -297000,
      "cogs": 3346000,
      "rd": 4272000,
      "sga": null,
      "fcf": 27403000,
      "ocf": 27802000,
      "capex": -399000,
      "gross_margin": 0.8677208934572049,
      "op_margin": 1.0117414508796205,
      "fcf_margin": 1.0833366277920538,
      "incr_op_margin_yoy": -4.117073498755968,
      "rev_growth_yoy": -0.3702385101827416,
      "rev_growth_yoy_accel": 0.06118793688032309,
      "fcf_margin_change": 1.2779472875899536
    },
    {
      "date": "2024-09-30T00:00:00",
      "quarter_label": "2024-09 (Q3)",
      "revenue": 24564000,
      "gross_profit": 21191000,
      "operating_income": -20992000,
      "net_income": -21115000,
      "opex": 45556000,
      "cogs": 3373000,
      "rd": 4742000,
      "sga": null,
      "fcf": -11371000,
      "ocf": -10983000,
      "capex": -388000,
      "gross_margin": 0.8626852304184986,
      "op_margin": -0.8545839439830647,
      "fcf_margin": -0.4629132063181892,
      "incr_op_margin_yoy": -0.8800472055972351,
      "rev_growth_yoy": -0.325665028687512,
      "rev_growth_yoy_accel": 0.044573481495229605,
      "fcf_margin_change": -1.546249834110243
    },
    {
      "date": "2024-12-31T00:00:00",
      "quarter_label": "2024-12 (Q4)",
      "revenue": 17771000,
      "gross_profit": 14537000,
      "operating_income": -24231000,
      "net_income": -24997000,
      "opex": 42002000,
      "cogs": 3234000,
      "rd": 3109000,
      "sga": null,
      "fcf": -18863000,
      "ocf": -19497000,
      "capex": 634000,
      "gross_margin": 0.8180181194080243,
      "op_margin": -1.3635135895560182,
      "fcf_margin": -1.0614484272128748,
      "incr_op_margin_yoy": 0.2766819170479262,
      "rev_growth_yoy": -0.42865869341563784,
      "rev_growth_yoy_accel": -0.10299366472812582,
      "fcf_margin_change": -0.5985352208946856
    },
    {
      "date": "2025-03-31T00:00:00",
      "quarter_label": "2025-03 (Q1)",
      "revenue": 21897000,
      "gross_profit": 18932000,
      "operating_income": -15473000,
      "net_income": -17142000,
      "opex": 37370000,
      "cogs": 2965000,
      "rd": 4817000,
      "sga": null,
      "fcf": -12123000,
      "ocf": -10931000,
      "capex": -1192000,
      "gross_margin": 0.8645933232862949,
      "op_margin": -0.7066264785130383,
      "fcf_margin": -0.5536374845869297,
      "incr_op_margin_yoy": -3.414619532654284,
      "rev_growth_yoy": -0.1322765999603725,
      "rev_growth_yoy_accel": 0.29638209345526534,
      "op_leverage_ratio": Infinity,
      "fcf_margin_change": 0.5078109426259451
    },
    {
      "date": "2025-06-30T00:00:00",
      "quarter_label": "2025-06 (Q2)",
      "revenue": 25214000,
      "gross_profit": 21994000,
      "operating_income": -15983000,
      "net_income": -17922000,
      "opex": 41197000,
      "cogs": 3220000,
      "rd": 4840000,
      "sga": null,
      "fcf": -21458000,
      "ocf": -20810000,
      "capex": -648000,
      "gross_margin": 0.8722931704608551,
      "op_margin": -0.6338938684857619,
      "fcf_margin": -0.8510351392083763,
      "rev_growth_yoy": -0.0032022138762601306,
      "rev_growth_yoy_accel": 0.12907438608411237,
      "op_leverage_ratio": 1.479195199693689,
      "fcf_margin_change": -0.2973976546214465
    },
    {
      "date": "2025-09-30T00:00:00",
      "quarter_label": "2025-09 (Q3)",
      "revenue": 27374000,
      "gross_profit": 24019000,
      "operating_income": -16272000,
      "net_income": -17442000,
      "opex": 43646000,
      "cogs": 3355000,
      "rd": 5444000,
      "sga": null,
      "fcf": -24759000,
      "ocf": -24491000,
      "capex": -268000,
      "gross_margin": 0.8774384452400088,
      "op_margin": -0.5944326733396654,
      "fcf_margin": -0.9044713962153869,
      "incr_op_margin_yoy": 1.6797153024911031,
      "rev_growth_yoy": 0.11439504966617815,
      "rev_growth_yoy_accel": 0.11759726354243828,
      "op_leverage_ratio": 1.4410823829845838,
      "fcf_margin_change": -0.0534362570070106
    }
  ],
  "signals": [
    {
      "quarter": "2025-09 (Q3)",
      "signal": "YoY REVENUE GROWTH ACCELERATION",
      "detail": "YoY growth: +11.4% vs prior quarter YoY: -0.3% (accel: +11.8%)",
      "severity": "MEDIUM"
    },
    {
      "quarter": "2025-06 (Q2)",
      "signal": "YoY REVENUE GROWTH ACCELERATION",
      "detail": "YoY growth: -0.3% vs prior quarter YoY: -13.2% (accel: +12.9%)",
      "severity": "MEDIUM"
    },
    {
      "quarter": "2025-03 (Q1)",
      "signal": "FCF MARGIN EXPANSION",
      "detail": "FCF margin: -106.1% -> -55.4% (+50.8%)",
      "severity": "MEDIUM"
    },
    {
      "quarter": "2025-03 (Q1)",
      "signal": "GROSS MARGIN INFLECTION",
      "detail": "GM: +86.3% -> +81.8% -> +86.5% (reversal +4.7%)",
      "severity": "MEDIUM"
    },
    {
      "quarter": "2025-03 (Q1)",
      "signal": "YoY REVENUE GROWTH ACCELERATION",
      "detail": "YoY growth: -13.2% vs prior quarter YoY: -42.9% (accel: +29.6%)",
      "severity": "HIGH"
    },
    {
      "quarter": "2024-12 (Q4)",
      "signal": "YoY REVENUE GROWTH DECELERATION",
      "detail": "YoY growth: -42.9% vs prior quarter YoY: -32.6% (decel: -10.3%)",
      "severity": "WARNING"
    },
    {
      "quarter": "2024-06 (Q2)",
      "signal": "FCF TURNED POSITIVE",
      "detail": "FCF margin: -19.5% -> +108.3%",
      "severity": "HIGH"
    },
    {
      "quarter": "2024-06 (Q2)",
      "signal": "YoY REVENUE GROWTH ACCELERATION",
      "detail": "YoY growth: -37.0% vs prior quarter YoY: -43.1% (accel: +6.1%)",
      "severity": "MEDIUM"
    },
    {
      "quarter": "2024-06 (Q2)",
      "signal": "OP MARGIN TURNED POSITIVE (YoY)",
      "detail": "Op margin: -88.7% (year-ago) -> +101.2%",
      "severity": "HIGH"
    },
    {
      "quarter": "2024-06 (Q2)",
      "signal": "OP MARGIN TURNED POSITIVE (QoQ)",
      "detail": "Op margin: -106.5% -> +101.2%",
      "severity": "HIGH"
    },
    {
      "quarter": "2024-03 (Q1)",
      "signal": "FCF MARGIN EXPANSION",
      "detail": "FCF margin: -39.5% -> -19.5% (+20.0%)",
      "severity": "MEDIUM"
    },
    {
      "quarter": "2024-03 (Q1)",
      "signal": "YoY REVENUE GROWTH DECELERATION",
      "detail": "YoY growth: -43.1% vs prior quarter YoY: -27.1% (decel: -16.0%)",
      "severity": "WARNING"
    },
    {
      "quarter": "2023-12 (Q4)",
      "signal": "FCF MARGIN EXPANSION",
      "detail": "FCF margin: -50.6% -> -39.5% (+11.1%)",
      "severity": "MEDIUM"
    },
    {
      "quarter": "2023-12 (Q4)",
      "signal": "YoY REVENUE GROWTH ACCELERATION",
      "detail": "YoY growth: -27.1% vs prior quarter YoY: -39.5% (accel: +12.4%)",
      "severity": "MEDIUM"
    },
    {
      "quarter": "2023-09 (Q3)",
      "signal": "FCF MARGIN EXPANSION",
      "detail": "FCF margin: -65.6% -> -50.6% (+15.0%)",
      "severity": "MEDIUM"
    },
    {
      "quarter": "2023-09 (Q3)",
      "signal": "YoY REVENUE GROWTH ACCELERATION",
      "detail": "YoY growth: -39.5% vs prior quarter YoY: -45.2% (accel: +5.7%)",
      "severity": "MEDIUM"
    },
    {
      "quarter": "2023-06 (Q2)",
      "signal": "YoY REVENUE GROWTH ACCELERATION",
      "detail": "YoY growth: -45.2% vs prior quarter YoY: -52.5% (accel: +7.3%)",
      "severity": "MEDIUM"
    },
    {
      "quarter": "2023-03 (Q1)",
      "signal": "YoY REVENUE GROWTH ACCELERATION",
      "detail": "YoY growth: -52.5% vs prior quarter YoY: -60.6% (accel: +8.1%)",
      "severity": "MEDIUM"
    },
    {
      "quarter": "2022-12 (Q4)",
      "signal": "FCF MARGIN EXPANSION",
      "detail": "FCF margin: -36.1% -> -30.0% (+6.1%)",
      "severity": "MEDIUM"
    },
    {
      "quarter": "2022-12 (Q4)",
      "signal": "YoY REVENUE GROWTH DECELERATION",
      "detail": "YoY growth: -60.6% vs prior quarter YoY: -41.0% (decel: -19.6%)",
      "severity": "WARNING"
    },
    {
      "quarter": "2022-09 (Q3)",
      "signal": "FCF MARGIN EXPANSION",
      "detail": "FCF margin: -83.9% -> -36.1% (+47.8%)",
      "severity": "MEDIUM"
    },
    {
      "quarter": "2022-09 (Q3)",
      "signal": "YoY REVENUE GROWTH DECELERATION",
      "detail": "YoY growth: -41.0% vs prior quarter YoY: -18.1% (decel: -22.9%)",
      "severity": "WARNING"
    },
    {
      "quarter": "2022-06 (Q2)",
      "signal": "FCF MARGIN EXPANSION",
      "detail": "FCF margin: -89.3% -> -83.9% (+5.4%)",
      "severity": "MEDIUM"
    },
    {
      "quarter": "2022-06 (Q2)",
      "signal": "YoY REVENUE GROWTH DECELERATION",
      "detail": "YoY growth: -18.1% vs prior quarter YoY: +11.7% (decel: -29.7%)",
      "severity": "WARNING"
    },
    {
      "quarter": "2022-03 (Q1)",
      "signal": "YoY REVENUE GROWTH DECELERATION",
      "detail": "YoY growth: +11.7% vs prior quarter YoY: +60.6% (decel: -48.9%)",
      "severity": "WARNING"
    },
    {
      "quarter": "2021-06 (Q2)",
      "signal": "FCF MARGIN EXPANSION",
      "detail": "FCF margin: -46.8% -> -28.9% (+17.9%)",
      "severity": "MEDIUM"
    },
    {
      "quarter": "2021-06 (Q2)",
      "signal": "OPERATING LEVERAGE",
      "detail": "Rev growth +6.9% vs OpEx growth +3.2% (leverage: 2.2x)",
      "severity": "MEDIUM"
    }
  ],
  "data_quality": {
    "n_quarters": 20,
    "coverage": {
      "revenue": [
        20,
        20
      ],
      "gross_profit": [
        20,
        20
      ],
      "op_income": [
        20,
        20
      ],
      "fcf": [
        20,
        20
      ]
    },
    "gaps": [],
    "warnings": []
  },
  "market_cap": null,
  "source": "SEC EDGAR",
  "last_updated": "2026-02-02T23:35:26.695829"
}