{
  "ticker": "SKY",
  "name": "Champion Homes, Inc.",
  "quarters": [
    {
      "date": "2020-12-31T00:00:00",
      "quarter_label": "2020-12 (Q4)",
      "revenue": 377581000,
      "gross_profit": 71784000,
      "operating_income": null,
      "net_income": 21599000,
      "opex": null,
      "cogs": null,
      "rd": null,
      "sga": null,
      "fcf": null,
      "ocf": null,
      "capex": null,
      "gross_margin": 0.19011549839637057,
      "op_margin": null,
      "fcf_margin": null
    },
    {
      "date": "2021-04-03T00:00:00",
      "quarter_label": "2021-04 (Q2)",
      "revenue": 447649000,
      "gross_profit": 99115000,
      "operating_income": 46645000,
      "net_income": 33886000,
      "opex": 52470000,
      "cogs": 348534000,
      "rd": null,
      "sga": 52470000,
      "fcf": 46300000,
      "ocf": 50081000,
      "capex": -3781000,
      "gross_margin": 0.22141231187827964,
      "op_margin": 0.10419994236555873,
      "fcf_margin": 0.10342924925555513
    },
    {
      "date": "2021-07-03T00:00:00",
      "quarter_label": "2021-07 (Q3)",
      "revenue": 510197000,
      "gross_profit": 111530000,
      "operating_income": 57507000,
      "net_income": 42901000,
      "opex": 54023000,
      "cogs": 398667000,
      "rd": null,
      "sga": 54023000,
      "fcf": 22684000,
      "ocf": 31905000,
      "capex": -9221000,
      "gross_margin": 0.2186018341934586,
      "op_margin": 0.1127152844881487,
      "fcf_margin": 0.044461257122248854,
      "op_leverage_ratio": 4.72079799631788,
      "fcf_margin_change": -0.05896799213330628
    },
    {
      "date": "2021-10-02T00:00:00",
      "quarter_label": "2021-10 (Q4)",
      "revenue": 524225000,
      "gross_profit": 129327000,
      "operating_income": 67987000,
      "net_income": 50723000,
      "opex": 61340000,
      "cogs": 394898000,
      "rd": null,
      "sga": 61340000,
      "fcf": 51098000,
      "ocf": 56982000,
      "capex": -5884000,
      "gross_margin": 0.2467013209976632,
      "op_margin": 0.12969049549334732,
      "fcf_margin": 0.09747341313367351,
      "op_leverage_ratio": 0.20300348766790863,
      "fcf_margin_change": 0.05301215601142466
    },
    {
      "date": "2022-01-01T00:00:00",
      "quarter_label": "2022-01 (Q1)",
      "revenue": 534690000,
      "gross_profit": 157239000,
      "operating_income": 91414000,
      "net_income": 67622000,
      "opex": 65825000,
      "cogs": 377451000,
      "rd": null,
      "sga": 65825000,
      "fcf": 67840000,
      "ocf": 75519000,
      "capex": -7679000,
      "gross_margin": 0.2940750715367783,
      "op_margin": 0.1709663543361574,
      "fcf_margin": 0.1268772559801006,
      "rev_growth_yoy": 0.41609350046744936,
      "op_leverage_ratio": 0.27302525951007045,
      "fcf_margin_change": 0.029403842846427095
    },
    {
      "date": "2022-04-02T00:00:00",
      "quarter_label": "2022-04 (Q2)",
      "revenue": 638117000,
      "gross_profit": 191027000,
      "operating_income": 115997000,
      "net_income": 86798000,
      "opex": 75030000,
      "cogs": 447090000,
      "rd": null,
      "sga": 75030000,
      "fcf": 50878000,
      "ocf": 60073000,
      "capex": -9195000,
      "gross_margin": 0.29936046210961315,
      "op_margin": 0.1817801437667387,
      "fcf_margin": 0.07973145990468833,
      "incr_op_margin_yoy": 0.3641136568872462,
      "rev_growth_yoy": 0.4254851457280146,
      "rev_growth_yoy_accel": 0.00939164526056524,
      "op_leverage_ratio": 1.3832444643029462,
      "fcf_margin_change": -0.04714579607541228
    },
    {
      "date": "2022-07-02T00:00:00",
      "quarter_label": "2022-07 (Q3)",
      "revenue": 725881000,
      "gross_profit": 229335000,
      "operating_income": 157053000,
      "net_income": 117151000,
      "opex": 72282000,
      "cogs": 496546000,
      "rd": null,
      "sga": 72282000,
      "fcf": 37987000,
      "ocf": 47422000,
      "capex": -9435000,
      "gross_margin": 0.31594021609602674,
      "op_margin": 0.2163619105610975,
      "fcf_margin": 0.052332269338913676,
      "incr_op_margin_yoy": 0.46153632165575564,
      "rev_growth_yoy": 0.42274650772152716,
      "rev_growth_yoy_accel": -0.002738638006487437,
      "op_leverage_ratio": Infinity,
      "fcf_margin_change": -0.027399190565774653
    },
    {
      "date": "2022-10-01T00:00:00",
      "quarter_label": "2022-10 (Q4)",
      "revenue": 806825000,
      "gross_profit": 274106000,
      "operating_income": 190191000,
      "net_income": 144092000,
      "opex": 83915000,
      "cogs": 532719000,
      "rd": null,
      "sga": 83915000,
      "fcf": 214966000,
      "ocf": 231144000,
      "capex": -16178000,
      "gross_margin": 0.33973414309174854,
      "op_margin": 0.23572769807579091,
      "fcf_margin": 0.26643448083537324,
      "incr_op_margin_yoy": 0.4324274593064402,
      "rev_growth_yoy": 0.5390815012637703,
      "rev_growth_yoy_accel": 0.11633499354224314,
      "op_leverage_ratio": 0.692879426048252,
      "fcf_margin_change": 0.21410221149645958
    },
    {
      "date": "2022-12-31T00:00:00",
      "quarter_label": "2022-12 (Q4)",
      "revenue": 582322000,
      "gross_profit": 174089000,
      "operating_income": 102269000,
      "net_income": 82813000,
      "opex": 71820000,
      "cogs": 408233000,
      "rd": null,
      "sga": 71820000,
      "fcf": 72914000,
      "ocf": 85478000,
      "capex": -12564000,
      "gross_margin": 0.2989565910269576,
      "op_margin": 0.17562276541157643,
      "fcf_margin": 0.12521251129100394,
      "incr_op_margin_yoy": 0.2278930131004367,
      "rev_growth_yoy": 0.08908339411621688,
      "rev_growth_yoy_accel": -0.4499981071475534,
      "fcf_margin_change": -0.1412219695443693
    },
    {
      "date": "2023-04-01T00:00:00",
      "quarter_label": "2023-04 (Q2)",
      "revenue": 491532000,
      "gross_profit": 141151000,
      "operating_income": 68772000,
      "net_income": 57746000,
      "opex": 72379000,
      "cogs": 350381000,
      "rd": null,
      "sga": 72379000,
      "fcf": 38114000,
      "ocf": 52181000,
      "capex": -14067000,
      "gross_margin": 0.28716543378661,
      "op_margin": 0.1399135763287029,
      "fcf_margin": 0.0775412384137757,
      "incr_op_margin_yoy": 0.3221680253777672,
      "rev_growth_yoy": -0.22971492688644873,
      "rev_growth_yoy_accel": -0.3187983210026656,
      "fcf_margin_change": -0.047671272877228235
    },
    {
      "date": "2023-07-01T00:00:00",
      "quarter_label": "2023-07 (Q3)",
      "revenue": 464769000,
      "gross_profit": 129673000,
      "operating_income": 59234000,
      "net_income": 51269000,
      "opex": 70439000,
      "cogs": 335096000,
      "rd": null,
      "sga": 70439000,
      "fcf": 64516000,
      "ocf": 74857000,
      "capex": -10341000,
      "gross_margin": 0.27900526928431113,
      "op_margin": 0.12744825924276362,
      "fcf_margin": 0.13881304475986997,
      "incr_op_margin_yoy": 0.37462468212874167,
      "rev_growth_yoy": -0.35971736414095423,
      "rev_growth_yoy_accel": -0.1300024372545055,
      "fcf_margin_change": 0.06127180634609426
    },
    {
      "date": "2023-09-30T00:00:00",
      "quarter_label": "2023-09 (Q3)",
      "revenue": 464236000,
      "gross_profit": 116489000,
      "operating_income": 52035000,
      "net_income": 45669000,
      "opex": 64454000,
      "cogs": 347747000,
      "rd": null,
      "sga": 64454000,
      "fcf": 41775000,
      "ocf": 54281000,
      "capex": -12506000,
      "gross_margin": 0.2509262530264779,
      "op_margin": 0.11208738658785618,
      "fcf_margin": 0.08998655856073204,
      "incr_op_margin_yoy": 0.40327039105166834,
      "rev_growth_yoy": -0.42461376382734795,
      "rev_growth_yoy_accel": -0.06489639968639371,
      "fcf_margin_change": -0.04882648619913793
    },
    {
      "date": "2023-12-30T00:00:00",
      "quarter_label": "2023-12 (Q4)",
      "revenue": 559455000,
      "gross_profit": 141272000,
      "operating_income": 56181000,
      "net_income": 46970000,
      "opex": 85091000,
      "cogs": 418183000,
      "rd": null,
      "sga": 85091000,
      "fcf": 71340000,
      "ocf": 89479000,
      "capex": -18139000,
      "gross_margin": 0.2525171819002422,
      "op_margin": 0.10042094538434726,
      "fcf_margin": 0.12751695846850952,
      "incr_op_margin_yoy": 2.0154808238946953,
      "rev_growth_yoy": -0.039268652051614054,
      "rev_growth_yoy_accel": 0.3853451117757339,
      "op_leverage_ratio": 0.64060173588308,
      "fcf_margin_change": 0.037530399907777484
    },
    {
      "date": "2024-03-30T00:00:00",
      "quarter_label": "2024-03 (Q1)",
      "revenue": 536363000,
      "gross_profit": 98360000,
      "operating_income": 7755000,
      "net_income": 2788000,
      "opex": 90605000,
      "cogs": 438003000,
      "rd": null,
      "sga": 90605000,
      "fcf": -7842000,
      "ocf": 4087000,
      "capex": -11929000,
      "gross_margin": 0.18338326842082694,
      "op_margin": 0.014458491730413917,
      "fcf_margin": -0.014620695312689355,
      "incr_op_margin_yoy": -1.3610448127411836,
      "rev_growth_yoy": 0.09120667626929681,
      "rev_growth_yoy_accel": 0.13047532832091085,
      "fcf_margin_change": -0.14213765378119889
    },
    {
      "date": "2024-06-29T00:00:00",
      "quarter_label": "2024-06 (Q2)",
      "revenue": 627779000,
      "gross_profit": 164215000,
      "operating_income": 55388000,
      "net_income": 45794000,
      "opex": 108827000,
      "cogs": 463564000,
      "rd": null,
      "sga": 108827000,
      "fcf": 73904000,
      "ocf": 84616000,
      "capex": -10712000,
      "gross_margin": 0.2615809066566419,
      "op_margin": 0.08822850079406926,
      "fcf_margin": 0.11772295664557113,
      "incr_op_margin_yoy": -0.023593644561683332,
      "rev_growth_yoy": 0.35073337507449937,
      "rev_growth_yoy_accel": 0.25952669880520257,
      "op_leverage_ratio": 0.8474606182598396,
      "fcf_margin_change": 0.13234365195826048
    },
    {
      "date": "2024-09-28T00:00:00",
      "quarter_label": "2024-09 (Q3)",
      "revenue": 616877000,
      "gross_profit": 166333000,
      "operating_income": 66678000,
      "net_income": 54734000,
      "opex": 99655000,
      "cogs": 450544000,
      "rd": null,
      "sga": 99655000,
      "fcf": 45711000,
      "ocf": 59826000,
      "capex": -14115000,
      "gross_margin": 0.2696372210343391,
      "op_margin": 0.10808961916232895,
      "fcf_margin": 0.0741006716087648,
      "incr_op_margin_yoy": 0.09593097529497317,
      "rev_growth_yoy": 0.32880043770840695,
      "rev_growth_yoy_accel": -0.02193293736609242,
      "fcf_margin_change": -0.04362228503680633
    },
    {
      "date": "2024-12-28T00:00:00",
      "quarter_label": "2024-12 (Q4)",
      "revenue": 644925000,
      "gross_profit": 181022000,
      "operating_income": 72808000,
      "net_income": 61537000,
      "opex": 108214000,
      "cogs": 463903000,
      "rd": null,
      "sga": 108214000,
      "fcf": 37266000,
      "ocf": 50410000,
      "capex": -13144000,
      "gross_margin": 0.2806869015777028,
      "op_margin": 0.11289374733496144,
      "fcf_margin": 0.05778346319339458,
      "incr_op_margin_yoy": 0.19453609453609452,
      "rev_growth_yoy": 0.15277368152934553,
      "rev_growth_yoy_accel": -0.1760267561790614,
      "op_leverage_ratio": 0.5293944546449515,
      "fcf_margin_change": -0.016317208415370217
    },
    {
      "date": "2025-03-29T00:00:00",
      "quarter_label": "2025-03 (Q1)",
      "revenue": 593867000,
      "gross_profit": 152453000,
      "operating_income": 42158000,
      "net_income": 36348000,
      "opex": 110295000,
      "cogs": 441414000,
      "rd": null,
      "sga": 110295000,
      "fcf": 33444000,
      "ocf": 46005000,
      "capex": -12561000,
      "gross_margin": 0.2567123615220243,
      "op_margin": 0.07098895880727503,
      "fcf_margin": 0.056315639697103896,
      "incr_op_margin_yoy": 0.5982714245965498,
      "rev_growth_yoy": 0.10721097465708858,
      "rev_growth_yoy_accel": -0.045562706872256956,
      "fcf_margin_change": -0.0014678234962906822
    },
    {
      "date": "2025-06-28T00:00:00",
      "quarter_label": "2025-06 (Q2)",
      "revenue": 701318000,
      "gross_profit": 189830000,
      "operating_income": 78521000,
      "net_income": 64687000,
      "opex": 111309000,
      "cogs": 511488000,
      "rd": null,
      "sga": 111309000,
      "fcf": 66401000,
      "ocf": 75302000,
      "capex": -8901000,
      "gross_margin": 0.27067606991407606,
      "op_margin": 0.11196204859992186,
      "fcf_margin": 0.09468030194576497,
      "incr_op_margin_yoy": 0.31456778036144084,
      "rev_growth_yoy": 0.1171415418483256,
      "rev_growth_yoy_accel": 0.009930567191237027,
      "op_leverage_ratio": 19.680636435012353,
      "fcf_margin_change": 0.03836466224866108
    },
    {
      "date": "2025-09-27T00:00:00",
      "quarter_label": "2025-09 (Q3)",
      "revenue": 684429000,
      "gross_profit": 187932000,
      "operating_income": 74815000,
      "net_income": 58199000,
      "opex": 113117000,
      "cogs": 496497000,
      "rd": null,
      "sga": 113117000,
      "fcf": 66960000,
      "ocf": 75876000,
      "capex": -8916000,
      "gross_margin": 0.27458216995480905,
      "op_margin": 0.10931009644535811,
      "fcf_margin": 0.09783337643495527,
      "incr_op_margin_yoy": 0.12045535291331123,
      "rev_growth_yoy": 0.10950643321115879,
      "rev_growth_yoy_accel": -0.007635108637166821,
      "fcf_margin_change": 0.003153074489190291
    }
  ],
  "signals": [
    {
      "quarter": "2025-06 (Q2)",
      "signal": "OPERATING LEVERAGE",
      "detail": "Rev growth +18.1% vs OpEx growth +0.9% (leverage: 19.7x)",
      "severity": "MEDIUM"
    },
    {
      "quarter": "2025-06 (Q2)",
      "signal": "INCREMENTAL MARGIN (YoY)",
      "detail": "YoY Incr OPM: +31.5% vs year-ago OPM: +8.8%",
      "severity": "HIGH"
    },
    {
      "quarter": "2025-03 (Q1)",
      "signal": "INCREMENTAL MARGIN (YoY)",
      "detail": "YoY Incr OPM: +59.8% vs year-ago OPM: +1.4%",
      "severity": "HIGH"
    },
    {
      "quarter": "2024-12 (Q4)",
      "signal": "YoY REVENUE GROWTH DECELERATION",
      "detail": "YoY growth: +15.3% vs prior quarter YoY: +32.9% (decel: -17.6%)",
      "severity": "WARNING"
    },
    {
      "quarter": "2024-06 (Q2)",
      "signal": "FCF TURNED POSITIVE",
      "detail": "FCF margin: -1.5% -> +11.8%",
      "severity": "HIGH"
    },
    {
      "quarter": "2024-06 (Q2)",
      "signal": "GROSS MARGIN INFLECTION",
      "detail": "GM: +25.3% -> +18.3% -> +26.2% (reversal +7.8%)",
      "severity": "HIGH"
    },
    {
      "quarter": "2024-06 (Q2)",
      "signal": "YoY REVENUE GROWTH ACCELERATION",
      "detail": "YoY growth: +35.1% vs prior quarter YoY: +9.1% (accel: +26.0%)",
      "severity": "HIGH"
    },
    {
      "quarter": "2024-03 (Q1)",
      "signal": "YoY REVENUE GROWTH ACCELERATION",
      "detail": "YoY growth: +9.1% vs prior quarter YoY: -3.9% (accel: +13.0%)",
      "severity": "MEDIUM"
    },
    {
      "quarter": "2023-12 (Q4)",
      "signal": "YoY REVENUE GROWTH ACCELERATION",
      "detail": "YoY growth: -3.9% vs prior quarter YoY: -42.5% (accel: +38.5%)",
      "severity": "HIGH"
    },
    {
      "quarter": "2023-12 (Q4)",
      "signal": "INCREMENTAL MARGIN (YoY)",
      "detail": "YoY Incr OPM: +201.5% vs year-ago OPM: +17.6%",
      "severity": "HIGH"
    },
    {
      "quarter": "2023-09 (Q3)",
      "signal": "YoY REVENUE GROWTH DECELERATION",
      "detail": "YoY growth: -42.5% vs prior quarter YoY: -36.0% (decel: -6.5%)",
      "severity": "WARNING"
    },
    {
      "quarter": "2023-09 (Q3)",
      "signal": "INCREMENTAL MARGIN (YoY)",
      "detail": "YoY Incr OPM: +40.3% vs year-ago OPM: +23.6%",
      "severity": "MEDIUM"
    },
    {
      "quarter": "2023-07 (Q3)",
      "signal": "FCF MARGIN EXPANSION",
      "detail": "FCF margin: +7.8% -> +13.9% (+6.1%)",
      "severity": "MEDIUM"
    },
    {
      "quarter": "2023-07 (Q3)",
      "signal": "YoY REVENUE GROWTH DECELERATION",
      "detail": "YoY growth: -36.0% vs prior quarter YoY: -23.0% (decel: -13.0%)",
      "severity": "WARNING"
    },
    {
      "quarter": "2023-07 (Q3)",
      "signal": "INCREMENTAL MARGIN (YoY)",
      "detail": "YoY Incr OPM: +37.5% vs year-ago OPM: +21.6%",
      "severity": "MEDIUM"
    },
    {
      "quarter": "2023-04 (Q2)",
      "signal": "YoY REVENUE GROWTH DECELERATION",
      "detail": "YoY growth: -23.0% vs prior quarter YoY: +8.9% (decel: -31.9%)",
      "severity": "WARNING"
    },
    {
      "quarter": "2023-04 (Q2)",
      "signal": "INCREMENTAL MARGIN (YoY)",
      "detail": "YoY Incr OPM: +32.2% vs year-ago OPM: +18.2%",
      "severity": "MEDIUM"
    },
    {
      "quarter": "2022-12 (Q4)",
      "signal": "YoY REVENUE GROWTH DECELERATION",
      "detail": "YoY growth: +8.9% vs prior quarter YoY: +53.9% (decel: -45.0%)",
      "severity": "WARNING"
    },
    {
      "quarter": "2022-10 (Q4)",
      "signal": "FCF MARGIN EXPANSION",
      "detail": "FCF margin: +5.2% -> +26.6% (+21.4%)",
      "severity": "MEDIUM"
    },
    {
      "quarter": "2022-10 (Q4)",
      "signal": "YoY REVENUE GROWTH ACCELERATION",
      "detail": "YoY growth: +53.9% vs prior quarter YoY: +42.3% (accel: +11.6%)",
      "severity": "MEDIUM"
    },
    {
      "quarter": "2022-10 (Q4)",
      "signal": "INCREMENTAL MARGIN (YoY)",
      "detail": "YoY Incr OPM: +43.2% vs year-ago OPM: +13.0%",
      "severity": "HIGH"
    },
    {
      "quarter": "2022-07 (Q3)",
      "signal": "INCREMENTAL MARGIN (YoY)",
      "detail": "YoY Incr OPM: +46.2% vs year-ago OPM: +11.3%",
      "severity": "HIGH"
    },
    {
      "quarter": "2022-04 (Q2)",
      "signal": "INCREMENTAL MARGIN (YoY)",
      "detail": "YoY Incr OPM: +36.4% vs year-ago OPM: +10.4%",
      "severity": "HIGH"
    },
    {
      "quarter": "2021-10 (Q4)",
      "signal": "FCF MARGIN EXPANSION",
      "detail": "FCF margin: +4.4% -> +9.7% (+5.3%)",
      "severity": "MEDIUM"
    },
    {
      "quarter": "2021-10 (Q4)",
      "signal": "GROSS MARGIN INFLECTION",
      "detail": "GM: +22.1% -> +21.9% -> +24.7% (reversal +2.8%)",
      "severity": "MEDIUM"
    },
    {
      "quarter": "2021-07 (Q3)",
      "signal": "OPERATING LEVERAGE",
      "detail": "Rev growth +14.0% vs OpEx growth +3.0% (leverage: 4.7x)",
      "severity": "MEDIUM"
    }
  ],
  "data_quality": {
    "n_quarters": 20,
    "coverage": {
      "revenue": [
        20,
        20
      ],
      "gross_profit": [
        20,
        20
      ],
      "op_income": [
        19,
        20
      ],
      "fcf": [
        19,
        20
      ]
    },
    "gaps": [],
    "warnings": []
  },
  "market_cap": null,
  "source": "SEC EDGAR",
  "last_updated": "2026-02-02T21:05:19.598733"
}