{
  "ticker": "SKYT",
  "name": "SkyWater Technology, Inc",
  "quarters": [
    {
      "date": "2021-01-03T00:00:00",
      "quarter_label": "2021-01 (Q1)",
      "revenue": 39772000,
      "gross_profit": 3528000,
      "operating_income": -5598000,
      "net_income": -12298000,
      "opex": 9126000,
      "cogs": 36244000,
      "rd": 1672000,
      "sga": 6713000,
      "fcf": -15729000,
      "ocf": 4526000,
      "capex": -20255000,
      "gross_margin": 0.08870562204566027,
      "op_margin": -0.14075228804183848,
      "fcf_margin": -0.39547923162023535
    },
    {
      "date": "2021-04-04T00:00:00",
      "quarter_label": "2021-04 (Q2)",
      "revenue": 48101000,
      "gross_profit": 9166000,
      "operating_income": -1420000,
      "net_income": -2811000,
      "opex": 10586000,
      "cogs": 38935000,
      "rd": 1927000,
      "sga": 8603000,
      "fcf": -13602000,
      "ocf": -8424000,
      "capex": -5178000,
      "gross_margin": 0.19055736886967006,
      "op_margin": -0.02952121577513981,
      "fcf_margin": -0.2827799837841209,
      "op_leverage_ratio": 1.3090102281635458,
      "fcf_margin_change": 0.11269924783611446
    },
    {
      "date": "2021-07-04T00:00:00",
      "quarter_label": "2021-07 (Q3)",
      "revenue": 41189000,
      "gross_profit": 1812000,
      "operating_income": -16000000,
      "net_income": -6979000,
      "opex": 17812000,
      "cogs": 39377000,
      "rd": 3339000,
      "sga": 15415000,
      "fcf": -30107000,
      "ocf": -22387000,
      "capex": -7720000,
      "gross_margin": 0.04399232804875088,
      "op_margin": -0.3884532278035398,
      "fcf_margin": -0.7309475830925732,
      "fcf_margin_change": -0.44816759930845235
    },
    {
      "date": "2021-10-03T00:00:00",
      "quarter_label": "2021-10 (Q4)",
      "revenue": 35025000,
      "gross_profit": -1827000,
      "operating_income": -12036000,
      "net_income": -13870000,
      "opex": 10209000,
      "cogs": 36852000,
      "rd": 2253000,
      "sga": 9626000,
      "fcf": -23309000,
      "ocf": -6430000,
      "capex": -16879000,
      "gross_margin": -0.0521627408993576,
      "op_margin": -0.34364025695931477,
      "fcf_margin": -0.665496074232691,
      "fcf_margin_change": 0.06545150885988227
    },
    {
      "date": "2022-01-02T00:00:00",
      "quarter_label": "2022-01 (Q1)",
      "revenue": 38533000,
      "gross_profit": -16623000,
      "operating_income": -27648000,
      "net_income": -27036000,
      "opex": 11025000,
      "cogs": 55156000,
      "rd": 1228000,
      "sga": 9951000,
      "fcf": -19424000,
      "ocf": -18439000,
      "capex": -985000,
      "gross_margin": -0.4313964653673475,
      "op_margin": -0.7175148573949601,
      "fcf_margin": -0.5040874056003944,
      "incr_op_margin_yoy": 17.796610169491526,
      "rev_growth_yoy": -0.03115256964698783,
      "op_leverage_ratio": 1.2530675567871687,
      "fcf_margin_change": 0.16140866863229653
    },
    {
      "date": "2022-04-03T00:00:00",
      "quarter_label": "2022-04 (Q2)",
      "revenue": 48121000,
      "gross_profit": -940000,
      "operating_income": -14912000,
      "net_income": -16606000,
      "opex": 13972000,
      "cogs": 49061000,
      "rd": 2282000,
      "sga": 11690000,
      "fcf": -15206000,
      "ocf": -10792000,
      "capex": -4414000,
      "gross_margin": -0.019534091145238047,
      "op_margin": -0.3098854969763721,
      "fcf_margin": -0.31599509569626566,
      "rev_growth_yoy": 0.0004157917714808424,
      "rev_growth_yoy_accel": 0.03156836141846867,
      "op_leverage_ratio": 0.9308799262846116,
      "fcf_margin_change": 0.18809230990412878
    },
    {
      "date": "2022-07-03T00:00:00",
      "quarter_label": "2022-07 (Q3)",
      "revenue": 47407000,
      "gross_profit": 2080000,
      "operating_income": -11076000,
      "net_income": -13005000,
      "opex": 13156000,
      "cogs": 45327000,
      "rd": 2361000,
      "sga": 10795000,
      "fcf": -4119000,
      "ocf": -3070000,
      "capex": -1049000,
      "gross_margin": 0.04387537705402156,
      "op_margin": -0.2336363828126648,
      "fcf_margin": -0.08688590292572827,
      "incr_op_margin_yoy": 0.7918944998391766,
      "rev_growth_yoy": 0.15096263565515064,
      "rev_growth_yoy_accel": 0.1505468438836698,
      "fcf_margin_change": 0.22910919277053737
    },
    {
      "date": "2022-10-02T00:00:00",
      "quarter_label": "2022-10 (Q4)",
      "revenue": 52326000,
      "gross_profit": 8277000,
      "operating_income": -5081000,
      "net_income": -6939000,
      "opex": 13358000,
      "cogs": 44049000,
      "rd": 2580000,
      "sga": 10778000,
      "fcf": 1992000,
      "ocf": 7854000,
      "capex": -5862000,
      "gross_margin": 0.15818140121545693,
      "op_margin": -0.09710277873332569,
      "fcf_margin": 0.03806902878110308,
      "incr_op_margin_yoy": 0.40199988439974566,
      "rev_growth_yoy": 0.49396145610278375,
      "rev_growth_yoy_accel": 0.3429988204476331,
      "op_leverage_ratio": 6.757823498931832,
      "fcf_margin_change": 0.12495493170683136
    },
    {
      "date": "2023-01-01T00:00:00",
      "quarter_label": "2023-01 (Q1)",
      "revenue": 65087000,
      "gross_profit": 16550000,
      "operating_income": 1302000,
      "net_income": -3043000,
      "opex": 15248000,
      "cogs": 48537000,
      "rd": 2208000,
      "sga": 13040000,
      "fcf": -14017000,
      "ocf": -8289000,
      "capex": -5728000,
      "gross_margin": 0.25427504724445743,
      "op_margin": 0.020003994653310184,
      "fcf_margin": -0.21535790557254136,
      "incr_op_margin_yoy": 1.0902312269337953,
      "rev_growth_yoy": 0.6891236083357123,
      "rev_growth_yoy_accel": 0.19516215223292854,
      "op_leverage_ratio": 1.7236409631356695,
      "fcf_margin_change": -0.25342693435364444
    },
    {
      "date": "2023-04-02T00:00:00",
      "quarter_label": "2023-04 (Q2)",
      "revenue": 66094000,
      "gross_profit": 16468000,
      "operating_income": -1095000,
      "net_income": -4273000,
      "opex": 17563000,
      "cogs": 49626000,
      "rd": 2668000,
      "sga": 14895000,
      "fcf": -13937000,
      "ocf": -11086000,
      "capex": -2851000,
      "gross_margin": 0.24916028686416317,
      "op_margin": -0.01656731322056465,
      "fcf_margin": -0.21086634187672104,
      "incr_op_margin_yoy": 0.7687642574973571,
      "rev_growth_yoy": 0.3734959788865568,
      "rev_growth_yoy_accel": -0.3156276294491555,
      "op_leverage_ratio": 0.10190537795217507,
      "fcf_margin_change": 0.004491563695820322
    },
    {
      "date": "2023-07-02T00:00:00",
      "quarter_label": "2023-07 (Q3)",
      "revenue": 69811000,
      "gross_profit": 16667000,
      "operating_income": -3549000,
      "net_income": -8590000,
      "opex": 20216000,
      "cogs": 53144000,
      "rd": 2396000,
      "sga": 17820000,
      "fcf": -6679000,
      "ocf": -6922000,
      "capex": 243000,
      "gross_margin": 0.23874461044821016,
      "op_margin": -0.0508372606036298,
      "fcf_margin": -0.09567260173898097,
      "incr_op_margin_yoy": 0.3359667916443492,
      "rev_growth_yoy": 0.4725884363068745,
      "rev_growth_yoy_accel": 0.09909245742031775,
      "op_leverage_ratio": 0.37229909141158435,
      "fcf_margin_change": 0.11519374013774007
    },
    {
      "date": "2023-10-01T00:00:00",
      "quarter_label": "2023-10 (Q4)",
      "revenue": 71624000,
      "gross_profit": 14147000,
      "operating_income": -4191000,
      "net_income": -7568000,
      "opex": 18338000,
      "cogs": 57477000,
      "rd": 2233000,
      "sga": 16105000,
      "fcf": -4910000,
      "ocf": -3654000,
      "capex": -1256000,
      "gross_margin": 0.19751759186864737,
      "op_margin": -0.05851390595331174,
      "fcf_margin": -0.06855244052272981,
      "incr_op_margin_yoy": 0.04611876878432998,
      "rev_growth_yoy": 0.3688032717960478,
      "rev_growth_yoy_accel": -0.1037851645108267,
      "op_leverage_ratio": Infinity,
      "fcf_margin_change": 0.02712016121625116
    },
    {
      "date": "2023-12-31T00:00:00",
      "quarter_label": "2023-12 (Q4)",
      "revenue": 79153000,
      "gross_profit": 12010000,
      "operating_income": -5953000,
      "net_income": -10325000,
      "opex": 17963000,
      "cogs": 67143000,
      "rd": 2873000,
      "sga": 15090000,
      "fcf": 26989000,
      "ocf": 31743000,
      "capex": -4754000,
      "gross_margin": 0.1517314567988579,
      "op_margin": -0.07520877288289768,
      "fcf_margin": 0.34097254683966494,
      "incr_op_margin_yoy": -0.5157827385184132,
      "rev_growth_yoy": 0.21611074408099928,
      "rev_growth_yoy_accel": -0.15269252771504854,
      "op_leverage_ratio": Infinity,
      "fcf_margin_change": 0.40952498736239473
    },
    {
      "date": "2024-03-31T00:00:00",
      "quarter_label": "2024-03 (Q1)",
      "revenue": 79636000,
      "gross_profit": 12980000,
      "operating_income": -2201000,
      "net_income": -5729000,
      "opex": 15181000,
      "cogs": 66656000,
      "rd": 4012000,
      "sga": 11169000,
      "fcf": -5183000,
      "ocf": -3924000,
      "capex": -1259000,
      "gross_margin": 0.162991611833844,
      "op_margin": -0.027638254055954593,
      "fcf_margin": -0.06508363051886082,
      "incr_op_margin_yoy": -0.08167183577019643,
      "rev_growth_yoy": 0.2048900051441886,
      "rev_growth_yoy_accel": -0.011220738936810692,
      "fcf_margin_change": -0.4060561773585257
    },
    {
      "date": "2024-06-30T00:00:00",
      "quarter_label": "2024-06 (Q2)",
      "revenue": 93329000,
      "gross_profit": 17114000,
      "operating_income": 1400000,
      "net_income": -1897000,
      "opex": 15714000,
      "cogs": 76215000,
      "rd": 3382000,
      "sga": 12332000,
      "fcf": 8520000,
      "ocf": 9347000,
      "capex": -827000,
      "gross_margin": 0.1833727994514031,
      "op_margin": 0.015000696460907114,
      "fcf_margin": 0.09128995274780614,
      "incr_op_margin_yoy": 0.21043456076196956,
      "rev_growth_yoy": 0.3368810072911146,
      "rev_growth_yoy_accel": 0.131991002146926,
      "op_leverage_ratio": 4.89736351525143,
      "fcf_margin_change": 0.15637358326666695
    },
    {
      "date": "2024-09-29T00:00:00",
      "quarter_label": "2024-09 (Q3)",
      "revenue": 93817000,
      "gross_profit": 20235000,
      "operating_income": 4709000,
      "net_income": 1512000,
      "opex": 15526000,
      "cogs": 73582000,
      "rd": 3431000,
      "sga": 12095000,
      "fcf": 9141000,
      "ocf": 14316000,
      "capex": -5175000,
      "gross_margin": 0.21568585650788236,
      "op_margin": 0.050193461739343616,
      "fcf_margin": 0.09743436690578466,
      "incr_op_margin_yoy": 0.401027350966521,
      "rev_growth_yoy": 0.30985423880263596,
      "rev_growth_yoy_accel": -0.027026768488478625,
      "fcf_margin_change": 0.00614441415797852
    },
    {
      "date": "2024-12-29T00:00:00",
      "quarter_label": "2024-12 (Q4)",
      "revenue": 75487000,
      "gross_profit": 19297000,
      "operating_income": 2654000,
      "net_income": -679000,
      "opex": 16643000,
      "cogs": 56190000,
      "rd": 4215000,
      "sga": 12428000,
      "fcf": -1959000,
      "ocf": -1279000,
      "capex": -680000,
      "gross_margin": 0.2556334203240293,
      "op_margin": 0.03515837164014996,
      "fcf_margin": -0.025951488335739927,
      "incr_op_margin_yoy": -2.3477905073649756,
      "rev_growth_yoy": -0.04631536391545488,
      "rev_growth_yoy_accel": -0.35616960271809084,
      "fcf_margin_change": -0.1233858552415246
    },
    {
      "date": "2025-03-30T00:00:00",
      "quarter_label": "2025-03 (Q1)",
      "revenue": 61296000,
      "gross_profit": 14257000,
      "operating_income": -4022000,
      "net_income": -7345000,
      "opex": 18279000,
      "cogs": 47039000,
      "rd": 3249000,
      "sga": 15030000,
      "fcf": 41197000,
      "ocf": 55967000,
      "capex": -14770000,
      "gross_margin": 0.23259266510049595,
      "op_margin": -0.06561602714695902,
      "fcf_margin": 0.6720993213260246,
      "incr_op_margin_yoy": 0.09929116684841875,
      "rev_growth_yoy": -0.23029785524134813,
      "rev_growth_yoy_accel": -0.18398249132589325,
      "fcf_margin_change": 0.6980508096617645
    },
    {
      "date": "2025-06-29T00:00:00",
      "quarter_label": "2025-06 (Q2)",
      "revenue": 59063000,
      "gross_profit": 10899000,
      "operating_income": -6478000,
      "net_income": -9978000,
      "opex": 17377000,
      "cogs": 48164000,
      "rd": 3368000,
      "sga": 14009000,
      "fcf": -4304000,
      "ocf": -1667000,
      "capex": -2637000,
      "gross_margin": 0.18453177115960923,
      "op_margin": -0.1096794947767638,
      "fcf_margin": -0.07287134077171833,
      "incr_op_margin_yoy": 0.22990719663806689,
      "rev_growth_yoy": -0.36715276066388797,
      "rev_growth_yoy_accel": -0.13685490542253984,
      "fcf_margin_change": -0.7449706620977429
    },
    {
      "date": "2025-09-28T00:00:00",
      "quarter_label": "2025-09 (Q3)",
      "revenue": 150741000,
      "gross_profit": 36221000,
      "operating_income": 7854000,
      "net_income": 144013000,
      "opex": 28367000,
      "cogs": 114520000,
      "rd": 4370000,
      "sga": 23997000,
      "fcf": -48023000,
      "ocf": -47193000,
      "capex": -830000,
      "gross_margin": 0.24028631891787902,
      "op_margin": 0.05210261309132883,
      "fcf_margin": -0.3185795503545817,
      "incr_op_margin_yoy": 0.055249104068582675,
      "rev_growth_yoy": 0.6067557052559771,
      "rev_growth_yoy_accel": 0.9739084659198651,
      "op_leverage_ratio": 2.454294853368044,
      "fcf_margin_change": -0.24570820958286335
    }
  ],
  "signals": [
    {
      "quarter": "2025-09 (Q3)",
      "signal": "OPERATING LEVERAGE",
      "detail": "Rev growth +155.2% vs OpEx growth +63.2% (leverage: 2.5x)",
      "severity": "MEDIUM"
    },
    {
      "quarter": "2025-09 (Q3)",
      "signal": "GROSS MARGIN INFLECTION",
      "detail": "GM: +23.3% -> +18.5% -> +24.0% (reversal +5.6%)",
      "severity": "HIGH"
    },
    {
      "quarter": "2025-09 (Q3)",
      "signal": "YoY REVENUE GROWTH ACCELERATION",
      "detail": "YoY growth: +60.7% vs prior quarter YoY: -36.7% (accel: +97.4%)",
      "severity": "HIGH"
    },
    {
      "quarter": "2025-09 (Q3)",
      "signal": "OP MARGIN TURNED POSITIVE (QoQ)",
      "detail": "Op margin: -11.0% -> +5.2%",
      "severity": "HIGH"
    },
    {
      "quarter": "2025-06 (Q2)",
      "signal": "YoY REVENUE GROWTH DECELERATION",
      "detail": "YoY growth: -36.7% vs prior quarter YoY: -23.0% (decel: -13.7%)",
      "severity": "WARNING"
    },
    {
      "quarter": "2025-03 (Q1)",
      "signal": "FCF TURNED POSITIVE",
      "detail": "FCF margin: -2.6% -> +67.2%",
      "severity": "HIGH"
    },
    {
      "quarter": "2025-03 (Q1)",
      "signal": "YoY REVENUE GROWTH DECELERATION",
      "detail": "YoY growth: -23.0% vs prior quarter YoY: -4.6% (decel: -18.4%)",
      "severity": "WARNING"
    },
    {
      "quarter": "2024-12 (Q4)",
      "signal": "YoY REVENUE GROWTH DECELERATION",
      "detail": "YoY growth: -4.6% vs prior quarter YoY: +31.0% (decel: -35.6%)",
      "severity": "WARNING"
    },
    {
      "quarter": "2024-12 (Q4)",
      "signal": "OP MARGIN TURNED POSITIVE (YoY)",
      "detail": "Op margin: -7.5% (year-ago) -> +3.5%",
      "severity": "HIGH"
    },
    {
      "quarter": "2024-09 (Q3)",
      "signal": "OP MARGIN TURNED POSITIVE (YoY)",
      "detail": "Op margin: -5.9% (year-ago) -> +5.0%",
      "severity": "HIGH"
    },
    {
      "quarter": "2024-06 (Q2)",
      "signal": "FCF TURNED POSITIVE",
      "detail": "FCF margin: -6.5% -> +9.1%",
      "severity": "HIGH"
    },
    {
      "quarter": "2024-06 (Q2)",
      "signal": "OPERATING LEVERAGE",
      "detail": "Rev growth +17.2% vs OpEx growth +3.5% (leverage: 4.9x)",
      "severity": "MEDIUM"
    },
    {
      "quarter": "2024-06 (Q2)",
      "signal": "YoY REVENUE GROWTH ACCELERATION",
      "detail": "YoY growth: +33.7% vs prior quarter YoY: +20.5% (accel: +13.2%)",
      "severity": "MEDIUM"
    },
    {
      "quarter": "2024-06 (Q2)",
      "signal": "OP MARGIN TURNED POSITIVE (YoY)",
      "detail": "Op margin: -5.1% (year-ago) -> +1.5%",
      "severity": "HIGH"
    },
    {
      "quarter": "2024-06 (Q2)",
      "signal": "OP MARGIN TURNED POSITIVE (QoQ)",
      "detail": "Op margin: -2.8% -> +1.5%",
      "severity": "HIGH"
    },
    {
      "quarter": "2023-12 (Q4)",
      "signal": "FCF TURNED POSITIVE",
      "detail": "FCF margin: -6.9% -> +34.1%",
      "severity": "HIGH"
    },
    {
      "quarter": "2023-12 (Q4)",
      "signal": "YoY REVENUE GROWTH DECELERATION",
      "detail": "YoY growth: +21.6% vs prior quarter YoY: +36.9% (decel: -15.3%)",
      "severity": "WARNING"
    },
    {
      "quarter": "2023-10 (Q4)",
      "signal": "YoY REVENUE GROWTH DECELERATION",
      "detail": "YoY growth: +36.9% vs prior quarter YoY: +47.3% (decel: -10.4%)",
      "severity": "WARNING"
    },
    {
      "quarter": "2023-07 (Q3)",
      "signal": "FCF MARGIN EXPANSION",
      "detail": "FCF margin: -21.1% -> -9.6% (+11.5%)",
      "severity": "MEDIUM"
    },
    {
      "quarter": "2023-07 (Q3)",
      "signal": "YoY REVENUE GROWTH ACCELERATION",
      "detail": "YoY growth: +47.3% vs prior quarter YoY: +37.3% (accel: +9.9%)",
      "severity": "MEDIUM"
    },
    {
      "quarter": "2023-04 (Q2)",
      "signal": "YoY REVENUE GROWTH DECELERATION",
      "detail": "YoY growth: +37.3% vs prior quarter YoY: +68.9% (decel: -31.6%)",
      "severity": "WARNING"
    },
    {
      "quarter": "2023-01 (Q1)",
      "signal": "OPERATING LEVERAGE",
      "detail": "Rev growth +24.4% vs OpEx growth +14.1% (leverage: 1.7x)",
      "severity": "MEDIUM"
    },
    {
      "quarter": "2023-01 (Q1)",
      "signal": "YoY REVENUE GROWTH ACCELERATION",
      "detail": "YoY growth: +68.9% vs prior quarter YoY: +49.4% (accel: +19.5%)",
      "severity": "HIGH"
    },
    {
      "quarter": "2023-01 (Q1)",
      "signal": "OP MARGIN TURNED POSITIVE (YoY)",
      "detail": "Op margin: -71.8% (year-ago) -> +2.0%",
      "severity": "HIGH"
    },
    {
      "quarter": "2023-01 (Q1)",
      "signal": "OP MARGIN TURNED POSITIVE (QoQ)",
      "detail": "Op margin: -9.7% -> +2.0%",
      "severity": "HIGH"
    },
    {
      "quarter": "2022-10 (Q4)",
      "signal": "FCF TURNED POSITIVE",
      "detail": "FCF margin: -8.7% -> +3.8%",
      "severity": "HIGH"
    },
    {
      "quarter": "2022-10 (Q4)",
      "signal": "OPERATING LEVERAGE",
      "detail": "Rev growth +10.4% vs OpEx growth +1.5% (leverage: 6.8x)",
      "severity": "MEDIUM"
    },
    {
      "quarter": "2022-10 (Q4)",
      "signal": "YoY REVENUE GROWTH ACCELERATION",
      "detail": "YoY growth: +49.4% vs prior quarter YoY: +15.1% (accel: +34.3%)",
      "severity": "HIGH"
    },
    {
      "quarter": "2022-07 (Q3)",
      "signal": "FCF MARGIN EXPANSION",
      "detail": "FCF margin: -31.6% -> -8.7% (+22.9%)",
      "severity": "MEDIUM"
    },
    {
      "quarter": "2022-07 (Q3)",
      "signal": "YoY REVENUE GROWTH ACCELERATION",
      "detail": "YoY growth: +15.1% vs prior quarter YoY: +0.0% (accel: +15.1%)",
      "severity": "HIGH"
    },
    {
      "quarter": "2022-04 (Q2)",
      "signal": "FCF MARGIN EXPANSION",
      "detail": "FCF margin: -50.4% -> -31.6% (+18.8%)",
      "severity": "MEDIUM"
    },
    {
      "quarter": "2022-04 (Q2)",
      "signal": "GROSS MARGIN INFLECTION",
      "detail": "GM: -5.2% -> -43.1% -> -2.0% (reversal +41.2%)",
      "severity": "HIGH"
    },
    {
      "quarter": "2022-01 (Q1)",
      "signal": "FCF MARGIN EXPANSION",
      "detail": "FCF margin: -66.5% -> -50.4% (+16.1%)",
      "severity": "MEDIUM"
    },
    {
      "quarter": "2021-10 (Q4)",
      "signal": "FCF MARGIN EXPANSION",
      "detail": "FCF margin: -73.1% -> -66.5% (+6.5%)",
      "severity": "MEDIUM"
    },
    {
      "quarter": "2021-04 (Q2)",
      "signal": "FCF MARGIN EXPANSION",
      "detail": "FCF margin: -39.5% -> -28.3% (+11.3%)",
      "severity": "MEDIUM"
    }
  ],
  "data_quality": {
    "n_quarters": 20,
    "coverage": {
      "revenue": [
        20,
        20
      ],
      "gross_profit": [
        20,
        20
      ],
      "op_income": [
        20,
        20
      ],
      "fcf": [
        20,
        20
      ]
    },
    "gaps": [],
    "warnings": []
  },
  "market_cap": null,
  "source": "SEC EDGAR",
  "last_updated": "2026-02-02T21:45:06.380533"
}