{
  "ticker": "SLAB",
  "name": "SILICON LABORATORIES INC.",
  "sector": "Technology",
  "industry": "Semiconductors",
  "quarters": [
    {
      "date": "2021-04-03T00:00:00",
      "quarter_label": "2021-04 (Q2)",
      "revenue": 255505000,
      "gross_profit": 150583000,
      "operating_income": 22159000,
      "net_income": null,
      "opex": 128424000,
      "cogs": 104922000,
      "rd": 76474000,
      "sga": 51950000,
      "fcf": 8801000,
      "ocf": 14506000,
      "capex": -5705000,
      "gross_margin": 0.5893544157648578,
      "op_margin": 0.08672628715680711,
      "fcf_margin": 0.03444550987260523
    },
    {
      "date": "2021-07-03T00:00:00",
      "quarter_label": "2021-07 (Q3)",
      "revenue": 169492000,
      "gross_profit": 96298000,
      "operating_income": -11487000,
      "net_income": null,
      "opex": 107785000,
      "cogs": 73194000,
      "rd": 64832000,
      "sga": 42953000,
      "fcf": null,
      "ocf": null,
      "capex": -5074000,
      "gross_margin": 0.5681566091614944,
      "op_margin": -0.06777311023529134,
      "fcf_margin": null
    },
    {
      "date": "2021-10-02T00:00:00",
      "quarter_label": "2021-10 (Q4)",
      "revenue": 184831000,
      "gross_profit": 109509000,
      "operating_income": -9275000,
      "net_income": null,
      "opex": 118784000,
      "cogs": 75322000,
      "rd": 72656000,
      "sga": 46128000,
      "fcf": null,
      "ocf": null,
      "capex": -8689000,
      "gross_margin": 0.5924817806536782,
      "op_margin": -0.050180976134955715,
      "fcf_margin": null,
      "op_leverage_ratio": 0.8868557110489405
    },
    {
      "date": "2022-01-01T00:00:00",
      "quarter_label": "2022-01 (Q1)",
      "revenue": 208680000,
      "gross_profit": 127831000,
      "operating_income": 2639000,
      "net_income": null,
      "opex": 125192000,
      "cogs": 80849000,
      "rd": 71705000,
      "sga": 53487000,
      "fcf": null,
      "ocf": null,
      "capex": -9109000,
      "gross_margin": 0.612569484377995,
      "op_margin": 0.012646156795092966,
      "fcf_margin": null,
      "op_leverage_ratio": 2.3918327226361003
    },
    {
      "date": "2022-04-02T00:00:00",
      "quarter_label": "2022-04 (Q2)",
      "revenue": 233814000,
      "gross_profit": 155772000,
      "operating_income": 33583000,
      "net_income": null,
      "opex": 122189000,
      "cogs": 78042000,
      "rd": 77542000,
      "sga": 44647000,
      "fcf": null,
      "ocf": null,
      "capex": -4554000,
      "gross_margin": 0.6662218686648361,
      "op_margin": 0.1436312624564825,
      "fcf_margin": null,
      "incr_op_margin_yoy": -0.5266700474851321,
      "rev_growth_yoy": -0.0848946204575253,
      "op_leverage_ratio": null
    },
    {
      "date": "2022-07-02T00:00:00",
      "quarter_label": "2022-07 (Q3)",
      "revenue": 263150000,
      "gross_profit": 163903000,
      "operating_income": 31379000,
      "net_income": null,
      "opex": 132524000,
      "cogs": 99247000,
      "rd": 83511000,
      "sga": 49013000,
      "fcf": null,
      "ocf": null,
      "capex": -7768000,
      "gross_margin": 0.622850085502565,
      "op_margin": 0.1192437773133194,
      "fcf_margin": null,
      "incr_op_margin_yoy": 0.45768647632877063,
      "rev_growth_yoy": 0.5525806527741722,
      "rev_growth_yoy_accel": 0.6374752732316975,
      "op_leverage_ratio": 1.4833786186481144
    },
    {
      "date": "2022-10-01T00:00:00",
      "quarter_label": "2022-10 (Q4)",
      "revenue": 269817000,
      "gross_profit": 165585000,
      "operating_income": 30223000,
      "net_income": null,
      "opex": 135362000,
      "cogs": 104232000,
      "rd": 84624000,
      "sga": 50738000,
      "fcf": null,
      "ocf": null,
      "capex": -7735000,
      "gross_margin": 0.6136937257474511,
      "op_margin": 0.11201295693006742,
      "fcf_margin": null,
      "incr_op_margin_yoy": 0.4647589014661238,
      "rev_growth_yoy": 0.45980382078763843,
      "rev_growth_yoy_accel": -0.0927768319865338,
      "op_leverage_ratio": 1.1830666866447148
    },
    {
      "date": "2022-12-31T00:00:00",
      "quarter_label": "2022-12 (Q4)",
      "revenue": 257325000,
      "gross_profit": 157297000,
      "operating_income": 24075000,
      "net_income": null,
      "opex": 133222000,
      "cogs": 100028000,
      "rd": 86649000,
      "sga": 46573000,
      "fcf": null,
      "ocf": null,
      "capex": -6468000,
      "gross_margin": 0.6112775672787332,
      "op_margin": 0.09355872923345963,
      "fcf_margin": null,
      "incr_op_margin_yoy": 0.440661938534279,
      "rev_growth_yoy": 0.23310810810810811,
      "rev_growth_yoy_accel": -0.22669571267953031
    },
    {
      "date": "2023-04-01T00:00:00",
      "quarter_label": "2023-04 (Q2)",
      "revenue": 246787000,
      "gross_profit": 153860000,
      "operating_income": 19573000,
      "net_income": null,
      "opex": 134287000,
      "cogs": 92927000,
      "rd": 89396000,
      "sga": 44891000,
      "fcf": -20937000,
      "ocf": -13280000,
      "capex": -7657000,
      "gross_margin": 0.6234526129820452,
      "op_margin": 0.07931130894252938,
      "fcf_margin": -0.08483834237621916,
      "incr_op_margin_yoy": -1.0799352501348956,
      "rev_growth_yoy": 0.055484273824492975,
      "rev_growth_yoy_accel": -0.17762383428361514
    },
    {
      "date": "2023-07-01T00:00:00",
      "quarter_label": "2023-07 (Q3)",
      "revenue": 244866000,
      "gross_profit": 143775000,
      "operating_income": 17167000,
      "net_income": null,
      "opex": 126608000,
      "cogs": 101091000,
      "rd": 85902000,
      "sga": 40706000,
      "fcf": -8025000,
      "ocf": -2220000,
      "capex": -5805000,
      "gross_margin": 0.5871578741025704,
      "op_margin": 0.07010773239241054,
      "fcf_margin": -0.03277302688000784,
      "incr_op_margin_yoy": 0.7772916210894771,
      "rev_growth_yoy": -0.06948128443853316,
      "rev_growth_yoy_accel": -0.12496555826302613,
      "fcf_margin_change": 0.05206531549621132
    },
    {
      "date": "2023-09-30T00:00:00",
      "quarter_label": "2023-09 (Q3)",
      "revenue": 203760000,
      "gross_profit": 119025000,
      "operating_income": 12217000,
      "net_income": null,
      "opex": 106808000,
      "cogs": 84735000,
      "rd": 79042000,
      "sga": 27766000,
      "fcf": -38456000,
      "ocf": -33385000,
      "capex": -5071000,
      "gross_margin": 0.5841431095406361,
      "op_margin": 0.059957793482528464,
      "fcf_margin": -0.18873184138201807,
      "incr_op_margin_yoy": 0.27258276942640447,
      "rev_growth_yoy": -0.24482149012108206,
      "rev_growth_yoy_accel": -0.1753402056825489,
      "fcf_margin_change": -0.1559588145020102
    },
    {
      "date": "2023-12-30T00:00:00",
      "quarter_label": "2023-12 (Q4)",
      "revenue": 86845000,
      "gross_profit": 43926000,
      "operating_income": -73111000,
      "net_income": null,
      "opex": 117037000,
      "cogs": 42919000,
      "rd": 83404000,
      "sga": 33633000,
      "fcf": 14788000,
      "ocf": 18537000,
      "capex": -3749000,
      "gross_margin": 0.5057976855316944,
      "op_margin": -0.8418561805515574,
      "fcf_margin": 0.17028038459324082,
      "incr_op_margin_yoy": 0.5700727358047865,
      "rev_growth_yoy": -0.6625085009229573,
      "rev_growth_yoy_accel": -0.41768701080187526,
      "fcf_margin_change": 0.3590122259752589
    },
    {
      "date": "2024-03-30T00:00:00",
      "quarter_label": "2024-03 (Q1)",
      "revenue": 106375000,
      "gross_profit": 55069000,
      "operating_income": -59134000,
      "net_income": null,
      "opex": 114203000,
      "cogs": 51306000,
      "rd": 80650000,
      "sga": 33553000,
      "fcf": -73847000,
      "ocf": -71800000,
      "capex": -2047000,
      "gross_margin": 0.5176874265569917,
      "op_margin": -0.5559012925969448,
      "fcf_margin": -0.6942138660399529,
      "incr_op_margin_yoy": 0.560543258410962,
      "rev_growth_yoy": -0.5689602774862533,
      "rev_growth_yoy_accel": 0.09354822343670399,
      "op_leverage_ratio": null,
      "fcf_margin_change": -0.8644942506331937
    },
    {
      "date": "2024-06-29T00:00:00",
      "quarter_label": "2024-06 (Q2)",
      "revenue": 145367000,
      "gross_profit": 76583000,
      "operating_income": -48021000,
      "net_income": -82157000,
      "opex": 124604000,
      "cogs": 68784000,
      "rd": 85909000,
      "sga": 38695000,
      "fcf": 12604000,
      "ocf": 16134000,
      "capex": -3530000,
      "gross_margin": 0.526825207922018,
      "op_margin": -0.3303432003136888,
      "fcf_margin": 0.0867046853825146,
      "incr_op_margin_yoy": 0.6551623634408386,
      "rev_growth_yoy": -0.4063406107830405,
      "rev_growth_yoy_accel": 0.16261966670321282,
      "op_leverage_ratio": 4.024744864652465,
      "fcf_margin_change": 0.7809185514224676
    },
    {
      "date": "2024-09-28T00:00:00",
      "quarter_label": "2024-09 (Q3)",
      "revenue": 166395000,
      "gross_profit": 90313000,
      "operating_income": -29708000,
      "net_income": -28504000,
      "opex": 120021000,
      "cogs": 76082000,
      "rd": 83228000,
      "sga": 36793000,
      "fcf": 29419000,
      "ocf": 31627000,
      "capex": -2208000,
      "gross_margin": 0.5427627032062261,
      "op_margin": -0.1785390186003185,
      "fcf_margin": 0.17680218756573216,
      "incr_op_margin_yoy": 1.1220393416298675,
      "rev_growth_yoy": -0.18337750294464075,
      "rev_growth_yoy_accel": 0.22296310783839976,
      "op_leverage_ratio": null,
      "fcf_margin_change": 0.09009750218321755
    },
    {
      "date": "2024-12-28T00:00:00",
      "quarter_label": "2024-12 (Q4)",
      "revenue": 166249000,
      "gross_profit": 90223000,
      "operating_income": -28627000,
      "net_income": -23823000,
      "opex": 118850000,
      "cogs": 76026000,
      "rd": 82438000,
      "sga": 36412000,
      "fcf": 6166000,
      "ocf": 10129000,
      "capex": -3963000,
      "gross_margin": 0.5426980011909847,
      "op_margin": -0.17219351695348545,
      "fcf_margin": 0.03708894489590915,
      "incr_op_margin_yoy": 0.5602236663140396,
      "rev_growth_yoy": 0.9143186136219702,
      "rev_growth_yoy_accel": 1.097696116566611,
      "fcf_margin_change": -0.139713242669823
    },
    {
      "date": "2025-04-05T00:00:00",
      "quarter_label": "2025-04 (Q2)",
      "revenue": 177714000,
      "gross_profit": 97777000,
      "operating_income": -32080000,
      "net_income": null,
      "opex": 129857000,
      "cogs": 79937000,
      "rd": 88219000,
      "sga": 41638000,
      "fcf": 43276000,
      "ocf": 48128000,
      "capex": -4852000,
      "gross_margin": 0.5501930067411684,
      "op_margin": -0.1805147596700316,
      "fcf_margin": 0.2435148609563681,
      "incr_op_margin_yoy": 0.3792315563716901,
      "rev_growth_yoy": 0.6706368977673326,
      "rev_growth_yoy_accel": -0.2436817158546376,
      "op_leverage_ratio": 0.7446380717294765,
      "fcf_margin_change": 0.20642591606045896
    },
    {
      "date": "2025-07-05T00:00:00",
      "quarter_label": "2025-07 (Q3)",
      "revenue": 192845000,
      "gross_profit": 108109000,
      "operating_income": -22867000,
      "net_income": -21817000,
      "opex": 130976000,
      "cogs": 84736000,
      "rd": 87821000,
      "sga": 43155000,
      "fcf": -3789000,
      "ocf": 4908000,
      "capex": -8697000,
      "gross_margin": 0.5606004822525863,
      "op_margin": -0.11857709559490782,
      "fcf_margin": -0.01964790375690321,
      "incr_op_margin_yoy": 0.5298032773073845,
      "rev_growth_yoy": 0.32660782708592734,
      "rev_growth_yoy_accel": -0.34402907068140526,
      "op_leverage_ratio": 9.880553363331428,
      "fcf_margin_change": -0.2631627647132713
    },
    {
      "date": "2025-10-04T00:00:00",
      "quarter_label": "2025-10 (Q4)",
      "revenue": 205999000,
      "gross_profit": 119019000,
      "operating_income": -12342000,
      "net_income": -9936000,
      "opex": 131361000,
      "cogs": 86980000,
      "rd": 87685000,
      "sga": 43676000,
      "fcf": 27929000,
      "ocf": 34322000,
      "capex": -6393000,
      "gross_margin": 0.5777649406065078,
      "op_margin": -0.059912912198602904,
      "fcf_margin": 0.13557832805013617,
      "incr_op_margin_yoy": 0.4384910615089385,
      "rev_growth_yoy": 0.2380119594939752,
      "rev_growth_yoy_accel": -0.08859586759195215,
      "op_leverage_ratio": 23.204939893521917,
      "fcf_margin_change": 0.15522623180703937
    },
    {
      "date": "2026-01-03T00:00:00",
      "quarter_label": "2026-01 (Q1)",
      "revenue": 208206000,
      "gross_profit": 132078000,
      "operating_income": -3252000,
      "net_income": -2684000,
      "opex": 135330000,
      "cogs": 76128000,
      "rd": 89521000,
      "sga": 45809000,
      "fcf": -1630000,
      "ocf": 8350000,
      "capex": -9980000,
      "gross_margin": 0.6343621221290453,
      "op_margin": -0.015619146422293305,
      "fcf_margin": -0.007828784953363496,
      "incr_op_margin_yoy": 0.6047858521819959,
      "rev_growth_yoy": 0.25237445037263384,
      "rev_growth_yoy_accel": 0.014362490878658651,
      "op_leverage_ratio": 0.35458680300853596,
      "fcf_margin_change": -0.14340711300349968
    }
  ],
  "signals": [
    {
      "quarter": "2025-10 (Q4)",
      "signal": "FCF TURNED POSITIVE",
      "detail": "FCF margin: -2.0% -> +13.6%",
      "severity": "HIGH"
    },
    {
      "quarter": "2025-10 (Q4)",
      "signal": "OPERATING LEVERAGE",
      "detail": "Rev growth +6.8% vs OpEx growth +0.3% (leverage: 23.2x)",
      "severity": "MEDIUM"
    },
    {
      "quarter": "2025-10 (Q4)",
      "signal": "YoY REVENUE GROWTH DECELERATION",
      "detail": "YoY growth: +23.8% vs prior quarter YoY: +32.7% (decel: -8.9%)",
      "severity": "WARNING"
    },
    {
      "quarter": "2025-07 (Q3)",
      "signal": "OPERATING LEVERAGE",
      "detail": "Rev growth +8.5% vs OpEx growth +0.9% (leverage: 9.9x)",
      "severity": "MEDIUM"
    },
    {
      "quarter": "2025-07 (Q3)",
      "signal": "YoY REVENUE GROWTH DECELERATION",
      "detail": "YoY growth: +32.7% vs prior quarter YoY: +67.1% (decel: -34.4%)",
      "severity": "WARNING"
    },
    {
      "quarter": "2025-04 (Q2)",
      "signal": "FCF MARGIN EXPANSION",
      "detail": "FCF margin: +3.7% -> +24.4% (+20.6%)",
      "severity": "MEDIUM"
    },
    {
      "quarter": "2025-04 (Q2)",
      "signal": "YoY REVENUE GROWTH DECELERATION",
      "detail": "YoY growth: +67.1% vs prior quarter YoY: +91.4% (decel: -24.4%)",
      "severity": "WARNING"
    },
    {
      "quarter": "2024-12 (Q4)",
      "signal": "YoY REVENUE GROWTH ACCELERATION",
      "detail": "YoY growth: +91.4% vs prior quarter YoY: -18.3% (accel: +109.8%)",
      "severity": "HIGH"
    },
    {
      "quarter": "2024-09 (Q3)",
      "signal": "FCF MARGIN EXPANSION",
      "detail": "FCF margin: +8.7% -> +17.7% (+9.0%)",
      "severity": "MEDIUM"
    },
    {
      "quarter": "2024-09 (Q3)",
      "signal": "YoY REVENUE GROWTH ACCELERATION",
      "detail": "YoY growth: -18.3% vs prior quarter YoY: -40.6% (accel: +22.3%)",
      "severity": "HIGH"
    },
    {
      "quarter": "2024-06 (Q2)",
      "signal": "FCF TURNED POSITIVE",
      "detail": "FCF margin: -69.4% -> +8.7%",
      "severity": "HIGH"
    },
    {
      "quarter": "2024-06 (Q2)",
      "signal": "OPERATING LEVERAGE",
      "detail": "Rev growth +36.7% vs OpEx growth +9.1% (leverage: 4.0x)",
      "severity": "MEDIUM"
    },
    {
      "quarter": "2024-06 (Q2)",
      "signal": "YoY REVENUE GROWTH ACCELERATION",
      "detail": "YoY growth: -40.6% vs prior quarter YoY: -56.9% (accel: +16.3%)",
      "severity": "HIGH"
    },
    {
      "quarter": "2024-03 (Q1)",
      "signal": "YoY REVENUE GROWTH ACCELERATION",
      "detail": "YoY growth: -56.9% vs prior quarter YoY: -66.3% (accel: +9.4%)",
      "severity": "MEDIUM"
    },
    {
      "quarter": "2023-12 (Q4)",
      "signal": "FCF TURNED POSITIVE",
      "detail": "FCF margin: -18.9% -> +17.0%",
      "severity": "HIGH"
    },
    {
      "quarter": "2023-12 (Q4)",
      "signal": "YoY REVENUE GROWTH DECELERATION",
      "detail": "YoY growth: -66.3% vs prior quarter YoY: -24.5% (decel: -41.8%)",
      "severity": "WARNING"
    },
    {
      "quarter": "2023-09 (Q3)",
      "signal": "YoY REVENUE GROWTH DECELERATION",
      "detail": "YoY growth: -24.5% vs prior quarter YoY: -6.9% (decel: -17.5%)",
      "severity": "WARNING"
    },
    {
      "quarter": "2023-09 (Q3)",
      "signal": "INCREMENTAL MARGIN (YoY)",
      "detail": "YoY Incr OPM: +27.3% vs year-ago OPM: +11.2%",
      "severity": "MEDIUM"
    },
    {
      "quarter": "2023-07 (Q3)",
      "signal": "FCF MARGIN EXPANSION",
      "detail": "FCF margin: -8.5% -> -3.3% (+5.2%)",
      "severity": "MEDIUM"
    },
    {
      "quarter": "2023-07 (Q3)",
      "signal": "YoY REVENUE GROWTH DECELERATION",
      "detail": "YoY growth: -6.9% vs prior quarter YoY: +5.5% (decel: -12.5%)",
      "severity": "WARNING"
    },
    {
      "quarter": "2023-07 (Q3)",
      "signal": "INCREMENTAL MARGIN (YoY)",
      "detail": "YoY Incr OPM: +77.7% vs year-ago OPM: +11.9%",
      "severity": "HIGH"
    },
    {
      "quarter": "2023-04 (Q2)",
      "signal": "YoY REVENUE GROWTH DECELERATION",
      "detail": "YoY growth: +5.5% vs prior quarter YoY: +23.3% (decel: -17.8%)",
      "severity": "WARNING"
    },
    {
      "quarter": "2022-12 (Q4)",
      "signal": "YoY REVENUE GROWTH DECELERATION",
      "detail": "YoY growth: +23.3% vs prior quarter YoY: +46.0% (decel: -22.7%)",
      "severity": "WARNING"
    },
    {
      "quarter": "2022-12 (Q4)",
      "signal": "INCREMENTAL MARGIN (YoY)",
      "detail": "YoY Incr OPM: +44.1% vs year-ago OPM: +1.3%",
      "severity": "HIGH"
    },
    {
      "quarter": "2022-10 (Q4)",
      "signal": "YoY REVENUE GROWTH DECELERATION",
      "detail": "YoY growth: +46.0% vs prior quarter YoY: +55.3% (decel: -9.3%)",
      "severity": "WARNING"
    },
    {
      "quarter": "2022-10 (Q4)",
      "signal": "OP MARGIN TURNED POSITIVE (YoY)",
      "detail": "Op margin: -5.0% (year-ago) -> +11.2%",
      "severity": "HIGH"
    },
    {
      "quarter": "2022-07 (Q3)",
      "signal": "YoY REVENUE GROWTH ACCELERATION",
      "detail": "YoY growth: +55.3% vs prior quarter YoY: -8.5% (accel: +63.7%)",
      "severity": "HIGH"
    },
    {
      "quarter": "2022-07 (Q3)",
      "signal": "OP MARGIN TURNED POSITIVE (YoY)",
      "detail": "Op margin: -6.8% (year-ago) -> +11.9%",
      "severity": "HIGH"
    },
    {
      "quarter": "2022-01 (Q1)",
      "signal": "OPERATING LEVERAGE",
      "detail": "Rev growth +12.9% vs OpEx growth +5.4% (leverage: 2.4x)",
      "severity": "MEDIUM"
    },
    {
      "quarter": "2022-01 (Q1)",
      "signal": "OP MARGIN TURNED POSITIVE (QoQ)",
      "detail": "Op margin: -5.0% -> +1.3%",
      "severity": "HIGH"
    },
    {
      "quarter": "2021-10 (Q4)",
      "signal": "GROSS MARGIN INFLECTION",
      "detail": "GM: +58.9% -> +56.8% -> +59.2% (reversal +2.4%)",
      "severity": "MEDIUM"
    }
  ],
  "data_quality": {
    "n_quarters": 20,
    "coverage": {
      "revenue": [
        20,
        20
      ],
      "gross_profit": [
        20,
        20
      ],
      "op_income": [
        20,
        20
      ],
      "fcf": [
        13,
        20
      ]
    },
    "gaps": [],
    "warnings": [
      "fcf: 13/20Q"
    ]
  },
  "market_cap": null,
  "source": "SEC EDGAR",
  "last_updated": "2026-02-13T11:47:31.379305"
}