{
  "ticker": "SLDPW",
  "name": "Solid Power, Inc.",
  "quarters": [
    {
      "date": "2021-03-31T00:00:00",
      "quarter_label": "2021-03 (Q1)",
      "revenue": 480000,
      "gross_profit": null,
      "operating_income": -4293000,
      "net_income": -7141000,
      "opex": 4773000,
      "cogs": null,
      "rd": 3106000,
      "sga": 597000,
      "fcf": -3711000,
      "ocf": -3643000,
      "capex": -68000,
      "gross_margin": null,
      "op_margin": -8.94375,
      "fcf_margin": -7.73125
    },
    {
      "date": "2021-06-30T00:00:00",
      "quarter_label": "2021-06 (Q2)",
      "revenue": 561000,
      "gross_profit": null,
      "operating_income": -1876756,
      "net_income": -23154862,
      "opex": 6610000,
      "cogs": null,
      "rd": 3203000,
      "sga": 2332000,
      "fcf": -10215000,
      "ocf": -6513000,
      "capex": -3702000,
      "gross_margin": null,
      "op_margin": -3.3453761140819966,
      "fcf_margin": -18.20855614973262,
      "op_leverage_ratio": 0.43845604246053355,
      "fcf_margin_change": -10.47730614973262
    },
    {
      "date": "2021-09-30T00:00:00",
      "quarter_label": "2021-09 (Q3)",
      "revenue": 628000,
      "gross_profit": null,
      "operating_income": -2955733,
      "net_income": 5786915,
      "opex": 9109000,
      "cogs": null,
      "rd": 4400000,
      "sga": 3271000,
      "fcf": -10680000,
      "ocf": -7877000,
      "capex": -2803000,
      "gross_margin": null,
      "op_margin": -4.706581210191083,
      "fcf_margin": -17.006369426751593,
      "op_leverage_ratio": 0.31589819528524427,
      "fcf_margin_change": 1.2021867229810255
    },
    {
      "date": "2021-12-31T00:00:00",
      "quarter_label": "2021-12 (Q4)",
      "revenue": 1043000,
      "gross_profit": null,
      "operating_income": -7723000,
      "net_income": 42956000,
      "opex": 8766000,
      "cogs": null,
      "rd": 6393000,
      "sga": null,
      "fcf": -13451000,
      "ocf": -7407000,
      "capex": -6044000,
      "gross_margin": null,
      "op_margin": -7.404602109300096,
      "fcf_margin": -12.896452540747843,
      "op_leverage_ratio": Infinity,
      "fcf_margin_change": 4.1099168860037505
    },
    {
      "date": "2022-03-31T00:00:00",
      "quarter_label": "2022-03 (Q1)",
      "revenue": 2196000,
      "gross_profit": null,
      "operating_income": -11312000,
      "net_income": -10344000,
      "opex": 13508000,
      "cogs": null,
      "rd": 6661000,
      "sga": 4022000,
      "fcf": -24896000,
      "ocf": -14369000,
      "capex": -10527000,
      "gross_margin": null,
      "op_margin": -5.151183970856102,
      "fcf_margin": -11.336976320582878,
      "incr_op_margin_yoy": -4.090326340326341,
      "rev_growth_yoy": 3.575,
      "op_leverage_ratio": 2.043548340789332,
      "fcf_margin_change": 1.5594762201649655
    },
    {
      "date": "2022-06-30T00:00:00",
      "quarter_label": "2022-06 (Q2)",
      "revenue": 2582000,
      "gross_profit": null,
      "operating_income": -14696000,
      "net_income": 13667000,
      "opex": 17278000,
      "cogs": null,
      "rd": 8440000,
      "sga": 4894000,
      "fcf": -29019000,
      "ocf": -8589000,
      "capex": -20430000,
      "gross_margin": null,
      "op_margin": -5.691711851278079,
      "fcf_margin": -11.238962044926414,
      "incr_op_margin_yoy": -6.34302028698664,
      "rev_growth_yoy": 3.6024955436720143,
      "rev_growth_yoy_accel": 0.027495543672014122,
      "op_leverage_ratio": 0.629802921153967,
      "fcf_margin_change": 0.09801427565646392
    },
    {
      "date": "2022-09-30T00:00:00",
      "quarter_label": "2022-09 (Q3)",
      "revenue": 2813000,
      "gross_profit": null,
      "operating_income": -15599000,
      "net_income": -12399000,
      "opex": 18412000,
      "cogs": null,
      "rd": 9710000,
      "sga": 4294000,
      "fcf": -24486000,
      "ocf": -7528000,
      "capex": -16958000,
      "gross_margin": null,
      "op_margin": -5.545325275506577,
      "fcf_margin": -8.704585851404195,
      "incr_op_margin_yoy": -5.786392219679634,
      "rev_growth_yoy": 3.479299363057325,
      "rev_growth_yoy_accel": -0.12319618061468951,
      "op_leverage_ratio": 1.3631264882233125,
      "fcf_margin_change": 2.5343761935222187
    },
    {
      "date": "2022-12-31T00:00:00",
      "quarter_label": "2022-12 (Q4)",
      "revenue": 4198000,
      "gross_profit": null,
      "operating_income": -17511000,
      "net_income": -479000,
      "opex": 21709000,
      "cogs": null,
      "rd": 13781000,
      "sga": null,
      "fcf": -13719000,
      "ocf": -3338000,
      "capex": -10381000,
      "gross_margin": null,
      "op_margin": -4.171272034302048,
      "fcf_margin": -3.267984754645069,
      "incr_op_margin_yoy": -3.102377179080824,
      "rev_growth_yoy": 3.024928092042186,
      "rev_growth_yoy_accel": -0.45437127101513886,
      "op_leverage_ratio": 2.7495527772449524,
      "fcf_margin_change": 5.4366010967591265
    },
    {
      "date": "2023-03-31T00:00:00",
      "quarter_label": "2023-03 (Q1)",
      "revenue": 3792000,
      "gross_profit": null,
      "operating_income": -21318000,
      "net_income": -19158000,
      "opex": 25110000,
      "cogs": null,
      "rd": 11648000,
      "sga": 6756000,
      "fcf": -31212000,
      "ocf": -19631000,
      "capex": -11581000,
      "gross_margin": null,
      "op_margin": -5.621835443037975,
      "fcf_margin": -8.231012658227849,
      "incr_op_margin_yoy": -6.269423558897243,
      "rev_growth_yoy": 0.726775956284153,
      "rev_growth_yoy_accel": -2.298152135758033,
      "fcf_margin_change": -4.9630279035827805
    },
    {
      "date": "2023-06-30T00:00:00",
      "quarter_label": "2023-06 (Q2)",
      "revenue": 4906000,
      "gross_profit": null,
      "operating_income": -22172000,
      "net_income": -12205000,
      "opex": 27078000,
      "cogs": null,
      "rd": 14508000,
      "sga": null,
      "fcf": -26276000,
      "ocf": -16673000,
      "capex": -9603000,
      "gross_margin": null,
      "op_margin": -4.519364044027721,
      "fcf_margin": -5.355890746025275,
      "incr_op_margin_yoy": -3.216867469879518,
      "rev_growth_yoy": 0.9000774593338497,
      "rev_growth_yoy_accel": 0.17330150304969671,
      "op_leverage_ratio": 3.748335713183081,
      "fcf_margin_change": 2.875121912202574
    },
    {
      "date": "2023-09-30T00:00:00",
      "quarter_label": "2023-09 (Q3)",
      "revenue": 6366000,
      "gross_profit": null,
      "operating_income": -21497000,
      "net_income": -15142000,
      "opex": 27863000,
      "cogs": null,
      "rd": 14236000,
      "sga": null,
      "fcf": -23689000,
      "ocf": -15347000,
      "capex": -8342000,
      "gross_margin": null,
      "op_margin": -3.3768457430097394,
      "fcf_margin": -3.7211749921457744,
      "incr_op_margin_yoy": -1.6600056290458767,
      "rev_growth_yoy": 1.2630643441166014,
      "rev_growth_yoy_accel": 0.36298688478275165,
      "op_leverage_ratio": 10.265314018191685,
      "fcf_margin_change": 1.6347157538795005
    },
    {
      "date": "2023-12-31T00:00:00",
      "quarter_label": "2023-12 (Q4)",
      "revenue": 2347000,
      "gross_profit": null,
      "operating_income": -25631000,
      "net_income": -19042000,
      "opex": 27978000,
      "cogs": null,
      "rd": 14358000,
      "sga": null,
      "fcf": -11596000,
      "ocf": -6610000,
      "capex": -4986000,
      "gross_margin": null,
      "op_margin": -10.92074989348104,
      "fcf_margin": -4.9407754580315295,
      "incr_op_margin_yoy": 4.386817936250675,
      "rev_growth_yoy": -0.440924249642687,
      "rev_growth_yoy_accel": -1.7039885937592885,
      "fcf_margin_change": -1.219600465885755
    },
    {
      "date": "2024-03-31T00:00:00",
      "quarter_label": "2024-03 (Q1)",
      "revenue": 5953000,
      "gross_profit": null,
      "operating_income": -25781000,
      "net_income": -21207000,
      "opex": 31734000,
      "cogs": null,
      "rd": 18873000,
      "sga": null,
      "fcf": -33119000,
      "ocf": -29065000,
      "capex": -4054000,
      "gross_margin": null,
      "op_margin": -4.330757601209474,
      "fcf_margin": -5.563413405005879,
      "incr_op_margin_yoy": -2.065247570569181,
      "rev_growth_yoy": 0.5698839662447257,
      "rev_growth_yoy_accel": 1.0108082158874128,
      "op_leverage_ratio": 11.444681607000167,
      "fcf_margin_change": -0.6226379469743497
    },
    {
      "date": "2024-06-30T00:00:00",
      "quarter_label": "2024-06 (Q2)",
      "revenue": 5075000,
      "gross_profit": null,
      "operating_income": -26937000,
      "net_income": -22274000,
      "opex": 32012000,
      "cogs": null,
      "rd": 18526000,
      "sga": null,
      "fcf": -15520000,
      "ocf": -11114000,
      "capex": -4406000,
      "gross_margin": null,
      "op_margin": -5.307783251231527,
      "fcf_margin": -3.058128078817734,
      "rev_growth_yoy": 0.03444761516510395,
      "rev_growth_yoy_accel": -0.5354363510796217,
      "fcf_margin_change": 2.505285326188145
    },
    {
      "date": "2024-09-30T00:00:00",
      "quarter_label": "2024-09 (Q3)",
      "revenue": 4651000,
      "gross_profit": null,
      "operating_income": -27591000,
      "net_income": -22419000,
      "opex": 32242000,
      "cogs": null,
      "rd": 17319000,
      "sga": null,
      "fcf": -12627000,
      "ocf": -9851000,
      "capex": -2776000,
      "gross_margin": null,
      "op_margin": -5.932272629542034,
      "fcf_margin": -2.7149000215007524,
      "incr_op_margin_yoy": 3.5533527696793,
      "rev_growth_yoy": -0.2693999371661954,
      "rev_growth_yoy_accel": -0.3038475523312994,
      "fcf_margin_change": 0.3432280573169817
    },
    {
      "date": "2024-12-31T00:00:00",
      "quarter_label": "2024-12 (Q4)",
      "revenue": 4460000,
      "gross_profit": null,
      "operating_income": -25024000,
      "net_income": -30620000,
      "opex": 29484000,
      "cogs": null,
      "rd": 18623000,
      "sga": null,
      "fcf": -18575000,
      "ocf": -13869000,
      "capex": -4706000,
      "gross_margin": null,
      "op_margin": -5.610762331838565,
      "fcf_margin": -4.164798206278027,
      "incr_op_margin_yoy": 0.2872692853762423,
      "rev_growth_yoy": 0.9002982530890499,
      "rev_growth_yoy_accel": 1.1696981902552452,
      "fcf_margin_change": -1.4498981847772745
    },
    {
      "date": "2025-03-31T00:00:00",
      "quarter_label": "2025-03 (Q1)",
      "revenue": 6016000,
      "gross_profit": null,
      "operating_income": -24029000,
      "net_income": -15151000,
      "opex": 30045000,
      "cogs": null,
      "rd": 19022000,
      "sga": null,
      "fcf": -28645000,
      "ocf": -26291000,
      "capex": -2354000,
      "gross_margin": null,
      "op_margin": -3.994182180851064,
      "fcf_margin": -4.761469414893617,
      "rev_growth_yoy": 0.01058289937846464,
      "rev_growth_yoy_accel": -0.8897153537105852,
      "op_leverage_ratio": 18.335732956044218,
      "fcf_margin_change": -0.5966712086155903
    },
    {
      "date": "2025-06-30T00:00:00",
      "quarter_label": "2025-06 (Q2)",
      "revenue": 7540000,
      "gross_profit": null,
      "operating_income": -25871000,
      "net_income": -25338000,
      "opex": 33411000,
      "cogs": null,
      "rd": 18342000,
      "sga": null,
      "fcf": -17133000,
      "ocf": -14443000,
      "capex": -2690000,
      "gross_margin": null,
      "op_margin": -3.4311671087533155,
      "fcf_margin": -2.2722811671087535,
      "incr_op_margin_yoy": 0.43245436105476676,
      "rev_growth_yoy": 0.4857142857142857,
      "rev_growth_yoy_accel": 0.4751313863358211,
      "op_leverage_ratio": 2.2611805239503924,
      "fcf_margin_change": 2.4891882477848637
    },
    {
      "date": "2025-09-30T00:00:00",
      "quarter_label": "2025-09 (Q3)",
      "revenue": 4560000,
      "gross_profit": null,
      "operating_income": -24422000,
      "net_income": -25867000,
      "opex": 28982000,
      "cogs": null,
      "rd": 18276000,
      "sga": null,
      "fcf": -14838000,
      "ocf": -14268000,
      "capex": -570000,
      "gross_margin": null,
      "op_margin": -5.355701754385965,
      "fcf_margin": -3.2539473684210525,
      "rev_growth_yoy": -0.019565684798967965,
      "rev_growth_yoy_accel": -0.5052799705132537,
      "fcf_margin_change": -0.981666201312299
    }
  ],
  "signals": [
    {
      "quarter": "2025-09 (Q3)",
      "signal": "YoY REVENUE GROWTH DECELERATION",
      "detail": "YoY growth: -2.0% vs prior quarter YoY: +48.6% (decel: -50.5%)",
      "severity": "WARNING"
    },
    {
      "quarter": "2025-06 (Q2)",
      "signal": "FCF MARGIN EXPANSION",
      "detail": "FCF margin: -476.1% -> -227.2% (+248.9%)",
      "severity": "MEDIUM"
    },
    {
      "quarter": "2025-06 (Q2)",
      "signal": "OPERATING LEVERAGE",
      "detail": "Rev growth +25.3% vs OpEx growth +11.2% (leverage: 2.3x)",
      "severity": "MEDIUM"
    },
    {
      "quarter": "2025-06 (Q2)",
      "signal": "YoY REVENUE GROWTH ACCELERATION",
      "detail": "YoY growth: +48.6% vs prior quarter YoY: +1.1% (accel: +47.5%)",
      "severity": "HIGH"
    },
    {
      "quarter": "2025-03 (Q1)",
      "signal": "OPERATING LEVERAGE",
      "detail": "Rev growth +34.9% vs OpEx growth +1.9% (leverage: 18.3x)",
      "severity": "MEDIUM"
    },
    {
      "quarter": "2025-03 (Q1)",
      "signal": "YoY REVENUE GROWTH DECELERATION",
      "detail": "YoY growth: +1.1% vs prior quarter YoY: +90.0% (decel: -89.0%)",
      "severity": "WARNING"
    },
    {
      "quarter": "2024-12 (Q4)",
      "signal": "YoY REVENUE GROWTH ACCELERATION",
      "detail": "YoY growth: +90.0% vs prior quarter YoY: -26.9% (accel: +117.0%)",
      "severity": "HIGH"
    },
    {
      "quarter": "2024-09 (Q3)",
      "signal": "FCF MARGIN EXPANSION",
      "detail": "FCF margin: -305.8% -> -271.5% (+34.3%)",
      "severity": "MEDIUM"
    },
    {
      "quarter": "2024-09 (Q3)",
      "signal": "YoY REVENUE GROWTH DECELERATION",
      "detail": "YoY growth: -26.9% vs prior quarter YoY: +3.4% (decel: -30.4%)",
      "severity": "WARNING"
    },
    {
      "quarter": "2024-06 (Q2)",
      "signal": "FCF MARGIN EXPANSION",
      "detail": "FCF margin: -556.3% -> -305.8% (+250.5%)",
      "severity": "MEDIUM"
    },
    {
      "quarter": "2024-06 (Q2)",
      "signal": "YoY REVENUE GROWTH DECELERATION",
      "detail": "YoY growth: +3.4% vs prior quarter YoY: +57.0% (decel: -53.5%)",
      "severity": "WARNING"
    },
    {
      "quarter": "2024-03 (Q1)",
      "signal": "OPERATING LEVERAGE",
      "detail": "Rev growth +153.6% vs OpEx growth +13.4% (leverage: 11.4x)",
      "severity": "MEDIUM"
    },
    {
      "quarter": "2024-03 (Q1)",
      "signal": "YoY REVENUE GROWTH ACCELERATION",
      "detail": "YoY growth: +57.0% vs prior quarter YoY: -44.1% (accel: +101.1%)",
      "severity": "HIGH"
    },
    {
      "quarter": "2023-12 (Q4)",
      "signal": "YoY REVENUE GROWTH DECELERATION",
      "detail": "YoY growth: -44.1% vs prior quarter YoY: +126.3% (decel: -170.4%)",
      "severity": "WARNING"
    },
    {
      "quarter": "2023-09 (Q3)",
      "signal": "FCF MARGIN EXPANSION",
      "detail": "FCF margin: -535.6% -> -372.1% (+163.5%)",
      "severity": "MEDIUM"
    },
    {
      "quarter": "2023-09 (Q3)",
      "signal": "OPERATING LEVERAGE",
      "detail": "Rev growth +29.8% vs OpEx growth +2.9% (leverage: 10.3x)",
      "severity": "MEDIUM"
    },
    {
      "quarter": "2023-09 (Q3)",
      "signal": "YoY REVENUE GROWTH ACCELERATION",
      "detail": "YoY growth: +126.3% vs prior quarter YoY: +90.0% (accel: +36.3%)",
      "severity": "HIGH"
    },
    {
      "quarter": "2023-06 (Q2)",
      "signal": "FCF MARGIN EXPANSION",
      "detail": "FCF margin: -823.1% -> -535.6% (+287.5%)",
      "severity": "MEDIUM"
    },
    {
      "quarter": "2023-06 (Q2)",
      "signal": "OPERATING LEVERAGE",
      "detail": "Rev growth +29.4% vs OpEx growth +7.8% (leverage: 3.7x)",
      "severity": "MEDIUM"
    },
    {
      "quarter": "2023-06 (Q2)",
      "signal": "YoY REVENUE GROWTH ACCELERATION",
      "detail": "YoY growth: +90.0% vs prior quarter YoY: +72.7% (accel: +17.3%)",
      "severity": "HIGH"
    },
    {
      "quarter": "2023-03 (Q1)",
      "signal": "YoY REVENUE GROWTH DECELERATION",
      "detail": "YoY growth: +72.7% vs prior quarter YoY: +302.5% (decel: -229.8%)",
      "severity": "WARNING"
    },
    {
      "quarter": "2022-12 (Q4)",
      "signal": "FCF MARGIN EXPANSION",
      "detail": "FCF margin: -870.5% -> -326.8% (+543.7%)",
      "severity": "MEDIUM"
    },
    {
      "quarter": "2022-12 (Q4)",
      "signal": "OPERATING LEVERAGE",
      "detail": "Rev growth +49.2% vs OpEx growth +17.9% (leverage: 2.7x)",
      "severity": "MEDIUM"
    },
    {
      "quarter": "2022-12 (Q4)",
      "signal": "YoY REVENUE GROWTH DECELERATION",
      "detail": "YoY growth: +302.5% vs prior quarter YoY: +347.9% (decel: -45.4%)",
      "severity": "WARNING"
    },
    {
      "quarter": "2022-09 (Q3)",
      "signal": "FCF MARGIN EXPANSION",
      "detail": "FCF margin: -1123.9% -> -870.5% (+253.4%)",
      "severity": "MEDIUM"
    },
    {
      "quarter": "2022-09 (Q3)",
      "signal": "YoY REVENUE GROWTH DECELERATION",
      "detail": "YoY growth: +347.9% vs prior quarter YoY: +360.2% (decel: -12.3%)",
      "severity": "WARNING"
    },
    {
      "quarter": "2022-06 (Q2)",
      "signal": "FCF MARGIN EXPANSION",
      "detail": "FCF margin: -1133.7% -> -1123.9% (+9.8%)",
      "severity": "MEDIUM"
    },
    {
      "quarter": "2022-03 (Q1)",
      "signal": "FCF MARGIN EXPANSION",
      "detail": "FCF margin: -1289.6% -> -1133.7% (+155.9%)",
      "severity": "MEDIUM"
    },
    {
      "quarter": "2022-03 (Q1)",
      "signal": "OPERATING LEVERAGE",
      "detail": "Rev growth +110.5% vs OpEx growth +54.1% (leverage: 2.0x)",
      "severity": "MEDIUM"
    },
    {
      "quarter": "2021-12 (Q4)",
      "signal": "FCF MARGIN EXPANSION",
      "detail": "FCF margin: -1700.6% -> -1289.6% (+411.0%)",
      "severity": "MEDIUM"
    },
    {
      "quarter": "2021-09 (Q3)",
      "signal": "FCF MARGIN EXPANSION",
      "detail": "FCF margin: -1820.9% -> -1700.6% (+120.2%)",
      "severity": "MEDIUM"
    }
  ],
  "data_quality": {
    "n_quarters": 19,
    "coverage": {
      "revenue": [
        19,
        19
      ],
      "gross_profit": [
        0,
        19
      ],
      "op_income": [
        19,
        19
      ],
      "fcf": [
        19,
        19
      ]
    },
    "gaps": [],
    "warnings": [
      "gross_profit: no data"
    ]
  },
  "market_cap": null,
  "source": "SEC EDGAR",
  "last_updated": "2026-02-03T01:12:27.929133"
}