{
  "ticker": "SLND-WT",
  "name": "SOUTHLAND HOLDINGS, INC.",
  "quarters": [
    {
      "date": "2022-03-31T00:00:00",
      "quarter_label": "2022-03 (Q1)",
      "revenue": 258486000,
      "gross_profit": 4931000,
      "operating_income": -254479,
      "net_income": -176355,
      "opex": 5185479,
      "cogs": null,
      "rd": null,
      "sga": 14299000,
      "fcf": -38401000,
      "ocf": -37687000,
      "capex": -714000,
      "gross_margin": 0.019076468358054207,
      "op_margin": -0.0009844981933257507,
      "fcf_margin": -0.14856123735908328
    },
    {
      "date": "2022-06-30T00:00:00",
      "quarter_label": "2022-06 (Q2)",
      "revenue": 273016000,
      "gross_profit": 37737000,
      "operating_income": -495216,
      "net_income": -259094,
      "opex": 38232216,
      "cogs": null,
      "rd": null,
      "sga": 13490000,
      "fcf": -46193000,
      "ocf": -44228000,
      "capex": -1965000,
      "gross_margin": 0.1382226682685264,
      "op_margin": -0.0018138717144782724,
      "fcf_margin": -0.16919521200222698,
      "op_leverage_ratio": 0.008820412254061598,
      "fcf_margin_change": -0.020633974643143704
    },
    {
      "date": "2022-09-30T00:00:00",
      "quarter_label": "2022-09 (Q3)",
      "revenue": 335125000,
      "gross_profit": 62410000,
      "operating_income": -276080,
      "net_income": 851629,
      "opex": 62686080,
      "cogs": 272715000,
      "rd": null,
      "sga": 15606000,
      "fcf": 9274000,
      "ocf": 10979000,
      "capex": -1705000,
      "gross_margin": 0.1862290190227527,
      "op_margin": -0.0008238120104438642,
      "fcf_margin": 0.02767325624766878,
      "op_leverage_ratio": 0.35567096724691183,
      "fcf_margin_change": 0.19686846824989576
    },
    {
      "date": "2022-12-31T00:00:00",
      "quarter_label": "2022-12 (Q4)",
      "revenue": 294804000,
      "gross_profit": 35856000,
      "operating_income": -255859,
      "net_income": 1515122,
      "opex": 36111859,
      "cogs": 258948000,
      "rd": null,
      "sga": 14836000,
      "fcf": 4353000,
      "ocf": 4734000,
      "capex": -381000,
      "gross_margin": 0.12162657223104165,
      "op_margin": -0.0008678952795755824,
      "fcf_margin": 0.014765742662921806,
      "fcf_margin_change": -0.012907513584746975
    },
    {
      "date": "2023-03-31T00:00:00",
      "quarter_label": "2023-03 (Q1)",
      "revenue": 274829000,
      "gross_profit": 18943000,
      "operating_income": 3372000,
      "net_income": -4664000,
      "opex": 15571000,
      "cogs": 255886000,
      "rd": null,
      "sga": 15571000,
      "fcf": -35945000,
      "ocf": -34779000,
      "capex": -1166000,
      "gross_margin": 0.06892649611212791,
      "op_margin": 0.012269447547384009,
      "fcf_margin": -0.13079041876948938,
      "incr_op_margin_yoy": 0.22189799914336414,
      "rev_growth_yoy": 0.06322586136193063,
      "fcf_margin_change": -0.14555616143241118
    },
    {
      "date": "2023-06-30T00:00:00",
      "quarter_label": "2023-06 (Q2)",
      "revenue": 256927000,
      "gross_profit": -33794000,
      "operating_income": -50242000,
      "net_income": -12826000,
      "opex": 16448000,
      "cogs": 290721000,
      "rd": null,
      "sga": 16448000,
      "fcf": 20356000,
      "ocf": 24143000,
      "capex": -3787000,
      "gross_margin": -0.1315315245186376,
      "op_margin": -0.1955497086721131,
      "fcf_margin": 0.07922873033974631,
      "incr_op_margin_yoy": 3.0919748896761763,
      "rev_growth_yoy": -0.05893061212529668,
      "rev_growth_yoy_accel": -0.12215647348722732,
      "fcf_margin_change": 0.2100191491092357
    },
    {
      "date": "2023-09-30T00:00:00",
      "quarter_label": "2023-09 (Q3)",
      "revenue": 312472000,
      "gross_profit": 29529000,
      "operating_income": 14282000,
      "net_income": 3800000,
      "opex": 15247000,
      "cogs": 282943000,
      "rd": null,
      "sga": 15247000,
      "fcf": -28474000,
      "ocf": -25952000,
      "capex": -2522000,
      "gross_margin": 0.0945012673135513,
      "op_margin": 0.04570649530197906,
      "fcf_margin": -0.0911249647968458,
      "incr_op_margin_yoy": -0.6426557188893304,
      "rev_growth_yoy": -0.06759567325624767,
      "rev_growth_yoy_accel": -0.008665061130950988,
      "op_leverage_ratio": Infinity,
      "fcf_margin_change": -0.1703536951365921
    },
    {
      "date": "2023-12-31T00:00:00",
      "quarter_label": "2023-12 (Q4)",
      "revenue": 316189000,
      "gross_profit": 21136000,
      "operating_income": 1207000,
      "net_income": -5563000,
      "opex": 19929000,
      "cogs": 295053000,
      "rd": null,
      "sga": 19929000,
      "fcf": 22953000,
      "ocf": 26324000,
      "capex": -3371000,
      "gross_margin": 0.06684609521520357,
      "op_margin": 0.0038173370990135648,
      "fcf_margin": 0.07259265818861503,
      "incr_op_margin_yoy": 0.06840584521861118,
      "rev_growth_yoy": 0.07253972130635948,
      "rev_growth_yoy_accel": 0.14013539456260715,
      "op_leverage_ratio": 0.03873775471315976,
      "fcf_margin_change": 0.16371762298546083
    },
    {
      "date": "2024-03-31T00:00:00",
      "quarter_label": "2024-03 (Q1)",
      "revenue": 288097000,
      "gross_profit": 20421000,
      "operating_income": 6027000,
      "net_income": -406000,
      "opex": 14394000,
      "cogs": 267676000,
      "rd": null,
      "sga": 14394000,
      "fcf": -13025000,
      "ocf": -9897000,
      "capex": -3128000,
      "gross_margin": 0.07088237642183015,
      "op_margin": 0.020920037348531918,
      "fcf_margin": -0.04521046730788589,
      "incr_op_margin_yoy": 0.20010551703346396,
      "rev_growth_yoy": 0.04827729242547184,
      "rev_growth_yoy_accel": -0.024262428880887643,
      "fcf_margin_change": -0.11780312549650092
    },
    {
      "date": "2024-06-30T00:00:00",
      "quarter_label": "2024-06 (Q2)",
      "revenue": 251512000,
      "gross_profit": -40022000,
      "operating_income": -55702000,
      "net_income": -46077000,
      "opex": 15680000,
      "cogs": 291534000,
      "rd": null,
      "sga": 15680000,
      "fcf": 26327000,
      "ocf": 27431000,
      "capex": -1104000,
      "gross_margin": -0.15912560832087536,
      "op_margin": -0.22146855816024683,
      "fcf_margin": 0.10467492604726614,
      "incr_op_margin_yoy": 1.0083102493074791,
      "rev_growth_yoy": -0.02107602548583839,
      "rev_growth_yoy_accel": -0.06935331791131022,
      "fcf_margin_change": 0.14988539335515202
    },
    {
      "date": "2024-09-30T00:00:00",
      "quarter_label": "2024-09 (Q3)",
      "revenue": 173320000,
      "gross_profit": -51105000,
      "operating_income": -68597000,
      "net_income": -54727000,
      "opex": 17492000,
      "cogs": 224425000,
      "rd": null,
      "sga": 17492000,
      "fcf": -7270000,
      "ocf": -5292000,
      "capex": -1978000,
      "gross_margin": -0.29485921993999537,
      "op_margin": -0.39578236787445187,
      "fcf_margin": -0.04194553427186707,
      "incr_op_margin_yoy": 0.5956004944233644,
      "rev_growth_yoy": -0.4453263012365908,
      "rev_growth_yoy_accel": -0.4242502757507524,
      "fcf_margin_change": -0.1466204603191332
    },
    {
      "date": "2024-12-31T00:00:00",
      "quarter_label": "2024-12 (Q4)",
      "revenue": 267250000,
      "gross_profit": 7666000,
      "operating_income": -8042000,
      "net_income": -4155000,
      "opex": 15708000,
      "cogs": 259584000,
      "rd": null,
      "sga": 15708000,
      "fcf": -11521000,
      "ocf": -10315000,
      "capex": -1206000,
      "gross_margin": 0.028684752104770814,
      "op_margin": -0.030091674462114127,
      "fcf_margin": -0.04310944808231992,
      "incr_op_margin_yoy": 0.18899037577392264,
      "rev_growth_yoy": -0.1547776804379659,
      "rev_growth_yoy_accel": 0.29054862079862487,
      "op_leverage_ratio": Infinity,
      "fcf_margin_change": -0.0011639138104528532
    },
    {
      "date": "2025-03-31T00:00:00",
      "quarter_label": "2025-03 (Q1)",
      "revenue": 239486000,
      "gross_profit": 21480000,
      "operating_income": 5015000,
      "net_income": -4552000,
      "opex": 16465000,
      "cogs": 218006000,
      "rd": null,
      "sga": 16465000,
      "fcf": 4633000,
      "ocf": 6429000,
      "capex": -1796000,
      "gross_margin": 0.08969209056061732,
      "op_margin": 0.02094068129243463,
      "fcf_margin": 0.01934559849009963,
      "incr_op_margin_yoy": 0.02081833329904754,
      "rev_growth_yoy": -0.16873136478338893,
      "rev_growth_yoy_accel": -0.013953684345423045,
      "fcf_margin_change": 0.062455046572419556
    },
    {
      "date": "2025-06-30T00:00:00",
      "quarter_label": "2025-06 (Q2)",
      "revenue": 215382000,
      "gross_profit": 13363000,
      "operating_income": -209000,
      "net_income": -10306000,
      "opex": 13572000,
      "cogs": 202019000,
      "rd": null,
      "sga": 13572000,
      "fcf": -6522000,
      "ocf": -5433000,
      "capex": -1089000,
      "gross_margin": 0.0620432533823625,
      "op_margin": -0.000970368925908386,
      "fcf_margin": -0.030281081984566957,
      "incr_op_margin_yoy": -1.5359258234154443,
      "rev_growth_yoy": -0.1436511975571742,
      "rev_growth_yoy_accel": 0.025080167226214728,
      "fcf_margin_change": -0.04962668047466659
    },
    {
      "date": "2025-09-30T00:00:00",
      "quarter_label": "2025-09 (Q3)",
      "revenue": 213343000,
      "gross_profit": 3275000,
      "operating_income": -11312000,
      "net_income": -75269000,
      "opex": 14587000,
      "cogs": 210068000,
      "rd": null,
      "sga": 14587000,
      "fcf": 5336000,
      "ocf": 5897000,
      "capex": -561000,
      "gross_margin": 0.015350866913842966,
      "op_margin": -0.053022597413554695,
      "fcf_margin": 0.025011366672447653,
      "incr_op_margin_yoy": 1.4313020013492241,
      "rev_growth_yoy": 0.2309196861297023,
      "rev_growth_yoy_accel": 0.3745708836868765,
      "fcf_margin_change": 0.05529244865701461
    }
  ],
  "signals": [
    {
      "quarter": "2025-09 (Q3)",
      "signal": "FCF TURNED POSITIVE",
      "detail": "FCF margin: -3.0% -> +2.5%",
      "severity": "HIGH"
    },
    {
      "quarter": "2025-09 (Q3)",
      "signal": "YoY REVENUE GROWTH ACCELERATION",
      "detail": "YoY growth: +23.1% vs prior quarter YoY: -14.4% (accel: +37.5%)",
      "severity": "HIGH"
    },
    {
      "quarter": "2025-03 (Q1)",
      "signal": "FCF TURNED POSITIVE",
      "detail": "FCF margin: -4.3% -> +1.9%",
      "severity": "HIGH"
    },
    {
      "quarter": "2025-03 (Q1)",
      "signal": "OP MARGIN TURNED POSITIVE (QoQ)",
      "detail": "Op margin: -3.0% -> +2.1%",
      "severity": "HIGH"
    },
    {
      "quarter": "2024-12 (Q4)",
      "signal": "GROSS MARGIN INFLECTION",
      "detail": "GM: -15.9% -> -29.5% -> +2.9% (reversal +32.4%)",
      "severity": "HIGH"
    },
    {
      "quarter": "2024-12 (Q4)",
      "signal": "YoY REVENUE GROWTH ACCELERATION",
      "detail": "YoY growth: -15.5% vs prior quarter YoY: -44.5% (accel: +29.1%)",
      "severity": "HIGH"
    },
    {
      "quarter": "2024-09 (Q3)",
      "signal": "YoY REVENUE GROWTH DECELERATION",
      "detail": "YoY growth: -44.5% vs prior quarter YoY: -2.1% (decel: -42.4%)",
      "severity": "WARNING"
    },
    {
      "quarter": "2024-06 (Q2)",
      "signal": "FCF TURNED POSITIVE",
      "detail": "FCF margin: -4.5% -> +10.5%",
      "severity": "HIGH"
    },
    {
      "quarter": "2024-06 (Q2)",
      "signal": "YoY REVENUE GROWTH DECELERATION",
      "detail": "YoY growth: -2.1% vs prior quarter YoY: +4.8% (decel: -6.9%)",
      "severity": "WARNING"
    },
    {
      "quarter": "2024-03 (Q1)",
      "signal": "INCREMENTAL MARGIN (YoY)",
      "detail": "YoY Incr OPM: +20.0% vs year-ago OPM: +1.2%",
      "severity": "MEDIUM"
    },
    {
      "quarter": "2023-12 (Q4)",
      "signal": "FCF TURNED POSITIVE",
      "detail": "FCF margin: -9.1% -> +7.3%",
      "severity": "HIGH"
    },
    {
      "quarter": "2023-12 (Q4)",
      "signal": "YoY REVENUE GROWTH ACCELERATION",
      "detail": "YoY growth: +7.3% vs prior quarter YoY: -6.8% (accel: +14.0%)",
      "severity": "MEDIUM"
    },
    {
      "quarter": "2023-12 (Q4)",
      "signal": "OP MARGIN TURNED POSITIVE (YoY)",
      "detail": "Op margin: -0.1% (year-ago) -> +0.4%",
      "severity": "HIGH"
    },
    {
      "quarter": "2023-09 (Q3)",
      "signal": "GROSS MARGIN INFLECTION",
      "detail": "GM: +6.9% -> -13.2% -> +9.5% (reversal +22.6%)",
      "severity": "HIGH"
    },
    {
      "quarter": "2023-09 (Q3)",
      "signal": "OP MARGIN TURNED POSITIVE (YoY)",
      "detail": "Op margin: -0.1% (year-ago) -> +4.6%",
      "severity": "HIGH"
    },
    {
      "quarter": "2023-09 (Q3)",
      "signal": "OP MARGIN TURNED POSITIVE (QoQ)",
      "detail": "Op margin: -19.6% -> +4.6%",
      "severity": "HIGH"
    },
    {
      "quarter": "2023-06 (Q2)",
      "signal": "FCF TURNED POSITIVE",
      "detail": "FCF margin: -13.1% -> +7.9%",
      "severity": "HIGH"
    },
    {
      "quarter": "2023-06 (Q2)",
      "signal": "YoY REVENUE GROWTH DECELERATION",
      "detail": "YoY growth: -5.9% vs prior quarter YoY: +6.3% (decel: -12.2%)",
      "severity": "WARNING"
    },
    {
      "quarter": "2023-03 (Q1)",
      "signal": "OP MARGIN TURNED POSITIVE (YoY)",
      "detail": "Op margin: -0.1% (year-ago) -> +1.2%",
      "severity": "HIGH"
    },
    {
      "quarter": "2023-03 (Q1)",
      "signal": "OP MARGIN TURNED POSITIVE (QoQ)",
      "detail": "Op margin: -0.1% -> +1.2%",
      "severity": "HIGH"
    },
    {
      "quarter": "2022-09 (Q3)",
      "signal": "FCF TURNED POSITIVE",
      "detail": "FCF margin: -16.9% -> +2.8%",
      "severity": "HIGH"
    }
  ],
  "data_quality": {
    "n_quarters": 15,
    "coverage": {
      "revenue": [
        15,
        15
      ],
      "gross_profit": [
        15,
        15
      ],
      "op_income": [
        15,
        15
      ],
      "fcf": [
        15,
        15
      ]
    },
    "gaps": [],
    "warnings": []
  },
  "market_cap": null,
  "source": "SEC EDGAR",
  "last_updated": "2026-02-03T01:11:31.594013"
}