{
  "ticker": "SLNHP",
  "name": "SOLUNA HOLDINGS, INC.",
  "quarters": [
    {
      "date": "2020-12-31T00:00:00",
      "quarter_label": "2020-12 (Q4)",
      "revenue": 1889000,
      "gross_profit": 1010000,
      "operating_income": -463000,
      "net_income": -26000,
      "opex": 1473000,
      "cogs": 879000,
      "rd": 364000,
      "sga": 952000,
      "fcf": -3153000,
      "ocf": -2730000,
      "capex": -423000,
      "gross_margin": 0.5346744309158284,
      "op_margin": -0.2451032292218105,
      "fcf_margin": -1.6691371095817893
    },
    {
      "date": "2021-03-31T00:00:00",
      "quarter_label": "2021-03 (Q1)",
      "revenue": 2332000,
      "gross_profit": 1880000,
      "operating_income": -671000,
      "net_income": -666000,
      "opex": 2551000,
      "cogs": 452000,
      "rd": 386000,
      "sga": 1837000,
      "fcf": 536000,
      "ocf": 832000,
      "capex": -296000,
      "gross_margin": 0.8061749571183533,
      "op_margin": -0.28773584905660377,
      "fcf_margin": 0.22984562607204118,
      "op_leverage_ratio": 0.32044666367437297,
      "fcf_margin_change": 1.8989827356538305
    },
    {
      "date": "2021-06-30T00:00:00",
      "quarter_label": "2021-06 (Q2)",
      "revenue": 3304000,
      "gross_profit": 2802000,
      "operating_income": -1179000,
      "net_income": -1174000,
      "opex": 3981000,
      "cogs": 502000,
      "rd": 406000,
      "sga": 3030000,
      "fcf": -1060000,
      "ocf": -37000,
      "capex": -1023000,
      "gross_margin": 0.8480629539951574,
      "op_margin": -0.35684019370460046,
      "fcf_margin": -0.32082324455205813,
      "op_leverage_ratio": 0.7435533591622785,
      "fcf_margin_change": -0.5506688706240993
    },
    {
      "date": "2021-09-30T00:00:00",
      "quarter_label": "2021-09 (Q3)",
      "revenue": 5073000,
      "gross_profit": 4412000,
      "operating_income": -628000,
      "net_income": -610000,
      "opex": 5040000,
      "cogs": 661000,
      "rd": 404000,
      "sga": 2893000,
      "fcf": -14727000,
      "ocf": 1586000,
      "capex": -16313000,
      "gross_margin": 0.8697023457520205,
      "op_margin": -0.123792627636507,
      "fcf_margin": -2.9030159668835007,
      "op_leverage_ratio": 2.012723010652381,
      "fcf_margin_change": -2.5821927223314427
    },
    {
      "date": "2021-12-31T00:00:00",
      "quarter_label": "2021-12 (Q4)",
      "revenue": 3636000,
      "gross_profit": null,
      "operating_income": -1996000,
      "net_income": -2809000,
      "opex": null,
      "cogs": null,
      "rd": null,
      "sga": 2990000,
      "fcf": -25906000,
      "ocf": 2254000,
      "capex": -28160000,
      "gross_margin": null,
      "op_margin": -0.5489548954895489,
      "fcf_margin": -7.124862486248625,
      "incr_op_margin_yoy": -0.8775042930738409,
      "rev_growth_yoy": 0.9248279512969825,
      "fcf_margin_change": -4.2218465193651245
    },
    {
      "date": "2022-03-31T00:00:00",
      "quarter_label": "2022-03 (Q1)",
      "revenue": 9316000,
      "gross_profit": null,
      "operating_income": -6798000,
      "net_income": -8906000,
      "opex": null,
      "cogs": null,
      "rd": null,
      "sga": 7255000,
      "fcf": -24637000,
      "ocf": 801000,
      "capex": -25438000,
      "gross_margin": null,
      "op_margin": -0.7297123228853585,
      "fcf_margin": -2.644589952769429,
      "incr_op_margin_yoy": -0.877290950744559,
      "rev_growth_yoy": 2.9948542024013722,
      "rev_growth_yoy_accel": 2.0700262511043896,
      "fcf_margin_change": 4.480272533479196
    },
    {
      "date": "2022-06-30T00:00:00",
      "quarter_label": "2022-06 (Q2)",
      "revenue": 8676000,
      "gross_profit": -1433000,
      "operating_income": -9432000,
      "net_income": -6557000,
      "opex": 7999000,
      "cogs": 10109000,
      "rd": null,
      "sga": 7249000,
      "fcf": -26218000,
      "ocf": 962000,
      "capex": -27180000,
      "gross_margin": -0.16516828031350853,
      "op_margin": -1.0871369294605808,
      "fcf_margin": -3.0218994928538496,
      "incr_op_margin_yoy": -1.5362993298585257,
      "rev_growth_yoy": 1.62590799031477,
      "rev_growth_yoy_accel": -1.3689462120866023,
      "fcf_margin_change": -0.37730954008442064
    },
    {
      "date": "2022-09-30T00:00:00",
      "quarter_label": "2022-09 (Q3)",
      "revenue": 6372000,
      "gross_profit": -4816000,
      "operating_income": -41716000,
      "net_income": -55892000,
      "opex": 36900000,
      "cogs": 11188000,
      "rd": null,
      "sga": 8064000,
      "fcf": -16133000,
      "ocf": -6884000,
      "capex": -9249000,
      "gross_margin": -0.7558066541117389,
      "op_margin": -6.54676710608914,
      "fcf_margin": -2.5318581293157565,
      "incr_op_margin_yoy": -31.630484988452658,
      "rev_growth_yoy": 0.2560615020697812,
      "rev_growth_yoy_accel": -1.3698464882449888,
      "fcf_margin_change": 0.49004136353809313
    },
    {
      "date": "2022-12-31T00:00:00",
      "quarter_label": "2022-12 (Q4)",
      "revenue": 4183000,
      "gross_profit": -2167000,
      "operating_income": -26844000,
      "net_income": -27359000,
      "opex": 24677000,
      "cogs": 6350000,
      "rd": null,
      "sga": 6141000,
      "fcf": -2814000,
      "ocf": -997000,
      "capex": -1817000,
      "gross_margin": -0.5180492469519483,
      "op_margin": -6.417403777193402,
      "fcf_margin": -0.6727229261295721,
      "rev_growth_yoy": 0.15044004400440045,
      "rev_growth_yoy_accel": -0.10562145806538073,
      "fcf_margin_change": 1.8591352031861845
    },
    {
      "date": "2023-03-31T00:00:00",
      "quarter_label": "2023-03 (Q1)",
      "revenue": 3082000,
      "gross_profit": -66000,
      "operating_income": -7012000,
      "net_income": -7062000,
      "opex": 6946000,
      "cogs": 3148000,
      "rd": null,
      "sga": 6747000,
      "fcf": -3913000,
      "ocf": -3053000,
      "capex": -860000,
      "gross_margin": -0.021414665801427646,
      "op_margin": -2.2751460090850095,
      "fcf_margin": -1.2696301103179752,
      "incr_op_margin_yoy": 0.034327879371190244,
      "rev_growth_yoy": -0.6691713181623015,
      "rev_growth_yoy_accel": -0.8196113621667019,
      "fcf_margin_change": -0.5969071841884032
    },
    {
      "date": "2023-06-30T00:00:00",
      "quarter_label": "2023-06 (Q2)",
      "revenue": 2068000,
      "gross_profit": -390000,
      "operating_income": -7074000,
      "net_income": -8775000,
      "opex": 6684000,
      "cogs": 2458000,
      "rd": null,
      "sga": 6515000,
      "fcf": -2818000,
      "ocf": -783000,
      "capex": -2035000,
      "gross_margin": -0.1885880077369439,
      "op_margin": -3.420696324951644,
      "fcf_margin": -1.362669245647969,
      "incr_op_margin_yoy": -0.35684019370460046,
      "rev_growth_yoy": -0.7616413093591516,
      "rev_growth_yoy_accel": -0.09246999119685018,
      "fcf_margin_change": -0.09303913532999375
    },
    {
      "date": "2023-09-30T00:00:00",
      "quarter_label": "2023-09 (Q3)",
      "revenue": 5797000,
      "gross_profit": 1407000,
      "operating_income": -3736000,
      "net_income": -6662000,
      "opex": 5143000,
      "cogs": 4390000,
      "rd": null,
      "sga": 5102000,
      "fcf": -10207000,
      "ocf": -568000,
      "capex": -9639000,
      "gross_margin": 0.24271174745558047,
      "op_margin": -0.6444712782473694,
      "fcf_margin": -1.7607383129204761,
      "rev_growth_yoy": -0.09023854362837413,
      "rev_growth_yoy_accel": 0.6714027657307775,
      "op_leverage_ratio": Infinity,
      "fcf_margin_change": -0.3980690672725071
    },
    {
      "date": "2023-12-31T00:00:00",
      "quarter_label": "2023-12 (Q4)",
      "revenue": 10118000,
      "gross_profit": 4285000,
      "operating_income": -2422000,
      "net_income": -6702000,
      "opex": 6707000,
      "cogs": 5833000,
      "rd": null,
      "sga": 6550000,
      "fcf": 1246000,
      "ocf": 1417000,
      "capex": -171000,
      "gross_margin": 0.42350266851156354,
      "op_margin": -0.23937537062660605,
      "fcf_margin": 0.12314686696975687,
      "incr_op_margin_yoy": 4.114911541701769,
      "rev_growth_yoy": 1.4188381544346162,
      "rev_growth_yoy_accel": 1.5090766980629904,
      "op_leverage_ratio": 2.451098372162689,
      "fcf_margin_change": 1.883885179890233
    },
    {
      "date": "2024-03-31T00:00:00",
      "quarter_label": "2024-03 (Q1)",
      "revenue": 12549000,
      "gross_profit": 5703000,
      "operating_income": 407000,
      "net_income": -5254000,
      "opex": 5296000,
      "cogs": 5615000,
      "rd": null,
      "sga": 6397000,
      "fcf": 3326000,
      "ocf": 3850000,
      "capex": -524000,
      "gross_margin": 0.45445852259144154,
      "op_margin": 0.03243286317634871,
      "fcf_margin": 0.26504103912662363,
      "incr_op_margin_yoy": 0.7836695890989754,
      "rev_growth_yoy": 3.0717066839714473,
      "rev_growth_yoy_accel": 1.652868529536831,
      "op_leverage_ratio": Infinity,
      "fcf_margin_change": 0.14189417215686678
    },
    {
      "date": "2024-06-30T00:00:00",
      "quarter_label": "2024-06 (Q2)",
      "revenue": 9675000,
      "gross_profit": 3345000,
      "operating_income": -3675000,
      "net_income": -10873000,
      "opex": 7020000,
      "cogs": 5565000,
      "rd": null,
      "sga": 7785000,
      "fcf": -7077000,
      "ocf": -7323000,
      "capex": 246000,
      "gross_margin": 0.3457364341085271,
      "op_margin": -0.3798449612403101,
      "fcf_margin": -0.7314728682170543,
      "incr_op_margin_yoy": 0.44682529249375574,
      "rev_growth_yoy": 3.6784332688588006,
      "rev_growth_yoy_accel": 0.6067265848873533,
      "fcf_margin_change": -0.996513907343678
    },
    {
      "date": "2024-09-30T00:00:00",
      "quarter_label": "2024-09 (Q3)",
      "revenue": 7525000,
      "gross_profit": -2940000,
      "operating_income": -9016000,
      "net_income": -7190000,
      "opex": 6076000,
      "cogs": 8889000,
      "rd": null,
      "sga": 7652000,
      "fcf": -3373000,
      "ocf": 61000,
      "capex": -3434000,
      "gross_margin": -0.39069767441860465,
      "op_margin": -1.198139534883721,
      "fcf_margin": -0.4482392026578073,
      "incr_op_margin_yoy": -3.0555555555555554,
      "rev_growth_yoy": 0.2980852164912886,
      "rev_growth_yoy_accel": -3.380348052367512,
      "fcf_margin_change": 0.28323366555924695
    },
    {
      "date": "2024-12-31T00:00:00",
      "quarter_label": "2024-12 (Q4)",
      "revenue": 8272000,
      "gross_profit": -29834000,
      "operating_income": -35240000,
      "net_income": -40017000,
      "opex": 5406000,
      "cogs": 8559000,
      "rd": null,
      "sga": 6360000,
      "fcf": -7105000,
      "ocf": -1657000,
      "capex": -5448000,
      "gross_margin": -3.606624758220503,
      "op_margin": -4.2601547388781436,
      "fcf_margin": -0.8589216634429401,
      "incr_op_margin_yoy": 17.77789815817985,
      "rev_growth_yoy": -0.18244712393753706,
      "rev_growth_yoy_accel": -0.48053234042882564,
      "op_leverage_ratio": Infinity,
      "fcf_margin_change": -0.41068246078513276
    },
    {
      "date": "2025-03-31T00:00:00",
      "quarter_label": "2025-03 (Q1)",
      "revenue": 5936000,
      "gross_profit": 338000,
      "operating_income": -7177000,
      "net_income": -7556000,
      "opex": 7515000,
      "cogs": 4763000,
      "rd": null,
      "sga": 8350000,
      "fcf": -3985000,
      "ocf": -177000,
      "capex": -3808000,
      "gross_margin": 0.05694070080862534,
      "op_margin": -1.2090633423180592,
      "fcf_margin": -0.6713274932614556,
      "incr_op_margin_yoy": 1.1468319975805232,
      "rev_growth_yoy": -0.5269742608972826,
      "rev_growth_yoy_accel": -0.3445271369597456,
      "fcf_margin_change": 0.1875941701814845
    },
    {
      "date": "2025-06-30T00:00:00",
      "quarter_label": "2025-06 (Q2)",
      "revenue": 6158000,
      "gross_profit": 389000,
      "operating_income": -6624000,
      "net_income": -7382000,
      "opex": 7013000,
      "cogs": 4970000,
      "rd": null,
      "sga": 7800000,
      "fcf": -9653000,
      "ocf": -1096000,
      "capex": -8557000,
      "gross_margin": 0.06316986034426762,
      "op_margin": -1.0756739201039298,
      "fcf_margin": -1.567554400779474,
      "incr_op_margin_yoy": 0.8384987205004265,
      "rev_growth_yoy": -0.3635142118863049,
      "rev_growth_yoy_accel": 0.16346004901097771,
      "op_leverage_ratio": Infinity,
      "fcf_margin_change": -0.8962269075180184
    },
    {
      "date": "2025-09-30T00:00:00",
      "quarter_label": "2025-09 (Q3)",
      "revenue": 8415000,
      "gross_profit": 802000,
      "operating_income": -7780000,
      "net_income": -23956000,
      "opex": 8582000,
      "cogs": 6086000,
      "rd": null,
      "sga": 10109000,
      "fcf": -6849000,
      "ocf": -2206000,
      "capex": -4643000,
      "gross_margin": 0.09530600118835413,
      "op_margin": -0.9245395127748068,
      "fcf_margin": -0.813903743315508,
      "rev_growth_yoy": 0.11827242524916944,
      "rev_growth_yoy_accel": 0.4817866371354743,
      "op_leverage_ratio": 1.6382220602113329,
      "fcf_margin_change": 0.753650657463966
    }
  ],
  "signals": [
    {
      "quarter": "2025-09 (Q3)",
      "signal": "FCF MARGIN EXPANSION",
      "detail": "FCF margin: -156.8% -> -81.4% (+75.4%)",
      "severity": "MEDIUM"
    },
    {
      "quarter": "2025-09 (Q3)",
      "signal": "OPERATING LEVERAGE",
      "detail": "Rev growth +36.7% vs OpEx growth +22.4% (leverage: 1.6x)",
      "severity": "MEDIUM"
    },
    {
      "quarter": "2025-09 (Q3)",
      "signal": "YoY REVENUE GROWTH ACCELERATION",
      "detail": "YoY growth: +11.8% vs prior quarter YoY: -36.4% (accel: +48.2%)",
      "severity": "HIGH"
    },
    {
      "quarter": "2025-06 (Q2)",
      "signal": "YoY REVENUE GROWTH ACCELERATION",
      "detail": "YoY growth: -36.4% vs prior quarter YoY: -52.7% (accel: +16.3%)",
      "severity": "HIGH"
    },
    {
      "quarter": "2025-03 (Q1)",
      "signal": "FCF MARGIN EXPANSION",
      "detail": "FCF margin: -85.9% -> -67.1% (+18.8%)",
      "severity": "MEDIUM"
    },
    {
      "quarter": "2025-03 (Q1)",
      "signal": "GROSS MARGIN INFLECTION",
      "detail": "GM: -39.1% -> -360.7% -> +5.7% (reversal +366.4%)",
      "severity": "HIGH"
    },
    {
      "quarter": "2025-03 (Q1)",
      "signal": "YoY REVENUE GROWTH DECELERATION",
      "detail": "YoY growth: -52.7% vs prior quarter YoY: -18.2% (decel: -34.5%)",
      "severity": "WARNING"
    },
    {
      "quarter": "2024-12 (Q4)",
      "signal": "YoY REVENUE GROWTH DECELERATION",
      "detail": "YoY growth: -18.2% vs prior quarter YoY: +29.8% (decel: -48.1%)",
      "severity": "WARNING"
    },
    {
      "quarter": "2024-09 (Q3)",
      "signal": "FCF MARGIN EXPANSION",
      "detail": "FCF margin: -73.1% -> -44.8% (+28.3%)",
      "severity": "MEDIUM"
    },
    {
      "quarter": "2024-09 (Q3)",
      "signal": "YoY REVENUE GROWTH DECELERATION",
      "detail": "YoY growth: +29.8% vs prior quarter YoY: +367.8% (decel: -338.0%)",
      "severity": "WARNING"
    },
    {
      "quarter": "2024-06 (Q2)",
      "signal": "YoY REVENUE GROWTH ACCELERATION",
      "detail": "YoY growth: +367.8% vs prior quarter YoY: +307.2% (accel: +60.7%)",
      "severity": "HIGH"
    },
    {
      "quarter": "2024-03 (Q1)",
      "signal": "FCF MARGIN EXPANSION",
      "detail": "FCF margin: +12.3% -> +26.5% (+14.2%)",
      "severity": "MEDIUM"
    },
    {
      "quarter": "2024-03 (Q1)",
      "signal": "YoY REVENUE GROWTH ACCELERATION",
      "detail": "YoY growth: +307.2% vs prior quarter YoY: +141.9% (accel: +165.3%)",
      "severity": "HIGH"
    },
    {
      "quarter": "2024-03 (Q1)",
      "signal": "OP MARGIN TURNED POSITIVE (YoY)",
      "detail": "Op margin: -227.5% (year-ago) -> +3.2%",
      "severity": "HIGH"
    },
    {
      "quarter": "2024-03 (Q1)",
      "signal": "OP MARGIN TURNED POSITIVE (QoQ)",
      "detail": "Op margin: -23.9% -> +3.2%",
      "severity": "HIGH"
    },
    {
      "quarter": "2023-12 (Q4)",
      "signal": "FCF TURNED POSITIVE",
      "detail": "FCF margin: -176.1% -> +12.3%",
      "severity": "HIGH"
    },
    {
      "quarter": "2023-12 (Q4)",
      "signal": "OPERATING LEVERAGE",
      "detail": "Rev growth +74.5% vs OpEx growth +30.4% (leverage: 2.5x)",
      "severity": "MEDIUM"
    },
    {
      "quarter": "2023-12 (Q4)",
      "signal": "YoY REVENUE GROWTH ACCELERATION",
      "detail": "YoY growth: +141.9% vs prior quarter YoY: -9.0% (accel: +150.9%)",
      "severity": "HIGH"
    },
    {
      "quarter": "2023-09 (Q3)",
      "signal": "GROSS MARGIN INFLECTION",
      "detail": "GM: -2.1% -> -18.9% -> +24.3% (reversal +43.1%)",
      "severity": "HIGH"
    },
    {
      "quarter": "2023-09 (Q3)",
      "signal": "YoY REVENUE GROWTH ACCELERATION",
      "detail": "YoY growth: -9.0% vs prior quarter YoY: -76.2% (accel: +67.1%)",
      "severity": "HIGH"
    },
    {
      "quarter": "2023-06 (Q2)",
      "signal": "YoY REVENUE GROWTH DECELERATION",
      "detail": "YoY growth: -76.2% vs prior quarter YoY: -66.9% (decel: -9.2%)",
      "severity": "WARNING"
    },
    {
      "quarter": "2023-03 (Q1)",
      "signal": "YoY REVENUE GROWTH DECELERATION",
      "detail": "YoY growth: -66.9% vs prior quarter YoY: +15.0% (decel: -82.0%)",
      "severity": "WARNING"
    },
    {
      "quarter": "2022-12 (Q4)",
      "signal": "FCF MARGIN EXPANSION",
      "detail": "FCF margin: -253.2% -> -67.3% (+185.9%)",
      "severity": "MEDIUM"
    },
    {
      "quarter": "2022-12 (Q4)",
      "signal": "GROSS MARGIN INFLECTION",
      "detail": "GM: -16.5% -> -75.6% -> -51.8% (reversal +23.8%)",
      "severity": "HIGH"
    },
    {
      "quarter": "2022-12 (Q4)",
      "signal": "YoY REVENUE GROWTH DECELERATION",
      "detail": "YoY growth: +15.0% vs prior quarter YoY: +25.6% (decel: -10.6%)",
      "severity": "WARNING"
    },
    {
      "quarter": "2022-09 (Q3)",
      "signal": "FCF MARGIN EXPANSION",
      "detail": "FCF margin: -302.2% -> -253.2% (+49.0%)",
      "severity": "MEDIUM"
    },
    {
      "quarter": "2022-09 (Q3)",
      "signal": "YoY REVENUE GROWTH DECELERATION",
      "detail": "YoY growth: +25.6% vs prior quarter YoY: +162.6% (decel: -137.0%)",
      "severity": "WARNING"
    },
    {
      "quarter": "2022-06 (Q2)",
      "signal": "YoY REVENUE GROWTH DECELERATION",
      "detail": "YoY growth: +162.6% vs prior quarter YoY: +299.5% (decel: -136.9%)",
      "severity": "WARNING"
    },
    {
      "quarter": "2022-03 (Q1)",
      "signal": "FCF MARGIN EXPANSION",
      "detail": "FCF margin: -712.5% -> -264.5% (+448.0%)",
      "severity": "MEDIUM"
    },
    {
      "quarter": "2022-03 (Q1)",
      "signal": "YoY REVENUE GROWTH ACCELERATION",
      "detail": "YoY growth: +299.5% vs prior quarter YoY: +92.5% (accel: +207.0%)",
      "severity": "HIGH"
    },
    {
      "quarter": "2021-09 (Q3)",
      "signal": "OPERATING LEVERAGE",
      "detail": "Rev growth +53.5% vs OpEx growth +26.6% (leverage: 2.0x)",
      "severity": "MEDIUM"
    },
    {
      "quarter": "2021-03 (Q1)",
      "signal": "FCF TURNED POSITIVE",
      "detail": "FCF margin: -166.9% -> +23.0%",
      "severity": "HIGH"
    }
  ],
  "data_quality": {
    "n_quarters": 20,
    "coverage": {
      "revenue": [
        20,
        20
      ],
      "gross_profit": [
        18,
        20
      ],
      "op_income": [
        20,
        20
      ],
      "fcf": [
        20,
        20
      ]
    },
    "gaps": [],
    "warnings": []
  },
  "market_cap": null,
  "source": "SEC EDGAR",
  "last_updated": "2026-02-03T01:07:17.373323"
}