{
  "ticker": "SLP",
  "name": "Simulations Plus, Inc.",
  "quarters": [
    {
      "date": "2021-02-28T00:00:00",
      "quarter_label": "2021-02 (Q1)",
      "revenue": 13147000,
      "gross_profit": 10236000,
      "operating_income": 3486000,
      "net_income": 3211000,
      "opex": 6750000,
      "cogs": 2911000,
      "rd": 1292000,
      "sga": 5458000,
      "fcf": 923000,
      "ocf": 1301000,
      "capex": -378000,
      "gross_margin": 0.7785806647904465,
      "op_margin": 0.2651555487944018,
      "fcf_margin": 0.0702061306761999
    },
    {
      "date": "2021-05-31T00:00:00",
      "quarter_label": "2021-05 (Q2)",
      "revenue": 12777000,
      "gross_profit": 10306000,
      "operating_income": 4542000,
      "net_income": 3787000,
      "opex": 5764000,
      "cogs": 2471000,
      "rd": 670000,
      "sga": 5094000,
      "fcf": 3913000,
      "ocf": 4296000,
      "capex": -383000,
      "gross_margin": 0.8066056194724897,
      "op_margin": 0.3554825076308993,
      "fcf_margin": 0.3062534241214683,
      "fcf_margin_change": 0.23604729344526837
    },
    {
      "date": "2021-08-31T00:00:00",
      "quarter_label": "2021-08 (Q3)",
      "revenue": 9841000,
      "gross_profit": 7056000,
      "operating_income": 174000,
      "net_income": 305000,
      "opex": 6882000,
      "cogs": 2785000,
      "rd": 1276000,
      "sga": 5606000,
      "fcf": 7612000,
      "ocf": 8273000,
      "capex": -661000,
      "gross_margin": 0.7170003048470683,
      "op_margin": 0.017681129966466824,
      "fcf_margin": 0.7734986281881923,
      "fcf_margin_change": 0.467245204066724
    },
    {
      "date": "2021-11-30T00:00:00",
      "quarter_label": "2021-11 (Q4)",
      "revenue": 12417000,
      "gross_profit": 9661000,
      "operating_income": 3791000,
      "net_income": 3026000,
      "opex": 5870000,
      "cogs": 2756000,
      "rd": 882000,
      "sga": 4988000,
      "fcf": 3021000,
      "ocf": 3582000,
      "capex": -561000,
      "gross_margin": 0.7780462269469276,
      "op_margin": 0.305307240074092,
      "fcf_margin": 0.2432954820004832,
      "op_leverage_ratio": Infinity,
      "fcf_margin_change": -0.530203146187709
    },
    {
      "date": "2022-02-28T00:00:00",
      "quarter_label": "2022-02 (Q1)",
      "revenue": 14796000,
      "gross_profit": 11966000,
      "operating_income": 5480000,
      "net_income": 4409000,
      "opex": 6486000,
      "cogs": 2830000,
      "rd": 902000,
      "sga": 5584000,
      "fcf": 2448000,
      "ocf": 2597000,
      "capex": -149000,
      "gross_margin": 0.8087320897539876,
      "op_margin": 0.37037037037037035,
      "fcf_margin": 0.1654501216545012,
      "incr_op_margin_yoy": 1.2092177077016373,
      "rev_growth_yoy": 0.12542785426333003,
      "op_leverage_ratio": 1.825724106770253,
      "fcf_margin_change": -0.077845360345982
    },
    {
      "date": "2022-05-31T00:00:00",
      "quarter_label": "2022-05 (Q2)",
      "revenue": 14959000,
      "gross_profit": 12400000,
      "operating_income": 4946000,
      "net_income": 4087000,
      "opex": 7454000,
      "cogs": 2559000,
      "rd": 655000,
      "sga": 6799000,
      "fcf": 3764000,
      "ocf": 3794000,
      "capex": -30000,
      "gross_margin": 0.8289324152684003,
      "op_margin": 0.33063707467076675,
      "fcf_margin": 0.25162109766695634,
      "incr_op_margin_yoy": 0.1851512373968836,
      "rev_growth_yoy": 0.1707756124285826,
      "rev_growth_yoy_accel": 0.04534775816525258,
      "op_leverage_ratio": 0.07381504159042314,
      "fcf_margin_change": 0.08617097601245513
    },
    {
      "date": "2022-08-31T00:00:00",
      "quarter_label": "2022-08 (Q3)",
      "revenue": 11734000,
      "gross_profit": 9057000,
      "operating_income": 694000,
      "net_income": 961000,
      "opex": 8363000,
      "cogs": 2677000,
      "rd": 769000,
      "sga": 7594000,
      "fcf": 7848000,
      "ocf": 7927000,
      "capex": -79000,
      "gross_margin": 0.771859553434464,
      "op_margin": 0.05914436679734106,
      "fcf_margin": 0.6688256349071076,
      "incr_op_margin_yoy": 0.27469624933967246,
      "rev_growth_yoy": 0.19235850015242353,
      "rev_growth_yoy_accel": 0.021582887723840927,
      "fcf_margin_change": 0.4172045372401512
    },
    {
      "date": "2022-11-30T00:00:00",
      "quarter_label": "2022-11 (Q4)",
      "revenue": 11964000,
      "gross_profit": 9293000,
      "operating_income": 878000,
      "net_income": 1245000,
      "opex": 8415000,
      "cogs": 2671000,
      "rd": 1166000,
      "sga": 7249000,
      "fcf": 4598000,
      "ocf": 4707000,
      "capex": -109000,
      "gross_margin": 0.7767469073888331,
      "op_margin": 0.073386827148111,
      "fcf_margin": 0.3843196255432966,
      "rev_growth_yoy": -0.03648224208746074,
      "rev_growth_yoy_accel": -0.22884074223988426,
      "op_leverage_ratio": 3.152394094741121,
      "fcf_margin_change": -0.284506009363811
    },
    {
      "date": "2023-02-28T00:00:00",
      "quarter_label": "2023-02 (Q1)",
      "revenue": 15750000,
      "gross_profit": 13130000,
      "operating_income": 4034000,
      "net_income": 4174000,
      "opex": 9096000,
      "cogs": 2620000,
      "rd": 1317000,
      "sga": 7779000,
      "fcf": 5334000,
      "ocf": 5541000,
      "capex": -207000,
      "gross_margin": 0.8336507936507936,
      "op_margin": 0.25612698412698415,
      "fcf_margin": 0.33866666666666667,
      "rev_growth_yoy": 0.06447688564476886,
      "rev_growth_yoy_accel": 0.10095912773222959,
      "op_leverage_ratio": 3.9103102258316795,
      "fcf_margin_change": -0.0456529588766299
    },
    {
      "date": "2023-05-31T00:00:00",
      "quarter_label": "2023-05 (Q2)",
      "revenue": 16234000,
      "gross_profit": 13273000,
      "operating_income": 4097000,
      "net_income": 4008000,
      "opex": 9176000,
      "cogs": 2961000,
      "rd": 945000,
      "sga": 8231000,
      "fcf": 8607000,
      "ocf": 8548000,
      "capex": 59000,
      "gross_margin": 0.8176050264876186,
      "op_margin": 0.25237156584945175,
      "fcf_margin": 0.5301835653566589,
      "incr_op_margin_yoy": -0.6658823529411765,
      "rev_growth_yoy": 0.08523297011832341,
      "rev_growth_yoy_accel": 0.02075608447355455,
      "op_leverage_ratio": 3.494019047619047,
      "fcf_margin_change": 0.19151689868999222
    },
    {
      "date": "2023-08-31T00:00:00",
      "quarter_label": "2023-08 (Q3)",
      "revenue": 15629000,
      "gross_profit": 12251000,
      "operating_income": -284000,
      "net_income": 534000,
      "opex": 12535000,
      "cogs": 3378000,
      "rd": 1076000,
      "sga": 11459000,
      "fcf": 2864000,
      "ocf": 3060000,
      "capex": -196000,
      "gross_margin": 0.7838633309872672,
      "op_margin": -0.01817134813487747,
      "fcf_margin": 0.18324908823341224,
      "incr_op_margin_yoy": -0.2510911424903723,
      "rev_growth_yoy": 0.3319413669677859,
      "rev_growth_yoy_accel": 0.2467083968494625,
      "fcf_margin_change": -0.34693447712324665
    },
    {
      "date": "2023-11-30T00:00:00",
      "quarter_label": "2023-11 (Q4)",
      "revenue": 14500000,
      "gross_profit": 9848000,
      "operating_income": 960000,
      "net_income": 1945000,
      "opex": 8888000,
      "cogs": 4652000,
      "rd": 1217000,
      "sga": 5682000,
      "fcf": 162000,
      "ocf": 162000,
      "capex": null,
      "gross_margin": 0.6791724137931034,
      "op_margin": 0.06620689655172414,
      "fcf_margin": 0.011172413793103448,
      "incr_op_margin_yoy": 0.032334384858044164,
      "rev_growth_yoy": 0.21196924105650283,
      "rev_growth_yoy_accel": -0.11997212591128309,
      "fcf_margin_change": -0.1720766744403088
    },
    {
      "date": "2024-02-29T00:00:00",
      "quarter_label": "2024-02 (Q1)",
      "revenue": 18305000,
      "gross_profit": 13221000,
      "operating_income": 4442000,
      "net_income": 4029000,
      "opex": 8779000,
      "cogs": 5084000,
      "rd": 1312000,
      "sga": 5518000,
      "fcf": 5377000,
      "ocf": 5810000,
      "capex": -433000,
      "gross_margin": 0.7222616771373942,
      "op_margin": 0.2426659382682327,
      "fcf_margin": 0.2937448784485113,
      "incr_op_margin_yoy": 0.15968688845401174,
      "rev_growth_yoy": 0.1622222222222222,
      "rev_growth_yoy_accel": -0.04974701883428062,
      "op_leverage_ratio": Infinity,
      "fcf_margin_change": 0.28257246465540786
    },
    {
      "date": "2024-05-31T00:00:00",
      "quarter_label": "2024-05 (Q2)",
      "revenue": 18544000,
      "gross_profit": 13257000,
      "operating_income": 1880000,
      "net_income": 3137000,
      "opex": 11377000,
      "cogs": 5287000,
      "rd": 1300000,
      "sga": 7678000,
      "fcf": 5567000,
      "ocf": 5684000,
      "capex": -117000,
      "gross_margin": 0.7148943054357204,
      "op_margin": 0.10138050043140638,
      "fcf_margin": 0.30020491803278687,
      "incr_op_margin_yoy": -0.9597402597402598,
      "rev_growth_yoy": 0.14229395096710606,
      "rev_growth_yoy_accel": -0.019928271255116148,
      "op_leverage_ratio": 0.04411985434554642,
      "fcf_margin_change": 0.006460039584275545
    },
    {
      "date": "2024-08-31T00:00:00",
      "quarter_label": "2024-08 (Q3)",
      "revenue": 18664000,
      "gross_profit": 6825000,
      "operating_income": -1151000,
      "net_income": 843000,
      "opex": 7976000,
      "cogs": 11839000,
      "rd": 1925000,
      "sga": 3473000,
      "fcf": 1648000,
      "ocf": 1664000,
      "capex": -16000,
      "gross_margin": 0.36567723960565796,
      "op_margin": -0.061669524217745395,
      "fcf_margin": 0.08829832833261894,
      "incr_op_margin_yoy": -0.285667215815486,
      "rev_growth_yoy": 0.19419028728645465,
      "rev_growth_yoy_accel": 0.05189633631934859,
      "fcf_margin_change": -0.21190658970016793
    },
    {
      "date": "2024-11-30T00:00:00",
      "quarter_label": "2024-11 (Q4)",
      "revenue": 18924000,
      "gross_profit": 10218000,
      "operating_income": 126000,
      "net_income": 206000,
      "opex": 10092000,
      "cogs": 8706000,
      "rd": 1848000,
      "sga": 5393000,
      "fcf": -1360000,
      "ocf": -1274000,
      "capex": -86000,
      "gross_margin": 0.5399492707672796,
      "op_margin": 0.006658211794546607,
      "fcf_margin": -0.07186641302050306,
      "incr_op_margin_yoy": -0.18851717902350815,
      "rev_growth_yoy": 0.30510344827586205,
      "rev_growth_yoy_accel": 0.1109131609894074,
      "op_leverage_ratio": 0.05250952674578681,
      "fcf_margin_change": -0.160164741353122
    },
    {
      "date": "2025-02-28T00:00:00",
      "quarter_label": "2025-02 (Q1)",
      "revenue": 22432000,
      "gross_profit": 13127000,
      "operating_income": 2712000,
      "net_income": 3074000,
      "opex": 10415000,
      "cogs": 9305000,
      "rd": 2143000,
      "sga": 4555000,
      "fcf": 5603000,
      "ocf": 5669000,
      "capex": -66000,
      "gross_margin": 0.5851907988587732,
      "op_margin": 0.12089871611982882,
      "fcf_margin": 0.24977710413694723,
      "incr_op_margin_yoy": -0.4191906954204022,
      "rev_growth_yoy": 0.22545752526632068,
      "rev_growth_yoy_accel": -0.07964592300954138,
      "op_leverage_ratio": 5.79190413274411,
      "fcf_margin_change": 0.3216435171574503
    },
    {
      "date": "2025-05-31T00:00:00",
      "quarter_label": "2025-05 (Q2)",
      "revenue": 20363000,
      "gross_profit": 13032000,
      "operating_income": -74226000,
      "net_income": -67317000,
      "opex": 87258000,
      "cogs": 7331000,
      "rd": 1216000,
      "sga": 6141000,
      "fcf": 7847000,
      "ocf": 8144000,
      "capex": -297000,
      "gross_margin": 0.639984285223199,
      "op_margin": -3.645140696361047,
      "fcf_margin": 0.38535579236851153,
      "incr_op_margin_yoy": -41.839472237493126,
      "rev_growth_yoy": 0.09809102674719586,
      "rev_growth_yoy_accel": -0.12736649851912482,
      "fcf_margin_change": 0.1355786882315643
    },
    {
      "date": "2025-08-31T00:00:00",
      "quarter_label": "2025-08 (Q3)",
      "revenue": 17460000,
      "gross_profit": 9844000,
      "operating_income": 659000,
      "net_income": -681000,
      "opex": 9185000,
      "cogs": 7616000,
      "rd": 1677000,
      "sga": 4852000,
      "fcf": 5323000,
      "ocf": 5587000,
      "capex": -264000,
      "gross_margin": 0.5638029782359679,
      "op_margin": 0.03774341351660939,
      "fcf_margin": 0.3048682703321879,
      "incr_op_margin_yoy": -1.5033222591362125,
      "rev_growth_yoy": -0.06450921560222889,
      "rev_growth_yoy_accel": -0.16260024234942475,
      "fcf_margin_change": -0.08048752203632364
    },
    {
      "date": "2025-11-30T00:00:00",
      "quarter_label": "2025-11 (Q4)",
      "revenue": 18421000,
      "gross_profit": 10891000,
      "operating_income": 713000,
      "net_income": 676000,
      "opex": 10178000,
      "cogs": 7530000,
      "rd": 2980000,
      "sga": 4019000,
      "fcf": 4234000,
      "ocf": 4234000,
      "capex": null,
      "gross_margin": 0.5912274035068672,
      "op_margin": 0.038705824873785356,
      "fcf_margin": 0.2298463709896314,
      "rev_growth_yoy": -0.02658000422743606,
      "rev_growth_yoy_accel": 0.037929211374792826,
      "op_leverage_ratio": 0.5091069906297115,
      "fcf_margin_change": -0.07502189934255649
    }
  ],
  "signals": [
    {
      "quarter": "2025-11 (Q4)",
      "signal": "GROSS MARGIN INFLECTION",
      "detail": "GM: +64.0% -> +56.4% -> +59.1% (reversal +2.7%)",
      "severity": "MEDIUM"
    },
    {
      "quarter": "2025-08 (Q3)",
      "signal": "YoY REVENUE GROWTH DECELERATION",
      "detail": "YoY growth: -6.5% vs prior quarter YoY: +9.8% (decel: -16.3%)",
      "severity": "WARNING"
    },
    {
      "quarter": "2025-08 (Q3)",
      "signal": "OP MARGIN TURNED POSITIVE (YoY)",
      "detail": "Op margin: -6.2% (year-ago) -> +3.8%",
      "severity": "HIGH"
    },
    {
      "quarter": "2025-08 (Q3)",
      "signal": "OP MARGIN TURNED POSITIVE (QoQ)",
      "detail": "Op margin: -364.5% -> +3.8%",
      "severity": "HIGH"
    },
    {
      "quarter": "2025-05 (Q2)",
      "signal": "FCF MARGIN EXPANSION",
      "detail": "FCF margin: +25.0% -> +38.5% (+13.6%)",
      "severity": "MEDIUM"
    },
    {
      "quarter": "2025-05 (Q2)",
      "signal": "YoY REVENUE GROWTH DECELERATION",
      "detail": "YoY growth: +9.8% vs prior quarter YoY: +22.5% (decel: -12.7%)",
      "severity": "WARNING"
    },
    {
      "quarter": "2025-02 (Q1)",
      "signal": "FCF TURNED POSITIVE",
      "detail": "FCF margin: -7.2% -> +25.0%",
      "severity": "HIGH"
    },
    {
      "quarter": "2025-02 (Q1)",
      "signal": "OPERATING LEVERAGE",
      "detail": "Rev growth +18.5% vs OpEx growth +3.2% (leverage: 5.8x)",
      "severity": "MEDIUM"
    },
    {
      "quarter": "2025-02 (Q1)",
      "signal": "YoY REVENUE GROWTH DECELERATION",
      "detail": "YoY growth: +22.5% vs prior quarter YoY: +30.5% (decel: -8.0%)",
      "severity": "WARNING"
    },
    {
      "quarter": "2024-11 (Q4)",
      "signal": "GROSS MARGIN INFLECTION",
      "detail": "GM: +71.5% -> +36.6% -> +54.0% (reversal +17.4%)",
      "severity": "HIGH"
    },
    {
      "quarter": "2024-11 (Q4)",
      "signal": "YoY REVENUE GROWTH ACCELERATION",
      "detail": "YoY growth: +30.5% vs prior quarter YoY: +19.4% (accel: +11.1%)",
      "severity": "MEDIUM"
    },
    {
      "quarter": "2024-11 (Q4)",
      "signal": "OP MARGIN TURNED POSITIVE (QoQ)",
      "detail": "Op margin: -6.2% -> +0.7%",
      "severity": "HIGH"
    },
    {
      "quarter": "2024-08 (Q3)",
      "signal": "YoY REVENUE GROWTH ACCELERATION",
      "detail": "YoY growth: +19.4% vs prior quarter YoY: +14.2% (accel: +5.2%)",
      "severity": "MEDIUM"
    },
    {
      "quarter": "2024-02 (Q1)",
      "signal": "FCF MARGIN EXPANSION",
      "detail": "FCF margin: +1.1% -> +29.4% (+28.3%)",
      "severity": "MEDIUM"
    },
    {
      "quarter": "2024-02 (Q1)",
      "signal": "GROSS MARGIN INFLECTION",
      "detail": "GM: +78.4% -> +67.9% -> +72.2% (reversal +4.3%)",
      "severity": "MEDIUM"
    },
    {
      "quarter": "2023-11 (Q4)",
      "signal": "YoY REVENUE GROWTH DECELERATION",
      "detail": "YoY growth: +21.2% vs prior quarter YoY: +33.2% (decel: -12.0%)",
      "severity": "WARNING"
    },
    {
      "quarter": "2023-11 (Q4)",
      "signal": "OP MARGIN TURNED POSITIVE (QoQ)",
      "detail": "Op margin: -1.8% -> +6.6%",
      "severity": "HIGH"
    },
    {
      "quarter": "2023-08 (Q3)",
      "signal": "YoY REVENUE GROWTH ACCELERATION",
      "detail": "YoY growth: +33.2% vs prior quarter YoY: +8.5% (accel: +24.7%)",
      "severity": "HIGH"
    },
    {
      "quarter": "2023-05 (Q2)",
      "signal": "FCF MARGIN EXPANSION",
      "detail": "FCF margin: +33.9% -> +53.0% (+19.2%)",
      "severity": "MEDIUM"
    },
    {
      "quarter": "2023-05 (Q2)",
      "signal": "OPERATING LEVERAGE",
      "detail": "Rev growth +3.1% vs OpEx growth +0.9% (leverage: 3.5x)",
      "severity": "MEDIUM"
    },
    {
      "quarter": "2023-02 (Q1)",
      "signal": "OPERATING LEVERAGE",
      "detail": "Rev growth +31.6% vs OpEx growth +8.1% (leverage: 3.9x)",
      "severity": "MEDIUM"
    },
    {
      "quarter": "2023-02 (Q1)",
      "signal": "YoY REVENUE GROWTH ACCELERATION",
      "detail": "YoY growth: +6.4% vs prior quarter YoY: -3.6% (accel: +10.1%)",
      "severity": "MEDIUM"
    },
    {
      "quarter": "2022-11 (Q4)",
      "signal": "OPERATING LEVERAGE",
      "detail": "Rev growth +2.0% vs OpEx growth +0.6% (leverage: 3.2x)",
      "severity": "MEDIUM"
    },
    {
      "quarter": "2022-11 (Q4)",
      "signal": "YoY REVENUE GROWTH DECELERATION",
      "detail": "YoY growth: -3.6% vs prior quarter YoY: +19.2% (decel: -22.9%)",
      "severity": "WARNING"
    },
    {
      "quarter": "2022-08 (Q3)",
      "signal": "FCF MARGIN EXPANSION",
      "detail": "FCF margin: +25.2% -> +66.9% (+41.7%)",
      "severity": "MEDIUM"
    },
    {
      "quarter": "2022-08 (Q3)",
      "signal": "INCREMENTAL MARGIN (YoY)",
      "detail": "YoY Incr OPM: +27.5% vs year-ago OPM: +1.8%",
      "severity": "HIGH"
    },
    {
      "quarter": "2022-05 (Q2)",
      "signal": "FCF MARGIN EXPANSION",
      "detail": "FCF margin: +16.5% -> +25.2% (+8.6%)",
      "severity": "MEDIUM"
    },
    {
      "quarter": "2022-02 (Q1)",
      "signal": "OPERATING LEVERAGE",
      "detail": "Rev growth +19.2% vs OpEx growth +10.5% (leverage: 1.8x)",
      "severity": "MEDIUM"
    },
    {
      "quarter": "2022-02 (Q1)",
      "signal": "INCREMENTAL MARGIN (YoY)",
      "detail": "YoY Incr OPM: +120.9% vs year-ago OPM: +26.5%",
      "severity": "HIGH"
    },
    {
      "quarter": "2021-11 (Q4)",
      "signal": "GROSS MARGIN INFLECTION",
      "detail": "GM: +80.7% -> +71.7% -> +77.8% (reversal +6.1%)",
      "severity": "HIGH"
    },
    {
      "quarter": "2021-08 (Q3)",
      "signal": "FCF MARGIN EXPANSION",
      "detail": "FCF margin: +30.6% -> +77.3% (+46.7%)",
      "severity": "MEDIUM"
    },
    {
      "quarter": "2021-05 (Q2)",
      "signal": "FCF MARGIN EXPANSION",
      "detail": "FCF margin: +7.0% -> +30.6% (+23.6%)",
      "severity": "MEDIUM"
    }
  ],
  "data_quality": {
    "n_quarters": 20,
    "coverage": {
      "revenue": [
        20,
        20
      ],
      "gross_profit": [
        20,
        20
      ],
      "op_income": [
        20,
        20
      ],
      "fcf": [
        20,
        20
      ]
    },
    "gaps": [],
    "warnings": []
  },
  "market_cap": null,
  "source": "SEC EDGAR",
  "last_updated": "2026-02-02T22:35:02.261798"
}