{
  "ticker": "SLQT",
  "name": "SELECTQUOTE, INC.",
  "quarters": [
    {
      "date": "2020-12-31T00:00:00",
      "quarter_label": "2020-12 (Q4)",
      "revenue": 358274000,
      "gross_profit": 274153000,
      "operating_income": 124154000,
      "net_income": 90416000,
      "opex": 228753000,
      "cogs": 84121000,
      "rd": null,
      "sga": null,
      "fcf": -96819000,
      "ocf": -93802000,
      "capex": -3017000,
      "gross_margin": 0.7652048432205518,
      "op_margin": 0.3465336585964932,
      "fcf_margin": -0.2702373044094743
    },
    {
      "date": "2021-03-31T00:00:00",
      "quarter_label": "2021-03 (Q1)",
      "revenue": 266923000,
      "gross_profit": 195484000,
      "operating_income": 54683000,
      "net_income": 36481000,
      "opex": 201720000,
      "cogs": 71439000,
      "rd": null,
      "sga": null,
      "fcf": 41449000,
      "ocf": 42201000,
      "capex": -752000,
      "gross_margin": 0.7323610179714749,
      "op_margin": 0.20486432416839312,
      "fcf_margin": 0.15528448279091722,
      "fcf_margin_change": 0.4255217872003915
    },
    {
      "date": "2021-06-30T00:00:00",
      "quarter_label": "2021-06 (Q2)",
      "revenue": 188449000,
      "gross_profit": 124339000,
      "operating_income": 13961000,
      "net_income": 3312000,
      "opex": 167130000,
      "cogs": 64110000,
      "rd": null,
      "sga": null,
      "fcf": -62882000,
      "ocf": -54495000,
      "capex": -8387000,
      "gross_margin": 0.6598018562051271,
      "op_margin": 0.07408370434441149,
      "fcf_margin": -0.3336817918906442,
      "fcf_margin_change": -0.4889662746815614
    },
    {
      "date": "2021-09-30T00:00:00",
      "quarter_label": "2021-09 (Q3)",
      "revenue": 159923000,
      "gross_profit": 67758000,
      "operating_income": -52164000,
      "net_income": -45365000,
      "opex": 203865000,
      "cogs": 92165000,
      "rd": null,
      "sga": 23895000,
      "fcf": -94899000,
      "ocf": -87075000,
      "capex": -7824000,
      "gross_margin": 0.4236914014869656,
      "op_margin": -0.32618197507550506,
      "fcf_margin": -0.5934043258318066,
      "fcf_margin_change": -0.2597225339411624
    },
    {
      "date": "2021-12-31T00:00:00",
      "quarter_label": "2021-12 (Q4)",
      "revenue": 194981000,
      "gross_profit": 46873000,
      "operating_income": -172906000,
      "net_income": -137008000,
      "opex": 358211000,
      "cogs": 148108000,
      "rd": null,
      "sga": 21894000,
      "fcf": -228746000,
      "ocf": -218666000,
      "capex": -10080000,
      "gross_margin": 0.24039778234802364,
      "op_margin": -0.8867838404767644,
      "fcf_margin": -1.1731707191982808,
      "incr_op_margin_yoy": 1.8191839209274128,
      "rev_growth_yoy": -0.4557768635178662,
      "op_leverage_ratio": 0.289549954629205,
      "fcf_margin_change": -0.5797663933664742
    },
    {
      "date": "2022-03-31T00:00:00",
      "quarter_label": "2022-03 (Q1)",
      "revenue": 275113000,
      "gross_profit": 155654000,
      "operating_income": 3105000,
      "net_income": -6448000,
      "opex": 262099000,
      "cogs": 119459000,
      "rd": null,
      "sga": 24705000,
      "fcf": 14768000,
      "ocf": 21379000,
      "capex": -6611000,
      "gross_margin": 0.5657820604624282,
      "op_margin": 0.011286271459363971,
      "fcf_margin": 0.05367976068015688,
      "incr_op_margin_yoy": -6.2976800976800975,
      "rev_growth_yoy": 0.03068300596052045,
      "rev_growth_yoy_accel": 0.48645986947838665,
      "op_leverage_ratio": Infinity,
      "fcf_margin_change": 1.2268504798784376
    },
    {
      "date": "2022-06-30T00:00:00",
      "quarter_label": "2022-06 (Q2)",
      "revenue": 136424000,
      "gross_profit": 29348000,
      "operating_income": -121648000,
      "net_income": -106895000,
      "opex": 200172000,
      "cogs": 107076000,
      "rd": null,
      "sga": 30450000,
      "fcf": -54235000,
      "ocf": -53952000,
      "capex": -283000,
      "gross_margin": 0.2151234386911394,
      "op_margin": -0.8916906116225884,
      "fcf_margin": -0.39754735237201666,
      "incr_op_margin_yoy": 2.6066122056703507,
      "rev_growth_yoy": -0.27606938747353393,
      "rev_growth_yoy_accel": -0.30675239343405436,
      "fcf_margin_change": -0.45122711305217356
    },
    {
      "date": "2022-09-30T00:00:00",
      "quarter_label": "2022-09 (Q3)",
      "revenue": 162484000,
      "gross_profit": 120130000,
      "operating_income": -39516000,
      "net_income": -42484000,
      "opex": 190117000,
      "cogs": 42354000,
      "rd": null,
      "sga": 30706000,
      "fcf": -47468000,
      "ocf": -47170000,
      "capex": -298000,
      "gross_margin": 0.7393343344575466,
      "op_margin": -0.24319933039560818,
      "fcf_margin": -0.2921395337387066,
      "incr_op_margin_yoy": 4.9386958219445525,
      "rev_growth_yoy": 0.016013956716669896,
      "rev_growth_yoy_accel": 0.2920833441902038,
      "op_leverage_ratio": Infinity,
      "fcf_margin_change": 0.10540781863331006
    },
    {
      "date": "2022-12-31T00:00:00",
      "quarter_label": "2022-12 (Q4)",
      "revenue": 319188000,
      "gross_profit": 269092000,
      "operating_income": 53033000,
      "net_income": 22514000,
      "opex": 255543000,
      "cogs": 50096000,
      "rd": null,
      "sga": 28412000,
      "fcf": -28704000,
      "ocf": -28404000,
      "capex": -300000,
      "gross_margin": 0.8430517437998922,
      "op_margin": 0.16614972993972205,
      "fcf_margin": -0.0899281927892026,
      "incr_op_margin_yoy": 1.8190520663086622,
      "rev_growth_yoy": 0.637021043075992,
      "rev_growth_yoy_accel": 0.6210070863593221,
      "op_leverage_ratio": 2.8024641375034216,
      "fcf_margin_change": 0.202211340949504
    },
    {
      "date": "2023-03-31T00:00:00",
      "quarter_label": "2023-03 (Q1)",
      "revenue": 299398000,
      "gross_profit": 237096000,
      "operating_income": 33727000,
      "net_income": 9264000,
      "opex": 255166000,
      "cogs": 62302000,
      "rd": null,
      "sga": 27544000,
      "fcf": 62281000,
      "ocf": 62739000,
      "capex": -458000,
      "gross_margin": 0.7919090975891623,
      "op_margin": 0.11264938309541146,
      "fcf_margin": 0.20802076166173455,
      "incr_op_margin_yoy": 1.2609429689108502,
      "rev_growth_yoy": 0.08827281880536361,
      "rev_growth_yoy_accel": -0.5487482242706284,
      "fcf_margin_change": 0.29794895445093716
    },
    {
      "date": "2023-06-30T00:00:00",
      "quarter_label": "2023-06 (Q2)",
      "revenue": 221778000,
      "gross_profit": 150568000,
      "operating_income": -35661000,
      "net_income": -47838000,
      "opex": 227599000,
      "cogs": 71210000,
      "rd": null,
      "sga": 49856000,
      "fcf": -6933000,
      "ocf": -6542000,
      "capex": -391000,
      "gross_margin": 0.6789131473816159,
      "op_margin": -0.16079593106620133,
      "fcf_margin": -0.03126099072045018,
      "incr_op_margin_yoy": 1.0074161726456874,
      "rev_growth_yoy": 0.6256523778807248,
      "rev_growth_yoy_accel": 0.5373795590753612,
      "fcf_margin_change": -0.23928175238218474
    },
    {
      "date": "2023-09-30T00:00:00",
      "quarter_label": "2023-09 (Q3)",
      "revenue": 232730000,
      "gross_profit": 148722000,
      "operating_income": -22415000,
      "net_income": -31051000,
      "opex": 244068000,
      "cogs": 84008000,
      "rd": null,
      "sga": 28666000,
      "fcf": -24287000,
      "ocf": -23671000,
      "capex": -616000,
      "gross_margin": 0.6390323550895888,
      "op_margin": -0.09631332445322906,
      "fcf_margin": -0.10435698019163837,
      "incr_op_margin_yoy": 0.24344446658884492,
      "rev_growth_yoy": 0.4323256443711381,
      "rev_growth_yoy_accel": -0.19332673350958673,
      "op_leverage_ratio": 0.6824613996067433,
      "fcf_margin_change": -0.0730959894711882
    },
    {
      "date": "2023-12-31T00:00:00",
      "quarter_label": "2023-12 (Q4)",
      "revenue": 405438000,
      "gross_profit": 311258000,
      "operating_income": 55294000,
      "net_income": 19392000,
      "opex": 338024000,
      "cogs": 94180000,
      "rd": null,
      "sga": 33412000,
      "fcf": -27014000,
      "ocf": -25568000,
      "capex": -1446000,
      "gross_margin": 0.7677080096093607,
      "op_margin": 0.13638090164217465,
      "fcf_margin": -0.06662917634755498,
      "incr_op_margin_yoy": 0.026214492753623187,
      "rev_growth_yoy": 0.27021692544832515,
      "rev_growth_yoy_accel": -0.16210871892281292,
      "op_leverage_ratio": 1.927730899002382,
      "fcf_margin_change": 0.03772780384408339
    },
    {
      "date": "2024-03-31T00:00:00",
      "quarter_label": "2024-03 (Q1)",
      "revenue": 376400000,
      "gross_profit": 270228000,
      "operating_income": 33062000,
      "net_income": 8551000,
      "opex": 329790000,
      "cogs": 106172000,
      "rd": null,
      "sga": 34971000,
      "fcf": 43428000,
      "ocf": 44480000,
      "capex": -1052000,
      "gross_margin": 0.7179277364505845,
      "op_margin": 0.0878374070138151,
      "fcf_margin": 0.11537725823591924,
      "incr_op_margin_yoy": -0.008636139321056596,
      "rev_growth_yoy": 0.25718942678307805,
      "rev_growth_yoy_accel": -0.013027498665247106,
      "fcf_margin_change": 0.1820064345834742
    },
    {
      "date": "2024-06-30T00:00:00",
      "quarter_label": "2024-06 (Q2)",
      "revenue": 307209000,
      "gross_profit": 186565000,
      "operating_income": -1391000,
      "net_income": -31017000,
      "opex": 345345000,
      "cogs": 120644000,
      "rd": null,
      "sga": 43993000,
      "fcf": 19727000,
      "ocf": 19995000,
      "capex": -268000,
      "gross_margin": 0.6072901510046906,
      "op_margin": -0.00452786213945555,
      "fcf_margin": 0.06421361353345768,
      "incr_op_margin_yoy": 0.4011424424389273,
      "rev_growth_yoy": 0.3852095338581825,
      "rev_growth_yoy_accel": 0.12802010707510447,
      "fcf_margin_change": -0.051163644702461555
    },
    {
      "date": "2024-09-30T00:00:00",
      "quarter_label": "2024-09 (Q3)",
      "revenue": 292263000,
      "gross_profit": 162739000,
      "operating_income": -11977000,
      "net_income": -44546000,
      "opex": 304240000,
      "cogs": 129524000,
      "rd": null,
      "sga": 36145000,
      "fcf": -17052000,
      "ocf": -16610000,
      "capex": -442000,
      "gross_margin": 0.5568238196418979,
      "op_margin": -0.040980213027307595,
      "fcf_margin": -0.05834471007277692,
      "incr_op_margin_yoy": 0.17533132884282668,
      "rev_growth_yoy": 0.2558028616852146,
      "rev_growth_yoy_accel": -0.12940667217296792,
      "fcf_margin_change": -0.1225583236062346
    },
    {
      "date": "2024-12-31T00:00:00",
      "quarter_label": "2024-12 (Q4)",
      "revenue": 481069000,
      "gross_profit": 324868000,
      "operating_income": 70940000,
      "net_income": 53236000,
      "opex": 410129000,
      "cogs": 156201000,
      "rd": null,
      "sga": 45021000,
      "fcf": -28993000,
      "ocf": -28694000,
      "capex": -299000,
      "gross_margin": 0.6753043742165885,
      "op_margin": 0.14746325371204547,
      "fcf_margin": -0.060267861782821175,
      "incr_op_margin_yoy": 0.2068728431463289,
      "rev_growth_yoy": 0.18654146873258057,
      "rev_growth_yoy_accel": -0.06926139295263403,
      "op_leverage_ratio": 1.8561258497184208,
      "fcf_margin_change": -0.0019231517100442574
    },
    {
      "date": "2025-03-31T00:00:00",
      "quarter_label": "2025-03 (Q1)",
      "revenue": 408160000,
      "gross_profit": 245856000,
      "operating_income": 22059000,
      "net_income": 26022000,
      "opex": 386101000,
      "cogs": 162304000,
      "rd": null,
      "sga": 41685000,
      "fcf": 70171000,
      "ocf": 71120000,
      "capex": -949000,
      "gross_margin": 0.6023520188161505,
      "op_margin": 0.05404498235985888,
      "fcf_margin": 0.1719203253626029,
      "incr_op_margin_yoy": -0.3464420654911839,
      "rev_growth_yoy": 0.08437832093517535,
      "rev_growth_yoy_accel": -0.10216314779740522,
      "fcf_margin_change": 0.23218818714542408
    },
    {
      "date": "2025-06-30T00:00:00",
      "quarter_label": "2025-06 (Q2)",
      "revenue": 345102000,
      "gross_profit": 162791000,
      "operating_income": -12523000,
      "net_income": 12868000,
      "opex": 357625000,
      "cogs": 182311000,
      "rd": null,
      "sga": 41592000,
      "fcf": -37983000,
      "ocf": -37482000,
      "capex": -501000,
      "gross_margin": 0.4717185064125969,
      "op_margin": -0.03628782215113213,
      "fcf_margin": -0.11006311177564894,
      "incr_op_margin_yoy": -0.29377457577916766,
      "rev_growth_yoy": 0.12334599572278156,
      "rev_growth_yoy_accel": 0.03896767478760621,
      "fcf_margin_change": -0.28198343713825186
    },
    {
      "date": "2025-09-30T00:00:00",
      "quarter_label": "2025-09 (Q3)",
      "revenue": 328811000,
      "gross_profit": 136032000,
      "operating_income": -40746000,
      "net_income": -30459000,
      "opex": 369557000,
      "cogs": 192779000,
      "rd": null,
      "sga": 35819000,
      "fcf": -22681000,
      "ocf": -21623000,
      "capex": -1058000,
      "gross_margin": 0.4137087871147863,
      "op_margin": -0.12391921194850537,
      "fcf_margin": -0.06897883586619669,
      "incr_op_margin_yoy": -0.7871566159570975,
      "rev_growth_yoy": 0.12505175133355917,
      "rev_growth_yoy_accel": 0.0017057556107776123,
      "fcf_margin_change": 0.04108427590945225
    }
  ],
  "signals": [
    {
      "quarter": "2025-03 (Q1)",
      "signal": "FCF TURNED POSITIVE",
      "detail": "FCF margin: -6.0% -> +17.2%",
      "severity": "HIGH"
    },
    {
      "quarter": "2025-03 (Q1)",
      "signal": "YoY REVENUE GROWTH DECELERATION",
      "detail": "YoY growth: +8.4% vs prior quarter YoY: +18.7% (decel: -10.2%)",
      "severity": "WARNING"
    },
    {
      "quarter": "2024-12 (Q4)",
      "signal": "OPERATING LEVERAGE",
      "detail": "Rev growth +64.6% vs OpEx growth +34.8% (leverage: 1.9x)",
      "severity": "MEDIUM"
    },
    {
      "quarter": "2024-12 (Q4)",
      "signal": "GROSS MARGIN INFLECTION",
      "detail": "GM: +60.7% -> +55.7% -> +67.5% (reversal +11.8%)",
      "severity": "HIGH"
    },
    {
      "quarter": "2024-12 (Q4)",
      "signal": "YoY REVENUE GROWTH DECELERATION",
      "detail": "YoY growth: +18.7% vs prior quarter YoY: +25.6% (decel: -6.9%)",
      "severity": "WARNING"
    },
    {
      "quarter": "2024-12 (Q4)",
      "signal": "OP MARGIN TURNED POSITIVE (QoQ)",
      "detail": "Op margin: -4.1% -> +14.7%",
      "severity": "HIGH"
    },
    {
      "quarter": "2024-09 (Q3)",
      "signal": "YoY REVENUE GROWTH DECELERATION",
      "detail": "YoY growth: +25.6% vs prior quarter YoY: +38.5% (decel: -12.9%)",
      "severity": "WARNING"
    },
    {
      "quarter": "2024-06 (Q2)",
      "signal": "YoY REVENUE GROWTH ACCELERATION",
      "detail": "YoY growth: +38.5% vs prior quarter YoY: +25.7% (accel: +12.8%)",
      "severity": "MEDIUM"
    },
    {
      "quarter": "2024-03 (Q1)",
      "signal": "FCF TURNED POSITIVE",
      "detail": "FCF margin: -6.7% -> +11.5%",
      "severity": "HIGH"
    },
    {
      "quarter": "2023-12 (Q4)",
      "signal": "OPERATING LEVERAGE",
      "detail": "Rev growth +74.2% vs OpEx growth +38.5% (leverage: 1.9x)",
      "severity": "MEDIUM"
    },
    {
      "quarter": "2023-12 (Q4)",
      "signal": "GROSS MARGIN INFLECTION",
      "detail": "GM: +67.9% -> +63.9% -> +76.8% (reversal +12.9%)",
      "severity": "HIGH"
    },
    {
      "quarter": "2023-12 (Q4)",
      "signal": "YoY REVENUE GROWTH DECELERATION",
      "detail": "YoY growth: +27.0% vs prior quarter YoY: +43.2% (decel: -16.2%)",
      "severity": "WARNING"
    },
    {
      "quarter": "2023-12 (Q4)",
      "signal": "OP MARGIN TURNED POSITIVE (QoQ)",
      "detail": "Op margin: -9.6% -> +13.6%",
      "severity": "HIGH"
    },
    {
      "quarter": "2023-09 (Q3)",
      "signal": "YoY REVENUE GROWTH DECELERATION",
      "detail": "YoY growth: +43.2% vs prior quarter YoY: +62.6% (decel: -19.3%)",
      "severity": "WARNING"
    },
    {
      "quarter": "2023-06 (Q2)",
      "signal": "YoY REVENUE GROWTH ACCELERATION",
      "detail": "YoY growth: +62.6% vs prior quarter YoY: +8.8% (accel: +53.7%)",
      "severity": "HIGH"
    },
    {
      "quarter": "2023-03 (Q1)",
      "signal": "FCF TURNED POSITIVE",
      "detail": "FCF margin: -9.0% -> +20.8%",
      "severity": "HIGH"
    },
    {
      "quarter": "2023-03 (Q1)",
      "signal": "YoY REVENUE GROWTH DECELERATION",
      "detail": "YoY growth: +8.8% vs prior quarter YoY: +63.7% (decel: -54.9%)",
      "severity": "WARNING"
    },
    {
      "quarter": "2023-03 (Q1)",
      "signal": "INCREMENTAL MARGIN (YoY)",
      "detail": "YoY Incr OPM: +126.1% vs year-ago OPM: +1.1%",
      "severity": "HIGH"
    },
    {
      "quarter": "2022-12 (Q4)",
      "signal": "FCF MARGIN EXPANSION",
      "detail": "FCF margin: -29.2% -> -9.0% (+20.2%)",
      "severity": "MEDIUM"
    },
    {
      "quarter": "2022-12 (Q4)",
      "signal": "OPERATING LEVERAGE",
      "detail": "Rev growth +96.4% vs OpEx growth +34.4% (leverage: 2.8x)",
      "severity": "MEDIUM"
    },
    {
      "quarter": "2022-12 (Q4)",
      "signal": "YoY REVENUE GROWTH ACCELERATION",
      "detail": "YoY growth: +63.7% vs prior quarter YoY: +1.6% (accel: +62.1%)",
      "severity": "HIGH"
    },
    {
      "quarter": "2022-12 (Q4)",
      "signal": "OP MARGIN TURNED POSITIVE (YoY)",
      "detail": "Op margin: -88.7% (year-ago) -> +16.6%",
      "severity": "HIGH"
    },
    {
      "quarter": "2022-12 (Q4)",
      "signal": "OP MARGIN TURNED POSITIVE (QoQ)",
      "detail": "Op margin: -24.3% -> +16.6%",
      "severity": "HIGH"
    },
    {
      "quarter": "2022-09 (Q3)",
      "signal": "FCF MARGIN EXPANSION",
      "detail": "FCF margin: -39.8% -> -29.2% (+10.5%)",
      "severity": "MEDIUM"
    },
    {
      "quarter": "2022-09 (Q3)",
      "signal": "GROSS MARGIN INFLECTION",
      "detail": "GM: +56.6% -> +21.5% -> +73.9% (reversal +52.4%)",
      "severity": "HIGH"
    },
    {
      "quarter": "2022-09 (Q3)",
      "signal": "YoY REVENUE GROWTH ACCELERATION",
      "detail": "YoY growth: +1.6% vs prior quarter YoY: -27.6% (accel: +29.2%)",
      "severity": "HIGH"
    },
    {
      "quarter": "2022-06 (Q2)",
      "signal": "YoY REVENUE GROWTH DECELERATION",
      "detail": "YoY growth: -27.6% vs prior quarter YoY: +3.1% (decel: -30.7%)",
      "severity": "WARNING"
    },
    {
      "quarter": "2022-03 (Q1)",
      "signal": "FCF TURNED POSITIVE",
      "detail": "FCF margin: -117.3% -> +5.4%",
      "severity": "HIGH"
    },
    {
      "quarter": "2022-03 (Q1)",
      "signal": "GROSS MARGIN INFLECTION",
      "detail": "GM: +42.4% -> +24.0% -> +56.6% (reversal +32.5%)",
      "severity": "HIGH"
    },
    {
      "quarter": "2022-03 (Q1)",
      "signal": "YoY REVENUE GROWTH ACCELERATION",
      "detail": "YoY growth: +3.1% vs prior quarter YoY: -45.6% (accel: +48.6%)",
      "severity": "HIGH"
    },
    {
      "quarter": "2022-03 (Q1)",
      "signal": "OP MARGIN TURNED POSITIVE (QoQ)",
      "detail": "Op margin: -88.7% -> +1.1%",
      "severity": "HIGH"
    },
    {
      "quarter": "2021-03 (Q1)",
      "signal": "FCF TURNED POSITIVE",
      "detail": "FCF margin: -27.0% -> +15.5%",
      "severity": "HIGH"
    }
  ],
  "data_quality": {
    "n_quarters": 20,
    "coverage": {
      "revenue": [
        20,
        20
      ],
      "gross_profit": [
        20,
        20
      ],
      "op_income": [
        20,
        20
      ],
      "fcf": [
        20,
        20
      ]
    },
    "gaps": [],
    "warnings": []
  },
  "market_cap": null,
  "source": "SEC EDGAR",
  "last_updated": "2026-02-02T22:50:53.937027"
}