{
  "ticker": "SLSN",
  "name": "SOLESENCE, INC.",
  "quarters": [
    {
      "date": "2020-12-31T00:00:00",
      "quarter_label": "2020-12 (Q4)",
      "revenue": 4861000,
      "gross_profit": 1560000,
      "operating_income": 322000,
      "net_income": 194000,
      "opex": 1238000,
      "cogs": 3301000,
      "rd": 437000,
      "sga": 801000,
      "fcf": -759000,
      "ocf": -329000,
      "capex": -430000,
      "gross_margin": 0.32092162106562433,
      "op_margin": 0.06624151409175066,
      "fcf_margin": -0.156140711787698
    },
    {
      "date": "2021-03-31T00:00:00",
      "quarter_label": "2021-03 (Q1)",
      "revenue": 7072000,
      "gross_profit": 2030000,
      "operating_income": 497000,
      "net_income": 358000,
      "opex": 1533000,
      "cogs": 5042000,
      "rd": 499000,
      "sga": 1034000,
      "fcf": -303000,
      "ocf": -137000,
      "capex": -166000,
      "gross_margin": 0.2870475113122172,
      "op_margin": 0.07027714932126697,
      "fcf_margin": -0.04284502262443439,
      "op_leverage_ratio": 1.90880581870927,
      "fcf_margin_change": 0.11329568916326362
    },
    {
      "date": "2021-06-30T00:00:00",
      "quarter_label": "2021-06 (Q2)",
      "revenue": 7114000,
      "gross_profit": 2514000,
      "operating_income": 960000,
      "net_income": 41000,
      "opex": 1554000,
      "cogs": 4600000,
      "rd": 536000,
      "sga": 1018000,
      "fcf": 283000,
      "ocf": 625000,
      "capex": -342000,
      "gross_margin": 0.3533876862524599,
      "op_margin": 0.13494517852122576,
      "fcf_margin": 0.03978071408490301,
      "fcf_margin_change": 0.0826257367093374
    },
    {
      "date": "2021-09-30T00:00:00",
      "quarter_label": "2021-09 (Q3)",
      "revenue": 7924000,
      "gross_profit": 2978000,
      "operating_income": 1401000,
      "net_income": 1363000,
      "opex": 1577000,
      "cogs": 4946000,
      "rd": 635000,
      "sga": 942000,
      "fcf": -1156000,
      "ocf": -219000,
      "capex": -937000,
      "gross_margin": 0.37582029278142354,
      "op_margin": 0.17680464411913174,
      "fcf_margin": -0.1458859162039374,
      "op_leverage_ratio": 7.692975272273899,
      "fcf_margin_change": -0.1856666302888404
    },
    {
      "date": "2021-12-31T00:00:00",
      "quarter_label": "2021-12 (Q4)",
      "revenue": 7365000,
      "gross_profit": 1168000,
      "operating_income": -299000,
      "net_income": -394000,
      "opex": 1467000,
      "cogs": 6197000,
      "rd": 565000,
      "sga": 902000,
      "fcf": 1623000,
      "ocf": 2052000,
      "capex": -429000,
      "gross_margin": 0.1585879158180584,
      "op_margin": -0.040597420230821454,
      "fcf_margin": 0.22036659877800407,
      "incr_op_margin_yoy": -0.2480031948881789,
      "rev_growth_yoy": 0.5151203456078997,
      "fcf_margin_change": 0.36625251498194145
    },
    {
      "date": "2022-03-31T00:00:00",
      "quarter_label": "2022-03 (Q1)",
      "revenue": 8156000,
      "gross_profit": 2168000,
      "operating_income": 105000,
      "net_income": 62000,
      "opex": 2063000,
      "cogs": 5988000,
      "rd": 666000,
      "sga": 1397000,
      "fcf": -2153000,
      "ocf": -1775000,
      "capex": -378000,
      "gross_margin": 0.26581657675331044,
      "op_margin": 0.012873957822461991,
      "fcf_margin": -0.26397743992153017,
      "incr_op_margin_yoy": -0.36162361623616235,
      "rev_growth_yoy": 0.15328054298642535,
      "rev_growth_yoy_accel": -0.3618398026214743,
      "op_leverage_ratio": 0.2643550349239328,
      "fcf_margin_change": -0.48434403869953424
    },
    {
      "date": "2022-06-30T00:00:00",
      "quarter_label": "2022-06 (Q2)",
      "revenue": 11222000,
      "gross_profit": 2736000,
      "operating_income": 123000,
      "net_income": 50000,
      "opex": 2613000,
      "cogs": 8486000,
      "rd": 797000,
      "sga": 1816000,
      "fcf": -2356000,
      "ocf": -1606000,
      "capex": -750000,
      "gross_margin": 0.24380680805560506,
      "op_margin": 0.010960613081447157,
      "fcf_margin": -0.20994475138121546,
      "incr_op_margin_yoy": -0.20374878286270692,
      "rev_growth_yoy": 0.5774529097554119,
      "rev_growth_yoy_accel": 0.4241723667689865,
      "op_leverage_ratio": 1.4100401266217841,
      "fcf_margin_change": 0.054032688540314705
    },
    {
      "date": "2022-09-30T00:00:00",
      "quarter_label": "2022-09 (Q3)",
      "revenue": 9678000,
      "gross_profit": 2493000,
      "operating_income": -634000,
      "net_income": -750000,
      "opex": 3127000,
      "cogs": 7185000,
      "rd": 848000,
      "sga": 2279000,
      "fcf": 314000,
      "ocf": 984000,
      "capex": -670000,
      "gross_margin": 0.25759454432734036,
      "op_margin": -0.06550940276916718,
      "fcf_margin": 0.03244471998346766,
      "incr_op_margin_yoy": -1.160205245153934,
      "rev_growth_yoy": 0.22135285209490158,
      "rev_growth_yoy_accel": -0.3561000576605103,
      "fcf_margin_change": 0.2423894713646831
    },
    {
      "date": "2022-12-31T00:00:00",
      "quarter_label": "2022-12 (Q4)",
      "revenue": 8261000,
      "gross_profit": 963000,
      "operating_income": -1852000,
      "net_income": -1985000,
      "opex": 2815000,
      "cogs": 7298000,
      "rd": 727000,
      "sga": 2088000,
      "fcf": -278000,
      "ocf": 747000,
      "capex": -1025000,
      "gross_margin": 0.11657184360246943,
      "op_margin": -0.22418593390630676,
      "fcf_margin": -0.033652100229996366,
      "rev_growth_yoy": 0.12165648336727766,
      "rev_growth_yoy_accel": -0.09969636872762391,
      "fcf_margin_change": -0.06609682021346402
    },
    {
      "date": "2023-03-31T00:00:00",
      "quarter_label": "2023-03 (Q1)",
      "revenue": 9457000,
      "gross_profit": 2149000,
      "operating_income": -1004000,
      "net_income": -1159000,
      "opex": 3153000,
      "cogs": 7308000,
      "rd": 1003000,
      "sga": 2150000,
      "fcf": -803000,
      "ocf": -782000,
      "capex": -21000,
      "gross_margin": 0.22723908216136196,
      "op_margin": -0.10616474569102252,
      "fcf_margin": -0.08491064819710267,
      "incr_op_margin_yoy": -0.8524212144504227,
      "rev_growth_yoy": 0.15951446787641,
      "rev_growth_yoy_accel": 0.03785798450913233,
      "op_leverage_ratio": 1.205758289646439,
      "fcf_margin_change": -0.051258547967106306
    },
    {
      "date": "2023-06-30T00:00:00",
      "quarter_label": "2023-06 (Q2)",
      "revenue": 11872000,
      "gross_profit": 3675000,
      "operating_income": 579000,
      "net_income": 333000,
      "opex": 3096000,
      "cogs": 8197000,
      "rd": 991000,
      "sga": 2105000,
      "fcf": -1969000,
      "ocf": -1179000,
      "capex": -790000,
      "gross_margin": 0.3095518867924528,
      "op_margin": 0.04877021563342318,
      "fcf_margin": -0.1658524258760108,
      "rev_growth_yoy": 0.05792193904829799,
      "rev_growth_yoy_accel": -0.10159252882811201,
      "op_leverage_ratio": Infinity,
      "fcf_margin_change": -0.08094177767890812
    },
    {
      "date": "2023-09-30T00:00:00",
      "quarter_label": "2023-09 (Q3)",
      "revenue": 7958000,
      "gross_profit": 1530000,
      "operating_income": -1222000,
      "net_income": -1436000,
      "opex": 2752000,
      "cogs": 6428000,
      "rd": 1057000,
      "sga": 1695000,
      "fcf": 2564000,
      "ocf": 2605000,
      "capex": -41000,
      "gross_margin": 0.19225936164865545,
      "op_margin": -0.15355616989193266,
      "fcf_margin": 0.32219150540336766,
      "incr_op_margin_yoy": 0.34186046511627904,
      "rev_growth_yoy": -0.17772266997313493,
      "rev_growth_yoy_accel": -0.23564460902143292,
      "fcf_margin_change": 0.48804393127937845
    },
    {
      "date": "2023-12-31T00:00:00",
      "quarter_label": "2023-12 (Q4)",
      "revenue": 8011000,
      "gross_profit": 471000,
      "operating_income": -1897000,
      "net_income": -2128000,
      "opex": 2368000,
      "cogs": 7540000,
      "rd": 785000,
      "sga": 1583000,
      "fcf": -2849000,
      "ocf": -2650000,
      "capex": -199000,
      "gross_margin": 0.05879415803270503,
      "op_margin": -0.2367994008238672,
      "fcf_margin": -0.35563600049931343,
      "rev_growth_yoy": -0.030262680062946374,
      "rev_growth_yoy_accel": 0.14745998991018855,
      "fcf_margin_change": -0.677827505902681
    },
    {
      "date": "2024-03-31T00:00:00",
      "quarter_label": "2024-03 (Q1)",
      "revenue": 9868000,
      "gross_profit": 3580000,
      "operating_income": 1111000,
      "net_income": 893000,
      "opex": 8975000,
      "cogs": 6288000,
      "rd": 910000,
      "sga": 1559000,
      "fcf": -3940000,
      "ocf": -3855000,
      "capex": -85000,
      "gross_margin": 0.3627888123226591,
      "op_margin": 0.11258613700851236,
      "fcf_margin": -0.39927036886907175,
      "rev_growth_yoy": 0.04345987099503014,
      "rev_growth_yoy_accel": 0.07372255105797651,
      "op_leverage_ratio": 0.08308116222137953,
      "fcf_margin_change": -0.043634368369758314
    },
    {
      "date": "2024-06-30T00:00:00",
      "quarter_label": "2024-06 (Q2)",
      "revenue": 13046000,
      "gross_profit": 3740000,
      "operating_income": 1047000,
      "net_income": 856000,
      "opex": 12190000,
      "cogs": 9306000,
      "rd": 864000,
      "sga": 1829000,
      "fcf": -1042000,
      "ocf": -565000,
      "capex": -477000,
      "gross_margin": 0.2866779089376054,
      "op_margin": 0.08025448413306761,
      "fcf_margin": -0.07987122489652,
      "incr_op_margin_yoy": 0.3986371379897785,
      "rev_growth_yoy": 0.09888814016172506,
      "rev_growth_yoy_accel": 0.055428269166694924,
      "op_leverage_ratio": 0.8990383797070002,
      "fcf_margin_change": 0.31939914397255176
    },
    {
      "date": "2024-09-30T00:00:00",
      "quarter_label": "2024-09 (Q3)",
      "revenue": 16866000,
      "gross_profit": 6102000,
      "operating_income": 3198000,
      "net_income": 3045000,
      "opex": 13821000,
      "cogs": 10764000,
      "rd": 970000,
      "sga": 1934000,
      "fcf": 2799000,
      "ocf": 4202000,
      "capex": -1403000,
      "gross_margin": 0.3617929562433298,
      "op_margin": 0.1896122376378513,
      "fcf_margin": 0.16595517609391675,
      "incr_op_margin_yoy": 0.4961832061068702,
      "rev_growth_yoy": 1.1193767278210605,
      "rev_growth_yoy_accel": 1.0204885876593355,
      "op_leverage_ratio": 2.188445488317384,
      "fcf_margin_change": 0.24582640099043673
    },
    {
      "date": "2024-12-31T00:00:00",
      "quarter_label": "2024-12 (Q4)",
      "revenue": 12567000,
      "gross_profit": 2766000,
      "operating_income": -223000,
      "net_income": -558000,
      "opex": 13125000,
      "cogs": 9801000,
      "rd": 1091000,
      "sga": 1898000,
      "fcf": -404000,
      "ocf": 2189000,
      "capex": -2593000,
      "gross_margin": 0.22010026259250418,
      "op_margin": -0.017744887403517148,
      "fcf_margin": -0.03214768839022838,
      "incr_op_margin_yoy": 0.3674275680421422,
      "rev_growth_yoy": 0.5687180127324928,
      "rev_growth_yoy_accel": -0.5506587150885677,
      "fcf_margin_change": -0.19810286448414513
    },
    {
      "date": "2025-03-31T00:00:00",
      "quarter_label": "2025-03 (Q1)",
      "revenue": 14625000,
      "gross_profit": 3382000,
      "operating_income": 256000,
      "net_income": 80000,
      "opex": 14545000,
      "cogs": 11243000,
      "rd": 1018000,
      "sga": 2108000,
      "fcf": -7221000,
      "ocf": -7221000,
      "capex": null,
      "gross_margin": 0.23124786324786326,
      "op_margin": 0.017504273504273506,
      "fcf_margin": -0.49374358974358973,
      "incr_op_margin_yoy": -0.17973512718099643,
      "rev_growth_yoy": 0.48206323469801377,
      "rev_growth_yoy_accel": -0.08665477803447902,
      "op_leverage_ratio": 1.5136474132452868,
      "fcf_margin_change": -0.46159590135336137
    },
    {
      "date": "2025-06-30T00:00:00",
      "quarter_label": "2025-06 (Q2)",
      "revenue": 20359000,
      "gross_profit": 5877000,
      "operating_income": 1910000,
      "net_income": 2667000,
      "opex": 17692000,
      "cogs": 14482000,
      "rd": 955000,
      "sga": 3012000,
      "fcf": -654000,
      "ocf": -654000,
      "capex": null,
      "gross_margin": 0.28866840218085366,
      "op_margin": 0.09381600275062627,
      "fcf_margin": -0.03212338523503119,
      "incr_op_margin_yoy": 0.11800902502392999,
      "rev_growth_yoy": 0.5605549593745209,
      "rev_growth_yoy_accel": 0.07849172467650717,
      "op_leverage_ratio": 1.8120859643833904,
      "fcf_margin_change": 0.46162020450855856
    },
    {
      "date": "2025-09-30T00:00:00",
      "quarter_label": "2025-09 (Q3)",
      "revenue": 14597000,
      "gross_profit": 3370000,
      "operating_income": -781000,
      "net_income": -1120000,
      "opex": 15717000,
      "cogs": 11227000,
      "rd": 1082000,
      "sga": 3069000,
      "fcf": -2511000,
      "ocf": -2511000,
      "capex": null,
      "gross_margin": 0.23086935671713366,
      "op_margin": -0.053504144687264506,
      "fcf_margin": -0.17202164828389396,
      "incr_op_margin_yoy": 1.753635962979286,
      "rev_growth_yoy": -0.1345310091307957,
      "rev_growth_yoy_accel": -0.6950859685053166,
      "fcf_margin_change": -0.13989826304886277
    }
  ],
  "signals": [
    {
      "quarter": "2025-09 (Q3)",
      "signal": "YoY REVENUE GROWTH DECELERATION",
      "detail": "YoY growth: -13.5% vs prior quarter YoY: +56.1% (decel: -69.5%)",
      "severity": "WARNING"
    },
    {
      "quarter": "2025-06 (Q2)",
      "signal": "FCF MARGIN EXPANSION",
      "detail": "FCF margin: -49.4% -> -3.2% (+46.2%)",
      "severity": "MEDIUM"
    },
    {
      "quarter": "2025-06 (Q2)",
      "signal": "OPERATING LEVERAGE",
      "detail": "Rev growth +39.2% vs OpEx growth +21.6% (leverage: 1.8x)",
      "severity": "MEDIUM"
    },
    {
      "quarter": "2025-06 (Q2)",
      "signal": "YoY REVENUE GROWTH ACCELERATION",
      "detail": "YoY growth: +56.1% vs prior quarter YoY: +48.2% (accel: +7.8%)",
      "severity": "MEDIUM"
    },
    {
      "quarter": "2025-03 (Q1)",
      "signal": "OPERATING LEVERAGE",
      "detail": "Rev growth +16.4% vs OpEx growth +10.8% (leverage: 1.5x)",
      "severity": "MEDIUM"
    },
    {
      "quarter": "2025-03 (Q1)",
      "signal": "YoY REVENUE GROWTH DECELERATION",
      "detail": "YoY growth: +48.2% vs prior quarter YoY: +56.9% (decel: -8.7%)",
      "severity": "WARNING"
    },
    {
      "quarter": "2025-03 (Q1)",
      "signal": "OP MARGIN TURNED POSITIVE (QoQ)",
      "detail": "Op margin: -1.8% -> +1.8%",
      "severity": "HIGH"
    },
    {
      "quarter": "2024-12 (Q4)",
      "signal": "YoY REVENUE GROWTH DECELERATION",
      "detail": "YoY growth: +56.9% vs prior quarter YoY: +111.9% (decel: -55.1%)",
      "severity": "WARNING"
    },
    {
      "quarter": "2024-09 (Q3)",
      "signal": "FCF TURNED POSITIVE",
      "detail": "FCF margin: -8.0% -> +16.6%",
      "severity": "HIGH"
    },
    {
      "quarter": "2024-09 (Q3)",
      "signal": "OPERATING LEVERAGE",
      "detail": "Rev growth +29.3% vs OpEx growth +13.4% (leverage: 2.2x)",
      "severity": "MEDIUM"
    },
    {
      "quarter": "2024-09 (Q3)",
      "signal": "GROSS MARGIN INFLECTION",
      "detail": "GM: +36.3% -> +28.7% -> +36.2% (reversal +7.5%)",
      "severity": "HIGH"
    },
    {
      "quarter": "2024-09 (Q3)",
      "signal": "YoY REVENUE GROWTH ACCELERATION",
      "detail": "YoY growth: +111.9% vs prior quarter YoY: +9.9% (accel: +102.0%)",
      "severity": "HIGH"
    },
    {
      "quarter": "2024-09 (Q3)",
      "signal": "OP MARGIN TURNED POSITIVE (YoY)",
      "detail": "Op margin: -15.4% (year-ago) -> +19.0%",
      "severity": "HIGH"
    },
    {
      "quarter": "2024-06 (Q2)",
      "signal": "FCF MARGIN EXPANSION",
      "detail": "FCF margin: -39.9% -> -8.0% (+31.9%)",
      "severity": "MEDIUM"
    },
    {
      "quarter": "2024-06 (Q2)",
      "signal": "YoY REVENUE GROWTH ACCELERATION",
      "detail": "YoY growth: +9.9% vs prior quarter YoY: +4.3% (accel: +5.5%)",
      "severity": "MEDIUM"
    },
    {
      "quarter": "2024-06 (Q2)",
      "signal": "INCREMENTAL MARGIN (YoY)",
      "detail": "YoY Incr OPM: +39.9% vs year-ago OPM: +4.9%",
      "severity": "HIGH"
    },
    {
      "quarter": "2024-03 (Q1)",
      "signal": "GROSS MARGIN INFLECTION",
      "detail": "GM: +19.2% -> +5.9% -> +36.3% (reversal +30.4%)",
      "severity": "HIGH"
    },
    {
      "quarter": "2024-03 (Q1)",
      "signal": "YoY REVENUE GROWTH ACCELERATION",
      "detail": "YoY growth: +4.3% vs prior quarter YoY: -3.0% (accel: +7.4%)",
      "severity": "MEDIUM"
    },
    {
      "quarter": "2024-03 (Q1)",
      "signal": "OP MARGIN TURNED POSITIVE (YoY)",
      "detail": "Op margin: -10.6% (year-ago) -> +11.3%",
      "severity": "HIGH"
    },
    {
      "quarter": "2024-03 (Q1)",
      "signal": "OP MARGIN TURNED POSITIVE (QoQ)",
      "detail": "Op margin: -23.7% -> +11.3%",
      "severity": "HIGH"
    },
    {
      "quarter": "2023-12 (Q4)",
      "signal": "YoY REVENUE GROWTH ACCELERATION",
      "detail": "YoY growth: -3.0% vs prior quarter YoY: -17.8% (accel: +14.7%)",
      "severity": "MEDIUM"
    },
    {
      "quarter": "2023-09 (Q3)",
      "signal": "FCF TURNED POSITIVE",
      "detail": "FCF margin: -16.6% -> +32.2%",
      "severity": "HIGH"
    },
    {
      "quarter": "2023-09 (Q3)",
      "signal": "YoY REVENUE GROWTH DECELERATION",
      "detail": "YoY growth: -17.8% vs prior quarter YoY: +5.8% (decel: -23.6%)",
      "severity": "WARNING"
    },
    {
      "quarter": "2023-06 (Q2)",
      "signal": "YoY REVENUE GROWTH DECELERATION",
      "detail": "YoY growth: +5.8% vs prior quarter YoY: +16.0% (decel: -10.2%)",
      "severity": "WARNING"
    },
    {
      "quarter": "2023-06 (Q2)",
      "signal": "OP MARGIN TURNED POSITIVE (QoQ)",
      "detail": "Op margin: -10.6% -> +4.9%",
      "severity": "HIGH"
    },
    {
      "quarter": "2023-03 (Q1)",
      "signal": "GROSS MARGIN INFLECTION",
      "detail": "GM: +25.8% -> +11.7% -> +22.7% (reversal +11.1%)",
      "severity": "HIGH"
    },
    {
      "quarter": "2022-12 (Q4)",
      "signal": "YoY REVENUE GROWTH DECELERATION",
      "detail": "YoY growth: +12.2% vs prior quarter YoY: +22.1% (decel: -10.0%)",
      "severity": "WARNING"
    },
    {
      "quarter": "2022-09 (Q3)",
      "signal": "FCF TURNED POSITIVE",
      "detail": "FCF margin: -21.0% -> +3.2%",
      "severity": "HIGH"
    },
    {
      "quarter": "2022-09 (Q3)",
      "signal": "YoY REVENUE GROWTH DECELERATION",
      "detail": "YoY growth: +22.1% vs prior quarter YoY: +57.7% (decel: -35.6%)",
      "severity": "WARNING"
    },
    {
      "quarter": "2022-06 (Q2)",
      "signal": "FCF MARGIN EXPANSION",
      "detail": "FCF margin: -26.4% -> -21.0% (+5.4%)",
      "severity": "MEDIUM"
    },
    {
      "quarter": "2022-06 (Q2)",
      "signal": "YoY REVENUE GROWTH ACCELERATION",
      "detail": "YoY growth: +57.7% vs prior quarter YoY: +15.3% (accel: +42.4%)",
      "severity": "HIGH"
    },
    {
      "quarter": "2022-03 (Q1)",
      "signal": "GROSS MARGIN INFLECTION",
      "detail": "GM: +37.6% -> +15.9% -> +26.6% (reversal +10.7%)",
      "severity": "HIGH"
    },
    {
      "quarter": "2022-03 (Q1)",
      "signal": "YoY REVENUE GROWTH DECELERATION",
      "detail": "YoY growth: +15.3% vs prior quarter YoY: +51.5% (decel: -36.2%)",
      "severity": "WARNING"
    },
    {
      "quarter": "2022-03 (Q1)",
      "signal": "OP MARGIN TURNED POSITIVE (QoQ)",
      "detail": "Op margin: -4.1% -> +1.3%",
      "severity": "HIGH"
    },
    {
      "quarter": "2021-12 (Q4)",
      "signal": "FCF TURNED POSITIVE",
      "detail": "FCF margin: -14.6% -> +22.0%",
      "severity": "HIGH"
    },
    {
      "quarter": "2021-09 (Q3)",
      "signal": "OPERATING LEVERAGE",
      "detail": "Rev growth +11.4% vs OpEx growth +1.5% (leverage: 7.7x)",
      "severity": "MEDIUM"
    },
    {
      "quarter": "2021-06 (Q2)",
      "signal": "FCF TURNED POSITIVE",
      "detail": "FCF margin: -4.3% -> +4.0%",
      "severity": "HIGH"
    },
    {
      "quarter": "2021-06 (Q2)",
      "signal": "GROSS MARGIN INFLECTION",
      "detail": "GM: +32.1% -> +28.7% -> +35.3% (reversal +6.6%)",
      "severity": "HIGH"
    },
    {
      "quarter": "2021-03 (Q1)",
      "signal": "FCF MARGIN EXPANSION",
      "detail": "FCF margin: -15.6% -> -4.3% (+11.3%)",
      "severity": "MEDIUM"
    },
    {
      "quarter": "2021-03 (Q1)",
      "signal": "OPERATING LEVERAGE",
      "detail": "Rev growth +45.5% vs OpEx growth +23.8% (leverage: 1.9x)",
      "severity": "MEDIUM"
    }
  ],
  "data_quality": {
    "n_quarters": 20,
    "coverage": {
      "revenue": [
        20,
        20
      ],
      "gross_profit": [
        20,
        20
      ],
      "op_income": [
        20,
        20
      ],
      "fcf": [
        20,
        20
      ]
    },
    "gaps": [],
    "warnings": []
  },
  "market_cap": null,
  "source": "SEC EDGAR",
  "last_updated": "2026-02-02T23:18:52.797148"
}