{
  "ticker": "SM",
  "name": "SM Energy Company",
  "quarters": [
    {
      "date": "2020-12-31T00:00:00",
      "quarter_label": "2020-12 (Q4)",
      "revenue": 320292000,
      "gross_profit": 224329000,
      "operating_income": -172047000,
      "net_income": -165175000,
      "opex": 492339000,
      "cogs": 95963000,
      "rd": null,
      "sga": null,
      "fcf": 256860000,
      "ocf": 256860000,
      "capex": null,
      "gross_margin": 0.7003890200192324,
      "op_margin": -0.5371567194934622,
      "fcf_margin": 0.8019557154096887
    },
    {
      "date": "2021-03-31T00:00:00",
      "quarter_label": "2021-03 (Q1)",
      "revenue": 443846000,
      "gross_profit": 342916000,
      "operating_income": -210921000,
      "net_income": -251269000,
      "opex": 654767000,
      "cogs": 100930000,
      "rd": null,
      "sga": null,
      "fcf": 105624000,
      "ocf": 105624000,
      "capex": null,
      "gross_margin": 0.7726013076607652,
      "op_margin": -0.4752121231237862,
      "fcf_margin": 0.23797443257346015,
      "op_leverage_ratio": 1.169267991481119,
      "fcf_margin_change": -0.5639812828362285
    },
    {
      "date": "2021-06-30T00:00:00",
      "quarter_label": "2021-06 (Q2)",
      "revenue": 563849000,
      "gross_profit": 438393000,
      "operating_income": -180624000,
      "net_income": -222995000,
      "opex": 744473000,
      "cogs": 125456000,
      "rd": null,
      "sga": null,
      "fcf": 296399000,
      "ocf": 296399000,
      "capex": null,
      "gross_margin": 0.7775007138436,
      "op_margin": -0.3203410842264507,
      "fcf_margin": 0.5256708799696372,
      "op_leverage_ratio": 1.973445259082154,
      "fcf_margin_change": 0.28769644739617706
    },
    {
      "date": "2021-09-30T00:00:00",
      "quarter_label": "2021-09 (Q3)",
      "revenue": 760239000,
      "gross_profit": 624494000,
      "operating_income": 126257000,
      "net_income": 85593000,
      "opex": 633982000,
      "cogs": 135745000,
      "rd": null,
      "sga": null,
      "fcf": 328119000,
      "ocf": 328119000,
      "capex": null,
      "gross_margin": 0.8214443089607347,
      "op_margin": 0.16607540523440656,
      "fcf_margin": 0.4315997995367246,
      "op_leverage_ratio": Infinity,
      "fcf_margin_change": -0.09407108043291262
    },
    {
      "date": "2021-12-31T00:00:00",
      "quarter_label": "2021-12 (Q4)",
      "revenue": 854960000,
      "gross_profit": 711675000,
      "operating_income": 474411000,
      "net_income": 424900000,
      "opex": 380549000,
      "cogs": 143285000,
      "rd": null,
      "sga": null,
      "fcf": 429630000,
      "ocf": 429630000,
      "capex": null,
      "gross_margin": 0.8324073640872087,
      "op_margin": 0.5548926265556283,
      "fcf_margin": 0.5025147375315804,
      "incr_op_margin_yoy": 1.2090830197430928,
      "rev_growth_yoy": 1.669314250746194,
      "op_leverage_ratio": Infinity,
      "fcf_margin_change": 0.07091493799485576
    },
    {
      "date": "2022-03-31T00:00:00",
      "quarter_label": "2022-03 (Q1)",
      "revenue": 859776000,
      "gross_profit": 715085000,
      "operating_income": 101736000,
      "net_income": 48764000,
      "opex": 758040000,
      "cogs": 144691000,
      "rd": null,
      "sga": null,
      "fcf": 342092000,
      "ocf": 342092000,
      "capex": null,
      "gross_margin": 0.8317108177013548,
      "op_margin": 0.11832849486377847,
      "fcf_margin": 0.3978850305195772,
      "incr_op_margin_yoy": 0.7517058158824802,
      "rev_growth_yoy": 0.9371043109547005,
      "rev_growth_yoy_accel": -0.7322099397914935,
      "fcf_margin_change": -0.10462970701200319
    },
    {
      "date": "2022-06-30T00:00:00",
      "quarter_label": "2022-06 (Q2)",
      "revenue": 992102000,
      "gross_profit": 826509000,
      "operating_income": 512806000,
      "net_income": 323485000,
      "opex": 479296000,
      "cogs": 165593000,
      "rd": null,
      "sga": null,
      "fcf": 542569000,
      "ocf": 542569000,
      "capex": null,
      "gross_margin": 0.8330887348276689,
      "op_margin": 0.5168883844604688,
      "fcf_margin": 0.5468883239828163,
      "incr_op_margin_yoy": 1.6192064036912759,
      "rev_growth_yoy": 0.7595171756977489,
      "rev_growth_yoy_accel": -0.17758713525695158,
      "op_leverage_ratio": Infinity,
      "fcf_margin_change": 0.1490032934632391
    },
    {
      "date": "2022-09-30T00:00:00",
      "quarter_label": "2022-09 (Q3)",
      "revenue": 835451000,
      "gross_profit": 675490000,
      "operating_income": 622281000,
      "net_income": 481240000,
      "opex": 213170000,
      "cogs": 159961000,
      "rd": null,
      "sga": null,
      "fcf": 513370000,
      "ocf": 513370000,
      "capex": null,
      "gross_margin": 0.808533355038177,
      "op_margin": 0.7448444014071441,
      "fcf_margin": 0.6144824771291195,
      "incr_op_margin_yoy": 6.595011434345583,
      "rev_growth_yoy": 0.0989320463696285,
      "rev_growth_yoy_accel": -0.6605851293281204,
      "fcf_margin_change": 0.06759415314630324
    },
    {
      "date": "2022-12-31T00:00:00",
      "quarter_label": "2022-12 (Q4)",
      "revenue": 671318000,
      "gross_profit": 520651000,
      "operating_income": 342658000,
      "net_income": 258463000,
      "opex": 328660000,
      "cogs": 150667000,
      "rd": null,
      "sga": null,
      "fcf": 288375000,
      "ocf": 288375000,
      "capex": null,
      "gross_margin": 0.7755653803413584,
      "op_margin": 0.510425759476135,
      "fcf_margin": 0.4295654220503547,
      "incr_op_margin_yoy": 0.7174448110998574,
      "rev_growth_yoy": -0.21479601384860111,
      "rev_growth_yoy_accel": -0.31372806021822963,
      "fcf_margin_change": -0.18491705507876482
    },
    {
      "date": "2023-03-31T00:00:00",
      "quarter_label": "2023-03 (Q1)",
      "revenue": 573505000,
      "gross_profit": 431157000,
      "operating_income": 272047000,
      "net_income": 198552000,
      "opex": 301458000,
      "cogs": 142348000,
      "rd": null,
      "sga": null,
      "fcf": 331634000,
      "ocf": 331634000,
      "capex": null,
      "gross_margin": 0.751792922467982,
      "op_margin": 0.47435854962031715,
      "fcf_margin": 0.5782582540692758,
      "incr_op_margin_yoy": -0.5949292802973406,
      "rev_growth_yoy": -0.3329599802739318,
      "rev_growth_yoy_accel": -0.1181639664253307,
      "fcf_margin_change": 0.14869283201892108
    },
    {
      "date": "2023-06-30T00:00:00",
      "quarter_label": "2023-06 (Q2)",
      "revenue": 550754000,
      "gross_profit": 405166000,
      "operating_income": 209351000,
      "net_income": 149874000,
      "opex": 341403000,
      "cogs": 145588000,
      "rd": null,
      "sga": null,
      "fcf": 383251000,
      "ocf": 383251000,
      "capex": null,
      "gross_margin": 0.7356569357644248,
      "op_margin": 0.3801170758632711,
      "fcf_margin": 0.6958660309321403,
      "incr_op_margin_yoy": 0.6875640084468492,
      "rev_growth_yoy": -0.444861516255385,
      "rev_growth_yoy_accel": -0.11190153598145319,
      "fcf_margin_change": 0.1176077768628645
    },
    {
      "date": "2023-09-30T00:00:00",
      "quarter_label": "2023-09 (Q3)",
      "revenue": 640901000,
      "gross_profit": 502637000,
      "operating_income": 195597000,
      "net_income": 222343000,
      "opex": 445304000,
      "cogs": 138264000,
      "rd": null,
      "sga": null,
      "fcf": 382994000,
      "ocf": 382994000,
      "capex": null,
      "gross_margin": 0.7842662127224017,
      "op_margin": 0.30519066127217775,
      "fcf_margin": 0.5975868347841554,
      "incr_op_margin_yoy": 2.1931842713955283,
      "rev_growth_yoy": -0.23286823524060657,
      "rev_growth_yoy_accel": 0.21199328101477843,
      "op_leverage_ratio": 0.5378252948687087,
      "fcf_margin_change": -0.09827919614798486
    },
    {
      "date": "2023-12-31T00:00:00",
      "quarter_label": "2023-12 (Q4)",
      "revenue": 608726000,
      "gross_profit": 471383000,
      "operating_income": 309911000,
      "net_income": 247111000,
      "opex": 298815000,
      "cogs": 137343000,
      "rd": null,
      "sga": null,
      "fcf": 476515000,
      "ocf": 476515000,
      "capex": null,
      "gross_margin": 0.7743763203805981,
      "op_margin": 0.5091141170247369,
      "fcf_margin": 0.7828070429060037,
      "incr_op_margin_yoy": 0.5231818762781186,
      "rev_growth_yoy": -0.09323748208747568,
      "rev_growth_yoy_accel": 0.1396307531531309,
      "fcf_margin_change": 0.18522020812184825
    },
    {
      "date": "2024-03-31T00:00:00",
      "quarter_label": "2024-03 (Q1)",
      "revenue": 559870000,
      "gross_profit": 422495000,
      "operating_income": 178395000,
      "net_income": 131199000,
      "opex": 381475000,
      "cogs": 137375000,
      "rd": null,
      "sga": null,
      "fcf": 276000000,
      "ocf": 276000000,
      "capex": null,
      "gross_margin": 0.7546305392323218,
      "op_margin": 0.31863646918034544,
      "fcf_margin": 0.4929715826888385,
      "incr_op_margin_yoy": 6.868500183351668,
      "rev_growth_yoy": -0.023774858109345168,
      "rev_growth_yoy_accel": 0.06946262397813051,
      "fcf_margin_change": -0.28983546021716516
    },
    {
      "date": "2024-06-30T00:00:00",
      "quarter_label": "2024-06 (Q2)",
      "revenue": 634555000,
      "gross_profit": 497933000,
      "operating_income": 279380000,
      "net_income": 210293000,
      "opex": 355175000,
      "cogs": 136622000,
      "rd": null,
      "sga": null,
      "fcf": 476382000,
      "ocf": 476382000,
      "capex": null,
      "gross_margin": 0.7846963620174768,
      "op_margin": 0.44027704454302624,
      "fcf_margin": 0.7507339789301164,
      "incr_op_margin_yoy": 0.8356582857006479,
      "rev_growth_yoy": 0.15215686132102535,
      "rev_growth_yoy_accel": 0.1759317194303705,
      "op_leverage_ratio": Infinity,
      "fcf_margin_change": 0.2577623962412779
    },
    {
      "date": "2024-09-30T00:00:00",
      "quarter_label": "2024-09 (Q3)",
      "revenue": 643613000,
      "gross_profit": 495233000,
      "operating_income": 330952000,
      "net_income": 240523000,
      "opex": 312661000,
      "cogs": 148380000,
      "rd": null,
      "sga": null,
      "fcf": 452263000,
      "ocf": 452263000,
      "capex": null,
      "gross_margin": 0.7694577331408782,
      "op_margin": 0.5142096259708863,
      "fcf_margin": 0.7026940102204275,
      "incr_op_margin_yoy": 49.90966076696165,
      "rev_growth_yoy": 0.0042315427811783725,
      "rev_growth_yoy_accel": -0.14792531853984697,
      "op_leverage_ratio": Infinity,
      "fcf_margin_change": -0.04803996870968885
    },
    {
      "date": "2024-12-31T00:00:00",
      "quarter_label": "2024-12 (Q4)",
      "revenue": 852221000,
      "gross_profit": 637627000,
      "operating_income": 286968000,
      "net_income": 188278000,
      "opex": 565253000,
      "cogs": 214594000,
      "rd": null,
      "sga": null,
      "fcf": 577869000,
      "ocf": 577869000,
      "capex": null,
      "gross_margin": 0.7481944237468919,
      "op_margin": 0.33672955723926074,
      "fcf_margin": 0.6780741145782608,
      "incr_op_margin_yoy": -0.094223700692006,
      "rev_growth_yoy": 0.4000075567660984,
      "rev_growth_yoy_accel": 0.39577601398492,
      "op_leverage_ratio": 0.40119939802315735,
      "fcf_margin_change": -0.02461989564216671
    },
    {
      "date": "2025-03-31T00:00:00",
      "quarter_label": "2025-03 (Q1)",
      "revenue": 844544000,
      "gross_profit": 619471000,
      "operating_income": 276288000,
      "net_income": 182269000,
      "opex": 568256000,
      "cogs": 225073000,
      "rd": null,
      "sga": null,
      "fcf": 482985000,
      "ocf": 482985000,
      "capex": null,
      "gross_margin": 0.7334976034404365,
      "op_margin": 0.3271445892694756,
      "fcf_margin": 0.5718884984086087,
      "incr_op_margin_yoy": 0.3438775581893675,
      "rev_growth_yoy": 0.5084644649650811,
      "rev_growth_yoy_accel": 0.10845690819898274,
      "fcf_margin_change": -0.10618561616965216
    },
    {
      "date": "2025-06-30T00:00:00",
      "quarter_label": "2025-06 (Q2)",
      "revenue": 792943000,
      "gross_profit": 568935000,
      "operating_income": 294908000,
      "net_income": 201665000,
      "opex": 498035000,
      "cogs": 224008000,
      "rd": null,
      "sga": null,
      "fcf": 571143000,
      "ocf": 571143000,
      "capex": null,
      "gross_margin": 0.7174979790476743,
      "op_margin": 0.37191576191479087,
      "fcf_margin": 0.7202825423769426,
      "incr_op_margin_yoy": 0.09803773013107053,
      "rev_growth_yoy": 0.2496048411879191,
      "rev_growth_yoy_accel": -0.25885962377716204,
      "fcf_margin_change": 0.1483940439683339
    },
    {
      "date": "2025-09-30T00:00:00",
      "quarter_label": "2025-09 (Q3)",
      "revenue": 811591000,
      "gross_profit": 582555000,
      "operating_income": 246482000,
      "net_income": 155088000,
      "opex": 565109000,
      "cogs": 229036000,
      "rd": null,
      "sga": null,
      "fcf": 504960000,
      "ocf": 504960000,
      "capex": null,
      "gross_margin": 0.7177938148648765,
      "op_margin": 0.30370223425346016,
      "fcf_margin": 0.6221853125527513,
      "incr_op_margin_yoy": -0.5028634702163378,
      "rev_growth_yoy": 0.2609922422325217,
      "rev_growth_yoy_accel": 0.011387401044602619,
      "op_leverage_ratio": 0.17462079004998926,
      "fcf_margin_change": -0.09809722982419122
    }
  ],
  "signals": [
    {
      "quarter": "2025-06 (Q2)",
      "signal": "FCF MARGIN EXPANSION",
      "detail": "FCF margin: +57.2% -> +72.0% (+14.8%)",
      "severity": "MEDIUM"
    },
    {
      "quarter": "2025-06 (Q2)",
      "signal": "YoY REVENUE GROWTH DECELERATION",
      "detail": "YoY growth: +25.0% vs prior quarter YoY: +50.8% (decel: -25.9%)",
      "severity": "WARNING"
    },
    {
      "quarter": "2025-03 (Q1)",
      "signal": "YoY REVENUE GROWTH ACCELERATION",
      "detail": "YoY growth: +50.8% vs prior quarter YoY: +40.0% (accel: +10.8%)",
      "severity": "MEDIUM"
    },
    {
      "quarter": "2024-12 (Q4)",
      "signal": "YoY REVENUE GROWTH ACCELERATION",
      "detail": "YoY growth: +40.0% vs prior quarter YoY: +0.4% (accel: +39.6%)",
      "severity": "HIGH"
    },
    {
      "quarter": "2024-09 (Q3)",
      "signal": "YoY REVENUE GROWTH DECELERATION",
      "detail": "YoY growth: +0.4% vs prior quarter YoY: +15.2% (decel: -14.8%)",
      "severity": "WARNING"
    },
    {
      "quarter": "2024-09 (Q3)",
      "signal": "INCREMENTAL MARGIN (YoY)",
      "detail": "YoY Incr OPM: +4991.0% vs year-ago OPM: +30.5%",
      "severity": "HIGH"
    },
    {
      "quarter": "2024-06 (Q2)",
      "signal": "FCF MARGIN EXPANSION",
      "detail": "FCF margin: +49.3% -> +75.1% (+25.8%)",
      "severity": "MEDIUM"
    },
    {
      "quarter": "2024-06 (Q2)",
      "signal": "GROSS MARGIN INFLECTION",
      "detail": "GM: +77.4% -> +75.5% -> +78.5% (reversal +3.0%)",
      "severity": "MEDIUM"
    },
    {
      "quarter": "2024-06 (Q2)",
      "signal": "YoY REVENUE GROWTH ACCELERATION",
      "detail": "YoY growth: +15.2% vs prior quarter YoY: -2.4% (accel: +17.6%)",
      "severity": "HIGH"
    },
    {
      "quarter": "2024-06 (Q2)",
      "signal": "INCREMENTAL MARGIN (YoY)",
      "detail": "YoY Incr OPM: +83.6% vs year-ago OPM: +38.0%",
      "severity": "HIGH"
    },
    {
      "quarter": "2024-03 (Q1)",
      "signal": "YoY REVENUE GROWTH ACCELERATION",
      "detail": "YoY growth: -2.4% vs prior quarter YoY: -9.3% (accel: +6.9%)",
      "severity": "MEDIUM"
    },
    {
      "quarter": "2024-03 (Q1)",
      "signal": "INCREMENTAL MARGIN (YoY)",
      "detail": "YoY Incr OPM: +686.9% vs year-ago OPM: +47.4%",
      "severity": "HIGH"
    },
    {
      "quarter": "2023-12 (Q4)",
      "signal": "FCF MARGIN EXPANSION",
      "detail": "FCF margin: +59.8% -> +78.3% (+18.5%)",
      "severity": "MEDIUM"
    },
    {
      "quarter": "2023-12 (Q4)",
      "signal": "YoY REVENUE GROWTH ACCELERATION",
      "detail": "YoY growth: -9.3% vs prior quarter YoY: -23.3% (accel: +14.0%)",
      "severity": "MEDIUM"
    },
    {
      "quarter": "2023-09 (Q3)",
      "signal": "GROSS MARGIN INFLECTION",
      "detail": "GM: +75.2% -> +73.6% -> +78.4% (reversal +4.9%)",
      "severity": "MEDIUM"
    },
    {
      "quarter": "2023-09 (Q3)",
      "signal": "YoY REVENUE GROWTH ACCELERATION",
      "detail": "YoY growth: -23.3% vs prior quarter YoY: -44.5% (accel: +21.2%)",
      "severity": "HIGH"
    },
    {
      "quarter": "2023-09 (Q3)",
      "signal": "INCREMENTAL MARGIN (YoY)",
      "detail": "YoY Incr OPM: +219.3% vs year-ago OPM: +74.5%",
      "severity": "HIGH"
    },
    {
      "quarter": "2023-06 (Q2)",
      "signal": "FCF MARGIN EXPANSION",
      "detail": "FCF margin: +57.8% -> +69.6% (+11.8%)",
      "severity": "MEDIUM"
    },
    {
      "quarter": "2023-06 (Q2)",
      "signal": "YoY REVENUE GROWTH DECELERATION",
      "detail": "YoY growth: -44.5% vs prior quarter YoY: -33.3% (decel: -11.2%)",
      "severity": "WARNING"
    },
    {
      "quarter": "2023-06 (Q2)",
      "signal": "INCREMENTAL MARGIN (YoY)",
      "detail": "YoY Incr OPM: +68.8% vs year-ago OPM: +51.7%",
      "severity": "MEDIUM"
    },
    {
      "quarter": "2023-03 (Q1)",
      "signal": "FCF MARGIN EXPANSION",
      "detail": "FCF margin: +43.0% -> +57.8% (+14.9%)",
      "severity": "MEDIUM"
    },
    {
      "quarter": "2023-03 (Q1)",
      "signal": "YoY REVENUE GROWTH DECELERATION",
      "detail": "YoY growth: -33.3% vs prior quarter YoY: -21.5% (decel: -11.8%)",
      "severity": "WARNING"
    },
    {
      "quarter": "2022-12 (Q4)",
      "signal": "YoY REVENUE GROWTH DECELERATION",
      "detail": "YoY growth: -21.5% vs prior quarter YoY: +9.9% (decel: -31.4%)",
      "severity": "WARNING"
    },
    {
      "quarter": "2022-12 (Q4)",
      "signal": "INCREMENTAL MARGIN (YoY)",
      "detail": "YoY Incr OPM: +71.7% vs year-ago OPM: +55.5%",
      "severity": "MEDIUM"
    },
    {
      "quarter": "2022-09 (Q3)",
      "signal": "FCF MARGIN EXPANSION",
      "detail": "FCF margin: +54.7% -> +61.4% (+6.8%)",
      "severity": "MEDIUM"
    },
    {
      "quarter": "2022-09 (Q3)",
      "signal": "YoY REVENUE GROWTH DECELERATION",
      "detail": "YoY growth: +9.9% vs prior quarter YoY: +76.0% (decel: -66.1%)",
      "severity": "WARNING"
    },
    {
      "quarter": "2022-09 (Q3)",
      "signal": "INCREMENTAL MARGIN (YoY)",
      "detail": "YoY Incr OPM: +659.5% vs year-ago OPM: +16.6%",
      "severity": "HIGH"
    },
    {
      "quarter": "2022-06 (Q2)",
      "signal": "FCF MARGIN EXPANSION",
      "detail": "FCF margin: +39.8% -> +54.7% (+14.9%)",
      "severity": "MEDIUM"
    },
    {
      "quarter": "2022-06 (Q2)",
      "signal": "YoY REVENUE GROWTH DECELERATION",
      "detail": "YoY growth: +76.0% vs prior quarter YoY: +93.7% (decel: -17.8%)",
      "severity": "WARNING"
    },
    {
      "quarter": "2022-06 (Q2)",
      "signal": "OP MARGIN TURNED POSITIVE (YoY)",
      "detail": "Op margin: -32.0% (year-ago) -> +51.7%",
      "severity": "HIGH"
    },
    {
      "quarter": "2022-03 (Q1)",
      "signal": "YoY REVENUE GROWTH DECELERATION",
      "detail": "YoY growth: +93.7% vs prior quarter YoY: +166.9% (decel: -73.2%)",
      "severity": "WARNING"
    },
    {
      "quarter": "2022-03 (Q1)",
      "signal": "OP MARGIN TURNED POSITIVE (YoY)",
      "detail": "Op margin: -47.5% (year-ago) -> +11.8%",
      "severity": "HIGH"
    },
    {
      "quarter": "2021-12 (Q4)",
      "signal": "FCF MARGIN EXPANSION",
      "detail": "FCF margin: +43.2% -> +50.3% (+7.1%)",
      "severity": "MEDIUM"
    },
    {
      "quarter": "2021-12 (Q4)",
      "signal": "OP MARGIN TURNED POSITIVE (YoY)",
      "detail": "Op margin: -53.7% (year-ago) -> +55.5%",
      "severity": "HIGH"
    },
    {
      "quarter": "2021-09 (Q3)",
      "signal": "OP MARGIN TURNED POSITIVE (QoQ)",
      "detail": "Op margin: -32.0% -> +16.6%",
      "severity": "HIGH"
    },
    {
      "quarter": "2021-06 (Q2)",
      "signal": "FCF MARGIN EXPANSION",
      "detail": "FCF margin: +23.8% -> +52.6% (+28.8%)",
      "severity": "MEDIUM"
    },
    {
      "quarter": "2021-06 (Q2)",
      "signal": "OPERATING LEVERAGE",
      "detail": "Rev growth +27.0% vs OpEx growth +13.7% (leverage: 2.0x)",
      "severity": "MEDIUM"
    }
  ],
  "data_quality": {
    "n_quarters": 20,
    "coverage": {
      "revenue": [
        20,
        20
      ],
      "gross_profit": [
        20,
        20
      ],
      "op_income": [
        20,
        20
      ],
      "fcf": [
        20,
        20
      ]
    },
    "gaps": [],
    "warnings": []
  },
  "market_cap": null,
  "source": "SEC EDGAR",
  "last_updated": "2026-02-02T21:33:28.195721"
}