{
  "ticker": "SMCI",
  "name": "SUPER MICRO COMPUTER, INC.",
  "quarters": [
    {
      "date": "2020-12-31T00:00:00",
      "quarter_label": "2020-12 (Q4)",
      "revenue": 830306000,
      "gross_profit": 136095000,
      "operating_income": 37365000,
      "net_income": 27674000,
      "opex": 98730000,
      "cogs": 694211000,
      "rd": 52729000,
      "sga": null,
      "fcf": 49547000,
      "ocf": 63247000,
      "capex": -13700000,
      "gross_margin": 0.16390945025087136,
      "op_margin": 0.045001481381562944,
      "fcf_margin": 0.05967318073095943
    },
    {
      "date": "2021-03-31T00:00:00",
      "quarter_label": "2021-03 (Q1)",
      "revenue": 895881000,
      "gross_profit": 123017000,
      "operating_income": 17055000,
      "net_income": 18428000,
      "opex": 105962000,
      "cogs": 772864000,
      "rd": 57912000,
      "sga": null,
      "fcf": -143486000,
      "ocf": -124410000,
      "capex": -19076000,
      "gross_margin": 0.1373139959436577,
      "op_margin": 0.019037126582659974,
      "fcf_margin": -0.16016189650187915,
      "op_leverage_ratio": 1.078178935094704,
      "fcf_margin_change": -0.21983507723283857
    },
    {
      "date": "2021-06-30T00:00:00",
      "quarter_label": "2021-06 (Q2)",
      "revenue": 1068985000,
      "gross_profit": 145511000,
      "operating_income": 39081000,
      "net_income": 39162000,
      "opex": 106430000,
      "cogs": 923474000,
      "rd": 58930000,
      "sga": null,
      "fcf": 50174000,
      "ocf": 63563000,
      "capex": -13389000,
      "gross_margin": 0.1361207126386245,
      "op_margin": 0.03655897884441783,
      "fcf_margin": 0.046936112293437235,
      "op_leverage_ratio": 43.74828887578237,
      "fcf_margin_change": 0.20709800879531637
    },
    {
      "date": "2021-09-30T00:00:00",
      "quarter_label": "2021-09 (Q3)",
      "revenue": 1032730000,
      "gross_profit": 138139000,
      "operating_income": 29128000,
      "net_income": 25437000,
      "opex": 109011000,
      "cogs": 894591000,
      "rd": 65143000,
      "sga": null,
      "fcf": -145373000,
      "ocf": -134571000,
      "capex": -10802000,
      "gross_margin": 0.13376100239171904,
      "op_margin": 0.028204855092812255,
      "fcf_margin": -0.14076573741442583,
      "fcf_margin_change": -0.18770184970786308
    },
    {
      "date": "2021-12-31T00:00:00",
      "quarter_label": "2021-12 (Q4)",
      "revenue": 1172419000,
      "gross_profit": 163743000,
      "operating_income": 51049000,
      "net_income": 41932000,
      "opex": 112694000,
      "cogs": 1008676000,
      "rd": 65471000,
      "sga": null,
      "fcf": -65555000,
      "ocf": -53151000,
      "capex": -12404000,
      "gross_margin": 0.1396625267928957,
      "op_margin": 0.043541600741714356,
      "fcf_margin": -0.05591431049820926,
      "incr_op_margin_yoy": 0.03999848003437461,
      "rev_growth_yoy": 0.41203243141685114,
      "op_leverage_ratio": 4.003538598978276,
      "fcf_margin_change": 0.08485142691621657
    },
    {
      "date": "2022-03-31T00:00:00",
      "quarter_label": "2022-03 (Q1)",
      "revenue": 1355490000,
      "gross_profit": 210775000,
      "operating_income": 89777000,
      "net_income": 76972000,
      "opex": 120998000,
      "cogs": 1144715000,
      "rd": 70869000,
      "sga": null,
      "fcf": -238887000,
      "ocf": -227936000,
      "capex": -10951000,
      "gross_margin": 0.15549727404849906,
      "op_margin": 0.06623213745582779,
      "fcf_margin": -0.17623663767346126,
      "incr_op_margin_yoy": 0.15822579627465955,
      "rev_growth_yoy": 0.5130246092952078,
      "rev_growth_yoy_accel": 0.10099217787835663,
      "op_leverage_ratio": 2.119093696184468,
      "fcf_margin_change": -0.120322327175252
    },
    {
      "date": "2022-06-30T00:00:00",
      "quarter_label": "2022-06 (Q2)",
      "revenue": 1635460000,
      "gross_profit": 287344000,
      "operating_income": 165213000,
      "net_income": 140822000,
      "opex": 122131000,
      "cogs": 1348116000,
      "rd": 70790000,
      "sga": null,
      "fcf": -36168000,
      "ocf": -25143000,
      "capex": -11025000,
      "gross_margin": 0.17569613442089688,
      "op_margin": 0.10101928509410196,
      "fcf_margin": -0.02211487899428907,
      "incr_op_margin_yoy": 0.22266119422745928,
      "rev_growth_yoy": 0.5299185676132032,
      "rev_growth_yoy_accel": 0.01689395831799545,
      "op_leverage_ratio": 22.05786433526053,
      "fcf_margin_change": 0.1541217586791722
    },
    {
      "date": "2022-09-30T00:00:00",
      "quarter_label": "2022-09 (Q3)",
      "revenue": 1852130000,
      "gross_profit": 347535000,
      "operating_income": 220123000,
      "net_income": 184416000,
      "opex": 127412000,
      "cogs": 1504595000,
      "rd": 74243000,
      "sga": null,
      "fcf": 302841000,
      "ocf": 313587000,
      "capex": -10746000,
      "gross_margin": 0.18764071636440208,
      "op_margin": 0.11884856894494447,
      "fcf_margin": 0.16350958086095468,
      "incr_op_margin_yoy": 0.23309128630705395,
      "rev_growth_yoy": 0.7934310032631956,
      "rev_growth_yoy_accel": 0.2635124356499924,
      "op_leverage_ratio": 3.063857781411977,
      "fcf_margin_change": 0.18562445985524376
    },
    {
      "date": "2022-12-31T00:00:00",
      "quarter_label": "2022-12 (Q4)",
      "revenue": 1803195000,
      "gross_profit": 337422000,
      "operating_income": 215182000,
      "net_income": 176167000,
      "opex": 122240000,
      "cogs": 1465773000,
      "rd": 70700000,
      "sga": null,
      "fcf": 151202000,
      "ocf": 161087000,
      "capex": -9885000,
      "gross_margin": 0.1871245206425262,
      "op_margin": 0.11933373817030327,
      "fcf_margin": 0.08385227332595753,
      "incr_op_margin_yoy": 0.2602080611817824,
      "rev_growth_yoy": 0.5380124341212484,
      "rev_growth_yoy_accel": -0.25541856914194716,
      "fcf_margin_change": -0.07965730753499715
    },
    {
      "date": "2023-03-31T00:00:00",
      "quarter_label": "2023-03 (Q1)",
      "revenue": 1283296000,
      "gross_profit": 226359000,
      "operating_income": 99082000,
      "net_income": 85846000,
      "opex": 127277000,
      "cogs": 1056937000,
      "rd": 77515000,
      "sga": null,
      "fcf": 190258000,
      "ocf": 198245000,
      "capex": -7987000,
      "gross_margin": 0.1763887676732414,
      "op_margin": 0.07720899932673365,
      "fcf_margin": 0.148257299952622,
      "incr_op_margin_yoy": -0.1288888273263706,
      "rev_growth_yoy": -0.05326044456248294,
      "rev_growth_yoy_accel": -0.5912728786837314,
      "fcf_margin_change": 0.06440502662666446
    },
    {
      "date": "2023-06-30T00:00:00",
      "quarter_label": "2023-06 (Q2)",
      "revenue": 2184861000,
      "gross_profit": 371696000,
      "operating_income": 226755000,
      "net_income": 193569000,
      "opex": 144941000,
      "cogs": 1813165000,
      "rd": 84802000,
      "sga": null,
      "fcf": -17514000,
      "ocf": -9339000,
      "capex": -8175000,
      "gross_margin": 0.17012340830835462,
      "op_margin": 0.10378463435431362,
      "fcf_margin": -0.008016070587556828,
      "incr_op_margin_yoy": 0.11201654165172616,
      "rev_growth_yoy": 0.33593056387805265,
      "rev_growth_yoy_accel": 0.38919100844053556,
      "op_leverage_ratio": 5.062104158136281,
      "fcf_margin_change": -0.1562733705401788
    },
    {
      "date": "2023-09-30T00:00:00",
      "quarter_label": "2023-09 (Q3)",
      "revenue": 2119672000,
      "gross_profit": 353691000,
      "operating_income": 172510000,
      "net_income": 156995000,
      "opex": 181181000,
      "cogs": 1765981000,
      "rd": 111027000,
      "sga": null,
      "fcf": 267834000,
      "ocf": 270465000,
      "capex": -2631000,
      "gross_margin": 0.16686119361863533,
      "op_margin": 0.08138523318702139,
      "fcf_margin": 0.12635634192459966,
      "incr_op_margin_yoy": -0.17796458126200745,
      "rev_growth_yoy": 0.14445098346228397,
      "rev_growth_yoy_accel": -0.19147958041576868,
      "fcf_margin_change": 0.13437241251215648
    },
    {
      "date": "2023-12-31T00:00:00",
      "quarter_label": "2023-12 (Q4)",
      "revenue": 3664924000,
      "gross_profit": 564322000,
      "operating_income": 371464000,
      "net_income": 295968000,
      "opex": 192858000,
      "cogs": 3100602000,
      "rd": 108824000,
      "sga": null,
      "fcf": -609805000,
      "ocf": -595085000,
      "capex": -14720000,
      "gross_margin": 0.15397918210582265,
      "op_margin": 0.10135653563348107,
      "fcf_margin": -0.16638953495352155,
      "incr_op_margin_yoy": 0.08394454832040539,
      "rev_growth_yoy": 1.0324612701344003,
      "rev_growth_yoy_accel": 0.8880102866721162,
      "op_leverage_ratio": 11.311287043664667,
      "fcf_margin_change": -0.2927458768781212
    },
    {
      "date": "2024-03-31T00:00:00",
      "quarter_label": "2024-03 (Q1)",
      "revenue": 3850066000,
      "gross_profit": 597368000,
      "operating_income": 378314000,
      "net_income": 402459000,
      "opex": 219054000,
      "cogs": 3252698000,
      "rd": 116226000,
      "sga": null,
      "fcf": -1606483000,
      "ocf": -1513538000,
      "capex": -92945000,
      "gross_margin": 0.15515785963149722,
      "op_margin": 0.0982616921372257,
      "fcf_margin": -0.41726115863987784,
      "incr_op_margin_yoy": 0.10878730856290202,
      "rev_growth_yoy": 2.0001387053337654,
      "rev_growth_yoy_accel": 0.9676774351993651,
      "op_leverage_ratio": 0.37191410952749526,
      "fcf_margin_change": -0.2508716236863563
    },
    {
      "date": "2024-06-30T00:00:00",
      "quarter_label": "2024-06 (Q2)",
      "revenue": 5354589000,
      "gross_profit": 546029000,
      "operating_income": 288486000,
      "net_income": 297244000,
      "opex": 257543000,
      "cogs": 4808560000,
      "rd": 127471000,
      "sga": null,
      "fcf": -661797000,
      "ocf": -647814000,
      "capex": -13983000,
      "gross_margin": 0.10197402639119454,
      "op_margin": 0.05387640395929547,
      "fcf_margin": -0.12359435990325308,
      "incr_op_margin_yoy": 0.019475172633109213,
      "rev_growth_yoy": 1.4507687216715388,
      "rev_growth_yoy_accel": -0.5493699836622266,
      "op_leverage_ratio": 2.2240534336299693,
      "fcf_margin_change": 0.29366679873662477
    },
    {
      "date": "2024-09-30T00:00:00",
      "quarter_label": "2024-09 (Q3)",
      "revenue": 5937256000,
      "gross_profit": 775580000,
      "operating_income": 509199000,
      "net_income": 424327000,
      "opex": 266381000,
      "cogs": 5161676000,
      "rd": 132243000,
      "sga": null,
      "fcf": 364604000,
      "ocf": 408904000,
      "capex": -44300000,
      "gross_margin": 0.13062936817950918,
      "op_margin": 0.08576335600149294,
      "fcf_margin": 0.0614095130814639,
      "incr_op_margin_yoy": 0.08819426108240186,
      "rev_growth_yoy": 1.8010258190889912,
      "rev_growth_yoy_accel": 0.35025709741745237,
      "op_leverage_ratio": 3.1709546695550284,
      "fcf_margin_change": 0.185003872984717
    },
    {
      "date": "2024-12-31T00:00:00",
      "quarter_label": "2024-12 (Q4)",
      "revenue": 5677962000,
      "gross_profit": 670022000,
      "operating_income": 368624000,
      "net_income": 320596000,
      "opex": 301398000,
      "cogs": 5007940000,
      "rd": 158229000,
      "sga": null,
      "fcf": -267293000,
      "ocf": -239757000,
      "capex": -27536000,
      "gross_margin": 0.11800395987151728,
      "op_margin": 0.06492188570476519,
      "fcf_margin": -0.047075517588881365,
      "incr_op_margin_yoy": -0.0014108029754033456,
      "rev_growth_yoy": 0.5492714173609057,
      "rev_growth_yoy_accel": -1.2517544017280855,
      "fcf_margin_change": -0.10848503067034526
    },
    {
      "date": "2025-03-31T00:00:00",
      "quarter_label": "2025-03 (Q1)",
      "revenue": 4599913000,
      "gross_profit": 440218000,
      "operating_income": 146780000,
      "net_income": 108777000,
      "opex": 293438000,
      "cogs": 4159695000,
      "rd": 162857000,
      "sga": null,
      "fcf": 594064000,
      "ocf": 626764000,
      "capex": -32700000,
      "gross_margin": 0.0957013752216618,
      "op_margin": 0.03190929915413618,
      "fcf_margin": 0.12914679038494858,
      "incr_op_margin_yoy": -0.30877499009798,
      "rev_growth_yoy": 0.19476211576632713,
      "rev_growth_yoy_accel": -0.35450930159457855,
      "fcf_margin_change": 0.17622230797382996
    },
    {
      "date": "2025-06-30T00:00:00",
      "quarter_label": "2025-06 (Q2)",
      "revenue": 5756911000,
      "gross_profit": 544102000,
      "operating_income": 228391000,
      "net_income": 195154000,
      "opex": 315711000,
      "cogs": 5212809000,
      "rd": 183221000,
      "sga": null,
      "fcf": 840935000,
      "ocf": 863613000,
      "capex": -22678000,
      "gross_margin": 0.09451283856915627,
      "op_margin": 0.03967249102860892,
      "fcf_margin": 0.14607399697511392,
      "incr_op_margin_yoy": -0.14937040480013522,
      "rev_growth_yoy": 0.07513592546505436,
      "rev_growth_yoy_accel": -0.11962619030127276,
      "op_leverage_ratio": 3.3137567649609405,
      "fcf_margin_change": 0.016927206590165333
    },
    {
      "date": "2025-09-30T00:00:00",
      "quarter_label": "2025-09 (Q3)",
      "revenue": 5017790000,
      "gross_profit": 467373000,
      "operating_income": 182256000,
      "net_income": 168285000,
      "opex": 285117000,
      "cogs": 4550417000,
      "rd": 173314000,
      "sga": null,
      "fcf": -949793000,
      "ocf": -917523000,
      "capex": -32270000,
      "gross_margin": 0.0931431965068287,
      "op_margin": 0.0363219664433944,
      "fcf_margin": -0.18928512353047855,
      "incr_op_margin_yoy": 0.35557921663226266,
      "rev_growth_yoy": -0.15486379566587663,
      "rev_growth_yoy_accel": -0.22999972113093098,
      "fcf_margin_change": -0.33535912050559247
    }
  ],
  "signals": [
    {
      "quarter": "2025-09 (Q3)",
      "signal": "YoY REVENUE GROWTH DECELERATION",
      "detail": "YoY growth: -15.5% vs prior quarter YoY: +7.5% (decel: -23.0%)",
      "severity": "WARNING"
    },
    {
      "quarter": "2025-09 (Q3)",
      "signal": "INCREMENTAL MARGIN (YoY)",
      "detail": "YoY Incr OPM: +35.6% vs year-ago OPM: +8.6%",
      "severity": "HIGH"
    },
    {
      "quarter": "2025-06 (Q2)",
      "signal": "OPERATING LEVERAGE",
      "detail": "Rev growth +25.2% vs OpEx growth +7.6% (leverage: 3.3x)",
      "severity": "MEDIUM"
    },
    {
      "quarter": "2025-06 (Q2)",
      "signal": "YoY REVENUE GROWTH DECELERATION",
      "detail": "YoY growth: +7.5% vs prior quarter YoY: +19.5% (decel: -12.0%)",
      "severity": "WARNING"
    },
    {
      "quarter": "2025-03 (Q1)",
      "signal": "FCF TURNED POSITIVE",
      "detail": "FCF margin: -4.7% -> +12.9%",
      "severity": "HIGH"
    },
    {
      "quarter": "2025-03 (Q1)",
      "signal": "YoY REVENUE GROWTH DECELERATION",
      "detail": "YoY growth: +19.5% vs prior quarter YoY: +54.9% (decel: -35.5%)",
      "severity": "WARNING"
    },
    {
      "quarter": "2024-12 (Q4)",
      "signal": "YoY REVENUE GROWTH DECELERATION",
      "detail": "YoY growth: +54.9% vs prior quarter YoY: +180.1% (decel: -125.2%)",
      "severity": "WARNING"
    },
    {
      "quarter": "2024-09 (Q3)",
      "signal": "FCF TURNED POSITIVE",
      "detail": "FCF margin: -12.4% -> +6.1%",
      "severity": "HIGH"
    },
    {
      "quarter": "2024-09 (Q3)",
      "signal": "OPERATING LEVERAGE",
      "detail": "Rev growth +10.9% vs OpEx growth +3.4% (leverage: 3.2x)",
      "severity": "MEDIUM"
    },
    {
      "quarter": "2024-09 (Q3)",
      "signal": "GROSS MARGIN INFLECTION",
      "detail": "GM: +15.5% -> +10.2% -> +13.1% (reversal +2.9%)",
      "severity": "MEDIUM"
    },
    {
      "quarter": "2024-09 (Q3)",
      "signal": "YoY REVENUE GROWTH ACCELERATION",
      "detail": "YoY growth: +180.1% vs prior quarter YoY: +145.1% (accel: +35.0%)",
      "severity": "HIGH"
    },
    {
      "quarter": "2024-06 (Q2)",
      "signal": "FCF MARGIN EXPANSION",
      "detail": "FCF margin: -41.7% -> -12.4% (+29.4%)",
      "severity": "MEDIUM"
    },
    {
      "quarter": "2024-06 (Q2)",
      "signal": "OPERATING LEVERAGE",
      "detail": "Rev growth +39.1% vs OpEx growth +17.6% (leverage: 2.2x)",
      "severity": "MEDIUM"
    },
    {
      "quarter": "2024-06 (Q2)",
      "signal": "YoY REVENUE GROWTH DECELERATION",
      "detail": "YoY growth: +145.1% vs prior quarter YoY: +200.0% (decel: -54.9%)",
      "severity": "WARNING"
    },
    {
      "quarter": "2024-03 (Q1)",
      "signal": "YoY REVENUE GROWTH ACCELERATION",
      "detail": "YoY growth: +200.0% vs prior quarter YoY: +103.2% (accel: +96.8%)",
      "severity": "HIGH"
    },
    {
      "quarter": "2023-12 (Q4)",
      "signal": "OPERATING LEVERAGE",
      "detail": "Rev growth +72.9% vs OpEx growth +6.4% (leverage: 11.3x)",
      "severity": "MEDIUM"
    },
    {
      "quarter": "2023-12 (Q4)",
      "signal": "YoY REVENUE GROWTH ACCELERATION",
      "detail": "YoY growth: +103.2% vs prior quarter YoY: +14.4% (accel: +88.8%)",
      "severity": "HIGH"
    },
    {
      "quarter": "2023-09 (Q3)",
      "signal": "FCF TURNED POSITIVE",
      "detail": "FCF margin: -0.8% -> +12.6%",
      "severity": "HIGH"
    },
    {
      "quarter": "2023-09 (Q3)",
      "signal": "YoY REVENUE GROWTH DECELERATION",
      "detail": "YoY growth: +14.4% vs prior quarter YoY: +33.6% (decel: -19.1%)",
      "severity": "WARNING"
    },
    {
      "quarter": "2023-06 (Q2)",
      "signal": "OPERATING LEVERAGE",
      "detail": "Rev growth +70.3% vs OpEx growth +13.9% (leverage: 5.1x)",
      "severity": "MEDIUM"
    },
    {
      "quarter": "2023-06 (Q2)",
      "signal": "YoY REVENUE GROWTH ACCELERATION",
      "detail": "YoY growth: +33.6% vs prior quarter YoY: -5.3% (accel: +38.9%)",
      "severity": "HIGH"
    },
    {
      "quarter": "2023-03 (Q1)",
      "signal": "FCF MARGIN EXPANSION",
      "detail": "FCF margin: +8.4% -> +14.8% (+6.4%)",
      "severity": "MEDIUM"
    },
    {
      "quarter": "2023-03 (Q1)",
      "signal": "YoY REVENUE GROWTH DECELERATION",
      "detail": "YoY growth: -5.3% vs prior quarter YoY: +53.8% (decel: -59.1%)",
      "severity": "WARNING"
    },
    {
      "quarter": "2022-12 (Q4)",
      "signal": "YoY REVENUE GROWTH DECELERATION",
      "detail": "YoY growth: +53.8% vs prior quarter YoY: +79.3% (decel: -25.5%)",
      "severity": "WARNING"
    },
    {
      "quarter": "2022-12 (Q4)",
      "signal": "INCREMENTAL MARGIN (YoY)",
      "detail": "YoY Incr OPM: +26.0% vs year-ago OPM: +4.4%",
      "severity": "HIGH"
    },
    {
      "quarter": "2022-09 (Q3)",
      "signal": "FCF TURNED POSITIVE",
      "detail": "FCF margin: -2.2% -> +16.4%",
      "severity": "HIGH"
    },
    {
      "quarter": "2022-09 (Q3)",
      "signal": "OPERATING LEVERAGE",
      "detail": "Rev growth +13.2% vs OpEx growth +4.3% (leverage: 3.1x)",
      "severity": "MEDIUM"
    },
    {
      "quarter": "2022-09 (Q3)",
      "signal": "YoY REVENUE GROWTH ACCELERATION",
      "detail": "YoY growth: +79.3% vs prior quarter YoY: +53.0% (accel: +26.4%)",
      "severity": "HIGH"
    },
    {
      "quarter": "2022-09 (Q3)",
      "signal": "INCREMENTAL MARGIN (YoY)",
      "detail": "YoY Incr OPM: +23.3% vs year-ago OPM: +2.8%",
      "severity": "HIGH"
    },
    {
      "quarter": "2022-06 (Q2)",
      "signal": "FCF MARGIN EXPANSION",
      "detail": "FCF margin: -17.6% -> -2.2% (+15.4%)",
      "severity": "MEDIUM"
    },
    {
      "quarter": "2022-06 (Q2)",
      "signal": "OPERATING LEVERAGE",
      "detail": "Rev growth +20.7% vs OpEx growth +0.9% (leverage: 22.1x)",
      "severity": "MEDIUM"
    },
    {
      "quarter": "2022-06 (Q2)",
      "signal": "INCREMENTAL MARGIN (YoY)",
      "detail": "YoY Incr OPM: +22.3% vs year-ago OPM: +3.7%",
      "severity": "MEDIUM"
    },
    {
      "quarter": "2022-03 (Q1)",
      "signal": "OPERATING LEVERAGE",
      "detail": "Rev growth +15.6% vs OpEx growth +7.4% (leverage: 2.1x)",
      "severity": "MEDIUM"
    },
    {
      "quarter": "2022-03 (Q1)",
      "signal": "YoY REVENUE GROWTH ACCELERATION",
      "detail": "YoY growth: +51.3% vs prior quarter YoY: +41.2% (accel: +10.1%)",
      "severity": "MEDIUM"
    },
    {
      "quarter": "2022-03 (Q1)",
      "signal": "INCREMENTAL MARGIN (YoY)",
      "detail": "YoY Incr OPM: +15.8% vs year-ago OPM: +1.9%",
      "severity": "MEDIUM"
    },
    {
      "quarter": "2021-12 (Q4)",
      "signal": "FCF MARGIN EXPANSION",
      "detail": "FCF margin: -14.1% -> -5.6% (+8.5%)",
      "severity": "MEDIUM"
    },
    {
      "quarter": "2021-12 (Q4)",
      "signal": "OPERATING LEVERAGE",
      "detail": "Rev growth +13.5% vs OpEx growth +3.4% (leverage: 4.0x)",
      "severity": "MEDIUM"
    },
    {
      "quarter": "2021-06 (Q2)",
      "signal": "FCF TURNED POSITIVE",
      "detail": "FCF margin: -16.0% -> +4.7%",
      "severity": "HIGH"
    },
    {
      "quarter": "2021-06 (Q2)",
      "signal": "OPERATING LEVERAGE",
      "detail": "Rev growth +19.3% vs OpEx growth +0.4% (leverage: 43.7x)",
      "severity": "MEDIUM"
    }
  ],
  "data_quality": {
    "n_quarters": 20,
    "coverage": {
      "revenue": [
        20,
        20
      ],
      "gross_profit": [
        20,
        20
      ],
      "op_income": [
        20,
        20
      ],
      "fcf": [
        20,
        20
      ]
    },
    "gaps": [],
    "warnings": []
  },
  "market_cap": null,
  "source": "SEC EDGAR",
  "last_updated": "2026-02-02T20:20:23.394181"
}