{
  "ticker": "SMG",
  "name": "Scotts Miracle-Gro Co",
  "quarters": [
    {
      "date": "2021-01-02T00:00:00",
      "quarter_label": "2021-01 (Q1)",
      "revenue": 748600000,
      "gross_profit": 190800000,
      "operating_income": 34000000,
      "net_income": 24400000,
      "opex": 156800000,
      "cogs": 548800000,
      "rd": null,
      "sga": 156700000,
      "fcf": -455300000,
      "ocf": -420700000,
      "capex": -34600000,
      "gross_margin": 0.2548757681004542,
      "op_margin": 0.04541811381244991,
      "fcf_margin": -0.6082019770237778
    },
    {
      "date": "2021-04-03T00:00:00",
      "quarter_label": "2021-04 (Q2)",
      "revenue": 1828800000,
      "gross_profit": 657500000,
      "operating_income": 424100000,
      "net_income": 310000000,
      "opex": 233400000,
      "cogs": 1158900000,
      "rd": null,
      "sga": 231500000,
      "fcf": -298300000,
      "ocf": -279200000,
      "capex": -19100000,
      "gross_margin": 0.35952537182852146,
      "op_margin": 0.23190069991251094,
      "fcf_margin": -0.1631124234470691,
      "op_leverage_ratio": 2.9537357462389324,
      "fcf_margin_change": 0.44508955357670865
    },
    {
      "date": "2021-07-03T00:00:00",
      "quarter_label": "2021-07 (Q3)",
      "revenue": 1609700000,
      "gross_profit": 494600000,
      "operating_income": 302100000,
      "net_income": 225900000,
      "opex": 192500000,
      "cogs": 1114300000,
      "rd": null,
      "sga": 194100000,
      "fcf": 468600000,
      "ocf": 492800000,
      "capex": -24200000,
      "gross_margin": 0.30726222277443,
      "op_margin": 0.18767472199788782,
      "fcf_margin": 0.2911101447474685,
      "fcf_margin_change": 0.4542225681945376
    },
    {
      "date": "2021-09-30T00:00:00",
      "quarter_label": "2021-09 (Q3)",
      "revenue": 737800000,
      "gross_profit": 126200000,
      "operating_income": -37200000,
      "net_income": -47900000,
      "opex": 163400000,
      "cogs": 609100000,
      "rd": null,
      "sga": 161200000,
      "fcf": 449600000,
      "ocf": 478600000,
      "capex": -29000000,
      "gross_margin": 0.17104906478720522,
      "op_margin": -0.05042016806722689,
      "fcf_margin": 0.6093792355651938,
      "fcf_margin_change": 0.3182690908177253
    },
    {
      "date": "2022-01-01T00:00:00",
      "quarter_label": "2022-01 (Q1)",
      "revenue": 566000000,
      "gross_profit": 118700000,
      "operating_income": -35400000,
      "net_income": -50000000,
      "opex": 154100000,
      "cogs": 447300000,
      "rd": null,
      "sga": 154100000,
      "fcf": -811200000,
      "ocf": -765100000,
      "capex": -46100000,
      "gross_margin": 0.2097173144876325,
      "op_margin": -0.06254416961130742,
      "fcf_margin": -1.4332155477031803,
      "incr_op_margin_yoy": 0.380065717415115,
      "rev_growth_yoy": -0.24392198771039272,
      "fcf_margin_change": -2.042594783268374
    },
    {
      "date": "2022-04-02T00:00:00",
      "quarter_label": "2022-04 (Q2)",
      "revenue": 1678400000,
      "gross_profit": 588400000,
      "operating_income": 387900000,
      "net_income": 276500000,
      "opex": 200500000,
      "cogs": 1084700000,
      "rd": null,
      "sga": 204700000,
      "fcf": -397400000,
      "ocf": -377500000,
      "capex": -19900000,
      "gross_margin": 0.3505719733079123,
      "op_margin": 0.2311129647283127,
      "fcf_margin": -0.23677311725452813,
      "incr_op_margin_yoy": 0.24069148936170212,
      "rev_growth_yoy": -0.08223972003499562,
      "rev_growth_yoy_accel": 0.16168226767539712,
      "op_leverage_ratio": 6.527234373096137,
      "fcf_margin_change": 1.196442430448652
    },
    {
      "date": "2022-07-02T00:00:00",
      "quarter_label": "2022-07 (Q3)",
      "revenue": 1186100000,
      "gross_profit": 236600000,
      "operating_income": -562500000,
      "net_income": -443900000,
      "opex": 799100000,
      "cogs": 883700000,
      "rd": null,
      "sga": 135800000,
      "fcf": 430000000,
      "ocf": 463000000,
      "capex": -33000000,
      "gross_margin": 0.1994772784756766,
      "op_margin": -0.4742433184385802,
      "fcf_margin": 0.36253267009527024,
      "incr_op_margin_yoy": 2.0410764872521248,
      "rev_growth_yoy": -0.26315462508541965,
      "rev_growth_yoy_accel": -0.180914905050424,
      "fcf_margin_change": 0.5993057873497983
    },
    {
      "date": "2022-09-30T00:00:00",
      "quarter_label": "2022-09 (Q3)",
      "revenue": 493700000,
      "gross_profit": -70800000,
      "operating_income": -223900000,
      "net_income": -220000000,
      "opex": 153100000,
      "cogs": 475500000,
      "rd": null,
      "sga": 118400000,
      "fcf": 536100000,
      "ocf": 550600000,
      "capex": -14500000,
      "gross_margin": -0.14340692728377558,
      "op_margin": -0.4535142799270812,
      "fcf_margin": 1.085882114644521,
      "incr_op_margin_yoy": 0.7648504711183941,
      "rev_growth_yoy": -0.3308484684196259,
      "rev_growth_yoy_accel": -0.06769384333420625,
      "fcf_margin_change": 0.7233494445492508
    },
    {
      "date": "2022-12-31T00:00:00",
      "quarter_label": "2022-12 (Q4)",
      "revenue": 526600000,
      "gross_profit": 95700000,
      "operating_income": -41800000,
      "net_income": null,
      "opex": 137500000,
      "cogs": 420600000,
      "rd": null,
      "sga": 128500000,
      "fcf": -461200000,
      "ocf": -431600000,
      "capex": -29600000,
      "gross_margin": 0.18173186479301176,
      "op_margin": -0.07937713634637296,
      "fcf_margin": -0.8758070641853399,
      "incr_op_margin_yoy": 0.16243654822335024,
      "rev_growth_yoy": -0.0696113074204947,
      "rev_growth_yoy_accel": 0.2612371609991312,
      "op_leverage_ratio": Infinity,
      "fcf_margin_change": -1.961689178829861
    },
    {
      "date": "2023-04-01T00:00:00",
      "quarter_label": "2023-04 (Q2)",
      "revenue": 1531500000,
      "gross_profit": 412700000,
      "operating_income": 206200000,
      "net_income": null,
      "opex": 206500000,
      "cogs": 1000100000,
      "rd": null,
      "sga": 186300000,
      "fcf": -157500000,
      "ocf": -135300000,
      "capex": -22200000,
      "gross_margin": 0.2694743715311786,
      "op_margin": 0.1346392425726412,
      "fcf_margin": -0.10284035259549461,
      "incr_op_margin_yoy": 1.2368958475153164,
      "rev_growth_yoy": -0.08752383222116301,
      "rev_growth_yoy_accel": -0.01791252480066831,
      "op_leverage_ratio": 3.802730945579242,
      "fcf_margin_change": 0.7729667115898453
    },
    {
      "date": "2023-07-01T00:00:00",
      "quarter_label": "2023-07 (Q3)",
      "revenue": 1118700000,
      "gross_profit": 205900000,
      "operating_income": 77300000,
      "net_income": null,
      "opex": 128600000,
      "cogs": 880100000,
      "rd": null,
      "sga": 128500000,
      "fcf": 540600000,
      "ocf": 562600000,
      "capex": -22000000,
      "gross_margin": 0.1840529185661929,
      "op_margin": 0.06909806024850272,
      "fcf_margin": 0.4832394743899169,
      "incr_op_margin_yoy": -9.492581602373887,
      "rev_growth_yoy": -0.05682488828935166,
      "rev_growth_yoy_accel": 0.030698943931811357,
      "fcf_margin_change": 0.5860798269854115
    },
    {
      "date": "2023-09-30T00:00:00",
      "quarter_label": "2023-09 (Q3)",
      "revenue": 374500000,
      "gross_profit": -57000000,
      "operating_income": -416100000,
      "net_income": null,
      "opex": 359100000,
      "cogs": 407600000,
      "rd": null,
      "sga": 108000000,
      "fcf": 516300000,
      "ocf": 535300000,
      "capex": -19000000,
      "gross_margin": -0.15220293724966621,
      "op_margin": -1.1110814419225634,
      "fcf_margin": 1.378638184245661,
      "incr_op_margin_yoy": 1.6124161073825503,
      "rev_growth_yoy": -0.24144217135912496,
      "rev_growth_yoy_accel": -0.18461728306977332,
      "fcf_margin_change": 0.8953987098557441
    },
    {
      "date": "2023-12-30T00:00:00",
      "quarter_label": "2023-12 (Q4)",
      "revenue": 410400000,
      "gross_profit": 62200000,
      "operating_income": -47300000,
      "net_income": null,
      "opex": 109500000,
      "cogs": 354000000,
      "rd": null,
      "sga": 114800000,
      "fcf": -381100000,
      "ocf": -343200000,
      "capex": -37900000,
      "gross_margin": 0.15155945419103314,
      "op_margin": -0.11525341130604289,
      "fcf_margin": -0.9286062378167641,
      "incr_op_margin_yoy": 0.047332185886402756,
      "rev_growth_yoy": -0.22066084314470186,
      "rev_growth_yoy_accel": 0.020781328214423106,
      "op_leverage_ratio": Infinity,
      "fcf_margin_change": -2.307244422062425
    },
    {
      "date": "2024-03-30T00:00:00",
      "quarter_label": "2024-03 (Q1)",
      "revenue": 1525400000,
      "gross_profit": 463700000,
      "operating_income": 272100000,
      "net_income": null,
      "opex": 191600000,
      "cogs": 986800000,
      "rd": null,
      "sga": 178700000,
      "fcf": 287900000,
      "ocf": 304200000,
      "capex": -16300000,
      "gross_margin": 0.3039858397797299,
      "op_margin": 0.17837944145797824,
      "fcf_margin": 0.18873738035925003,
      "incr_op_margin_yoy": -10.80327868852459,
      "rev_growth_yoy": -0.003983023179888997,
      "rev_growth_yoy_accel": 0.21667781996481286,
      "op_leverage_ratio": 3.6235852013305694,
      "fcf_margin_change": 1.1173436181760141
    },
    {
      "date": "2024-06-29T00:00:00",
      "quarter_label": "2024-06 (Q2)",
      "revenue": 1202200000,
      "gross_profit": 354100000,
      "operating_income": 200100000,
      "net_income": null,
      "opex": 154000000,
      "cogs": 850600000,
      "rd": null,
      "sga": 147900000,
      "fcf": 574800000,
      "ocf": 588000000,
      "capex": -13200000,
      "gross_margin": 0.2945433372151056,
      "op_margin": 0.1664448511063051,
      "fcf_margin": 0.47812344035934123,
      "incr_op_margin_yoy": 1.4706586826347305,
      "rev_growth_yoy": 0.07464020738357022,
      "rev_growth_yoy_accel": 0.07862323056345921,
      "fcf_margin_change": 0.2893860600000912
    },
    {
      "date": "2024-09-30T00:00:00",
      "quarter_label": "2024-09 (Q3)",
      "revenue": 414700000,
      "gross_profit": -29500000,
      "operating_income": -216100000,
      "net_income": null,
      "opex": 186600000,
      "cogs": 427300000,
      "rd": null,
      "sga": 117600000,
      "fcf": 101900000,
      "ocf": 118500000,
      "capex": -16600000,
      "gross_margin": -0.0711357607909332,
      "op_margin": -0.5210995900651073,
      "fcf_margin": 0.24571979744393538,
      "incr_op_margin_yoy": 4.975124378109452,
      "rev_growth_yoy": 0.10734312416555407,
      "rev_growth_yoy_accel": 0.03270291678198385,
      "fcf_margin_change": -0.23240364291540586
    },
    {
      "date": "2024-12-28T00:00:00",
      "quarter_label": "2024-12 (Q4)",
      "revenue": 416800000,
      "gross_profit": 94800000,
      "operating_income": -51000000,
      "net_income": null,
      "opex": 145800000,
      "cogs": 316900000,
      "rd": null,
      "sga": 124800000,
      "fcf": -474600000,
      "ocf": -445300000,
      "capex": -29300000,
      "gross_margin": 0.22744721689059502,
      "op_margin": -0.12236084452975048,
      "fcf_margin": -1.138675623800384,
      "incr_op_margin_yoy": -0.578125,
      "rev_growth_yoy": 0.015594541910331383,
      "rev_growth_yoy_accel": -0.09174858225522269,
      "fcf_margin_change": -1.3843954212443192
    },
    {
      "date": "2025-03-29T00:00:00",
      "quarter_label": "2025-03 (Q1)",
      "revenue": 1421000000,
      "gross_profit": 547900000,
      "operating_income": 344700000,
      "net_income": null,
      "opex": 203200000,
      "cogs": 865800000,
      "rd": null,
      "sga": 188300000,
      "fcf": 179800000,
      "ocf": 188100000,
      "capex": -8300000,
      "gross_margin": 0.3855735397607319,
      "op_margin": 0.2425756509500352,
      "fcf_margin": 0.12653061224489795,
      "incr_op_margin_yoy": -0.6954022988505747,
      "rev_growth_yoy": -0.06844106463878327,
      "rev_growth_yoy_accel": -0.08403560654911466,
      "op_leverage_ratio": 6.119812809726672,
      "fcf_margin_change": 1.2652062360452818
    },
    {
      "date": "2025-06-28T00:00:00",
      "quarter_label": "2025-06 (Q2)",
      "revenue": 1188000000,
      "gross_profit": 378000000,
      "operating_income": 215000000,
      "net_income": null,
      "opex": 163000000,
      "cogs": 806300000,
      "rd": null,
      "sga": 153400000,
      "fcf": 437500000,
      "ocf": 454400000,
      "capex": -16900000,
      "gross_margin": 0.3181818181818182,
      "op_margin": 0.18097643097643099,
      "fcf_margin": 0.36826599326599324,
      "incr_op_margin_yoy": -1.0492957746478873,
      "rev_growth_yoy": -0.011811678589253036,
      "rev_growth_yoy_accel": 0.05662938604953024,
      "fcf_margin_change": 0.2417353810210953
    },
    {
      "date": "2025-09-30T00:00:00",
      "quarter_label": "2025-09 (Q3)",
      "revenue": 387300000,
      "gross_profit": 23500000,
      "operating_income": -150100000,
      "net_income": null,
      "opex": 173600000,
      "cogs": 359600000,
      "rd": null,
      "sga": 136900000,
      "fcf": 131200000,
      "ocf": 174100000,
      "capex": -42900000,
      "gross_margin": 0.060676478182287635,
      "op_margin": -0.38755486702814357,
      "fcf_margin": 0.33875548670281436,
      "incr_op_margin_yoy": -2.408759124087591,
      "rev_growth_yoy": -0.06607185917530745,
      "rev_growth_yoy_accel": -0.05426018058605441,
      "fcf_margin_change": -0.029510506563178884
    }
  ],
  "signals": [
    {
      "quarter": "2025-09 (Q3)",
      "signal": "YoY REVENUE GROWTH DECELERATION",
      "detail": "YoY growth: -6.6% vs prior quarter YoY: -1.2% (decel: -5.4%)",
      "severity": "WARNING"
    },
    {
      "quarter": "2025-06 (Q2)",
      "signal": "FCF MARGIN EXPANSION",
      "detail": "FCF margin: +12.7% -> +36.8% (+24.2%)",
      "severity": "MEDIUM"
    },
    {
      "quarter": "2025-06 (Q2)",
      "signal": "YoY REVENUE GROWTH ACCELERATION",
      "detail": "YoY growth: -1.2% vs prior quarter YoY: -6.8% (accel: +5.7%)",
      "severity": "MEDIUM"
    },
    {
      "quarter": "2025-03 (Q1)",
      "signal": "FCF TURNED POSITIVE",
      "detail": "FCF margin: -113.9% -> +12.7%",
      "severity": "HIGH"
    },
    {
      "quarter": "2025-03 (Q1)",
      "signal": "OPERATING LEVERAGE",
      "detail": "Rev growth +240.9% vs OpEx growth +39.4% (leverage: 6.1x)",
      "severity": "MEDIUM"
    },
    {
      "quarter": "2025-03 (Q1)",
      "signal": "YoY REVENUE GROWTH DECELERATION",
      "detail": "YoY growth: -6.8% vs prior quarter YoY: +1.6% (decel: -8.4%)",
      "severity": "WARNING"
    },
    {
      "quarter": "2025-03 (Q1)",
      "signal": "OP MARGIN TURNED POSITIVE (QoQ)",
      "detail": "Op margin: -12.2% -> +24.3%",
      "severity": "HIGH"
    },
    {
      "quarter": "2024-12 (Q4)",
      "signal": "GROSS MARGIN INFLECTION",
      "detail": "GM: +29.5% -> -7.1% -> +22.7% (reversal +29.9%)",
      "severity": "HIGH"
    },
    {
      "quarter": "2024-12 (Q4)",
      "signal": "YoY REVENUE GROWTH DECELERATION",
      "detail": "YoY growth: +1.6% vs prior quarter YoY: +10.7% (decel: -9.2%)",
      "severity": "WARNING"
    },
    {
      "quarter": "2024-06 (Q2)",
      "signal": "FCF MARGIN EXPANSION",
      "detail": "FCF margin: +18.9% -> +47.8% (+28.9%)",
      "severity": "MEDIUM"
    },
    {
      "quarter": "2024-06 (Q2)",
      "signal": "YoY REVENUE GROWTH ACCELERATION",
      "detail": "YoY growth: +7.5% vs prior quarter YoY: -0.4% (accel: +7.9%)",
      "severity": "MEDIUM"
    },
    {
      "quarter": "2024-06 (Q2)",
      "signal": "INCREMENTAL MARGIN (YoY)",
      "detail": "YoY Incr OPM: +147.1% vs year-ago OPM: +6.9%",
      "severity": "HIGH"
    },
    {
      "quarter": "2024-03 (Q1)",
      "signal": "FCF TURNED POSITIVE",
      "detail": "FCF margin: -92.9% -> +18.9%",
      "severity": "HIGH"
    },
    {
      "quarter": "2024-03 (Q1)",
      "signal": "OPERATING LEVERAGE",
      "detail": "Rev growth +271.7% vs OpEx growth +75.0% (leverage: 3.6x)",
      "severity": "MEDIUM"
    },
    {
      "quarter": "2024-03 (Q1)",
      "signal": "YoY REVENUE GROWTH ACCELERATION",
      "detail": "YoY growth: -0.4% vs prior quarter YoY: -22.1% (accel: +21.7%)",
      "severity": "HIGH"
    },
    {
      "quarter": "2024-03 (Q1)",
      "signal": "OP MARGIN TURNED POSITIVE (QoQ)",
      "detail": "Op margin: -11.5% -> +17.8%",
      "severity": "HIGH"
    },
    {
      "quarter": "2023-12 (Q4)",
      "signal": "GROSS MARGIN INFLECTION",
      "detail": "GM: +18.4% -> -15.2% -> +15.2% (reversal +30.4%)",
      "severity": "HIGH"
    },
    {
      "quarter": "2023-09 (Q3)",
      "signal": "FCF MARGIN EXPANSION",
      "detail": "FCF margin: +48.3% -> +137.9% (+89.5%)",
      "severity": "MEDIUM"
    },
    {
      "quarter": "2023-09 (Q3)",
      "signal": "YoY REVENUE GROWTH DECELERATION",
      "detail": "YoY growth: -24.1% vs prior quarter YoY: -5.7% (decel: -18.5%)",
      "severity": "WARNING"
    },
    {
      "quarter": "2023-07 (Q3)",
      "signal": "FCF TURNED POSITIVE",
      "detail": "FCF margin: -10.3% -> +48.3%",
      "severity": "HIGH"
    },
    {
      "quarter": "2023-07 (Q3)",
      "signal": "OP MARGIN TURNED POSITIVE (YoY)",
      "detail": "Op margin: -47.4% (year-ago) -> +6.9%",
      "severity": "HIGH"
    },
    {
      "quarter": "2023-04 (Q2)",
      "signal": "FCF MARGIN EXPANSION",
      "detail": "FCF margin: -87.6% -> -10.3% (+77.3%)",
      "severity": "MEDIUM"
    },
    {
      "quarter": "2023-04 (Q2)",
      "signal": "OPERATING LEVERAGE",
      "detail": "Rev growth +190.8% vs OpEx growth +50.2% (leverage: 3.8x)",
      "severity": "MEDIUM"
    },
    {
      "quarter": "2023-04 (Q2)",
      "signal": "INCREMENTAL MARGIN (YoY)",
      "detail": "YoY Incr OPM: +123.7% vs year-ago OPM: +23.1%",
      "severity": "HIGH"
    },
    {
      "quarter": "2023-04 (Q2)",
      "signal": "OP MARGIN TURNED POSITIVE (QoQ)",
      "detail": "Op margin: -7.9% -> +13.5%",
      "severity": "HIGH"
    },
    {
      "quarter": "2022-12 (Q4)",
      "signal": "GROSS MARGIN INFLECTION",
      "detail": "GM: +19.9% -> -14.3% -> +18.2% (reversal +32.5%)",
      "severity": "HIGH"
    },
    {
      "quarter": "2022-12 (Q4)",
      "signal": "YoY REVENUE GROWTH ACCELERATION",
      "detail": "YoY growth: -7.0% vs prior quarter YoY: -33.1% (accel: +26.1%)",
      "severity": "HIGH"
    },
    {
      "quarter": "2022-09 (Q3)",
      "signal": "FCF MARGIN EXPANSION",
      "detail": "FCF margin: +36.3% -> +108.6% (+72.3%)",
      "severity": "MEDIUM"
    },
    {
      "quarter": "2022-09 (Q3)",
      "signal": "YoY REVENUE GROWTH DECELERATION",
      "detail": "YoY growth: -33.1% vs prior quarter YoY: -26.3% (decel: -6.8%)",
      "severity": "WARNING"
    },
    {
      "quarter": "2022-07 (Q3)",
      "signal": "FCF TURNED POSITIVE",
      "detail": "FCF margin: -23.7% -> +36.3%",
      "severity": "HIGH"
    },
    {
      "quarter": "2022-07 (Q3)",
      "signal": "YoY REVENUE GROWTH DECELERATION",
      "detail": "YoY growth: -26.3% vs prior quarter YoY: -8.2% (decel: -18.1%)",
      "severity": "WARNING"
    },
    {
      "quarter": "2022-04 (Q2)",
      "signal": "FCF MARGIN EXPANSION",
      "detail": "FCF margin: -143.3% -> -23.7% (+119.6%)",
      "severity": "MEDIUM"
    },
    {
      "quarter": "2022-04 (Q2)",
      "signal": "OPERATING LEVERAGE",
      "detail": "Rev growth +196.5% vs OpEx growth +30.1% (leverage: 6.5x)",
      "severity": "MEDIUM"
    },
    {
      "quarter": "2022-04 (Q2)",
      "signal": "YoY REVENUE GROWTH ACCELERATION",
      "detail": "YoY growth: -8.2% vs prior quarter YoY: -24.4% (accel: +16.2%)",
      "severity": "HIGH"
    },
    {
      "quarter": "2022-04 (Q2)",
      "signal": "OP MARGIN TURNED POSITIVE (QoQ)",
      "detail": "Op margin: -6.3% -> +23.1%",
      "severity": "HIGH"
    },
    {
      "quarter": "2022-01 (Q1)",
      "signal": "GROSS MARGIN INFLECTION",
      "detail": "GM: +30.7% -> +17.1% -> +21.0% (reversal +3.9%)",
      "severity": "MEDIUM"
    },
    {
      "quarter": "2021-09 (Q3)",
      "signal": "FCF MARGIN EXPANSION",
      "detail": "FCF margin: +29.1% -> +60.9% (+31.8%)",
      "severity": "MEDIUM"
    },
    {
      "quarter": "2021-07 (Q3)",
      "signal": "FCF TURNED POSITIVE",
      "detail": "FCF margin: -16.3% -> +29.1%",
      "severity": "HIGH"
    },
    {
      "quarter": "2021-04 (Q2)",
      "signal": "FCF MARGIN EXPANSION",
      "detail": "FCF margin: -60.8% -> -16.3% (+44.5%)",
      "severity": "MEDIUM"
    },
    {
      "quarter": "2021-04 (Q2)",
      "signal": "OPERATING LEVERAGE",
      "detail": "Rev growth +144.3% vs OpEx growth +48.9% (leverage: 3.0x)",
      "severity": "MEDIUM"
    }
  ],
  "data_quality": {
    "n_quarters": 20,
    "coverage": {
      "revenue": [
        20,
        20
      ],
      "gross_profit": [
        20,
        20
      ],
      "op_income": [
        20,
        20
      ],
      "fcf": [
        20,
        20
      ]
    },
    "gaps": [],
    "warnings": []
  },
  "market_cap": null,
  "source": "SEC EDGAR",
  "last_updated": "2026-02-02T21:16:12.513595"
}