{
  "ticker": "SMLR",
  "name": "SEMLER SCIENTIFIC, INC.",
  "quarters": [
    {
      "date": "2020-12-31T00:00:00",
      "quarter_label": "2020-12 (Q4)",
      "revenue": 12073000,
      "gross_profit": 11087000,
      "operating_income": 5995000,
      "net_income": 5393000,
      "opex": 6078000,
      "cogs": 986000,
      "rd": null,
      "sga": null,
      "fcf": 5500000,
      "ocf": 5546000,
      "capex": -46000,
      "gross_margin": 0.9183301582042575,
      "op_margin": 0.49656257765261325,
      "fcf_margin": 0.4555619978464342
    },
    {
      "date": "2021-03-31T00:00:00",
      "quarter_label": "2021-03 (Q1)",
      "revenue": 13183000,
      "gross_profit": 11604000,
      "operating_income": 6019000,
      "net_income": 4877000,
      "opex": 7164000,
      "cogs": 1579000,
      "rd": null,
      "sga": null,
      "fcf": 4473000,
      "ocf": 4606000,
      "capex": -133000,
      "gross_margin": 0.8802245315937192,
      "op_margin": 0.4565728589850565,
      "fcf_margin": 0.339300614427672,
      "op_leverage_ratio": 0.5145631112390416,
      "fcf_margin_change": -0.11626138341876219
    },
    {
      "date": "2021-06-30T00:00:00",
      "quarter_label": "2021-06 (Q2)",
      "revenue": 14311000,
      "gross_profit": 13315000,
      "operating_income": 6464000,
      "net_income": 6688000,
      "opex": 7847000,
      "cogs": 996000,
      "rd": null,
      "sga": null,
      "fcf": 2052000,
      "ocf": 2156000,
      "capex": -104000,
      "gross_margin": 0.9304031863601425,
      "op_margin": 0.45168052546991827,
      "fcf_margin": 0.14338620641464608,
      "op_leverage_ratio": 0.8974902123936404,
      "fcf_margin_change": -0.19591440801302593
    },
    {
      "date": "2021-09-30T00:00:00",
      "quarter_label": "2021-09 (Q3)",
      "revenue": 13991000,
      "gross_profit": 12609000,
      "operating_income": 5253000,
      "net_income": 4150000,
      "opex": 8738000,
      "cogs": 1382000,
      "rd": null,
      "sga": null,
      "fcf": 7613000,
      "ocf": 7637000,
      "capex": -24000,
      "gross_margin": 0.901222214280609,
      "op_margin": 0.3754556500607533,
      "fcf_margin": 0.544135515688657,
      "fcf_margin_change": 0.400749309274011
    },
    {
      "date": "2021-12-31T00:00:00",
      "quarter_label": "2021-12 (Q4)",
      "revenue": 11542000,
      "gross_profit": 9377000,
      "operating_income": 1710000,
      "net_income": 1507000,
      "opex": 9832000,
      "cogs": 2165000,
      "rd": null,
      "sga": null,
      "fcf": 1600000,
      "ocf": 1657000,
      "capex": -57000,
      "gross_margin": 0.8124241899150927,
      "op_margin": 0.14815456593311385,
      "fcf_margin": 0.1386241552590539,
      "rev_growth_yoy": -0.04398244015571937,
      "fcf_margin_change": -0.4055113604296031
    },
    {
      "date": "2022-03-31T00:00:00",
      "quarter_label": "2022-03 (Q1)",
      "revenue": 14016000,
      "gross_profit": 13046000,
      "operating_income": 3942000,
      "net_income": 3360000,
      "opex": 10074000,
      "cogs": 970000,
      "rd": null,
      "sga": null,
      "fcf": 1380000,
      "ocf": 1502000,
      "capex": -122000,
      "gross_margin": 0.9307933789954338,
      "op_margin": 0.28125,
      "fcf_margin": 0.09845890410958905,
      "rev_growth_yoy": 0.06318743836759463,
      "rev_growth_yoy_accel": 0.107169878523314,
      "op_leverage_ratio": 8.708535553229241,
      "fcf_margin_change": -0.04016525114946484
    },
    {
      "date": "2022-06-30T00:00:00",
      "quarter_label": "2022-06 (Q2)",
      "revenue": 14828000,
      "gross_profit": 13865000,
      "operating_income": 5178000,
      "net_income": 4074000,
      "opex": 9650000,
      "cogs": 963000,
      "rd": null,
      "sga": null,
      "fcf": 6094000,
      "ocf": 6230000,
      "capex": -136000,
      "gross_margin": 0.9350553007823037,
      "op_margin": 0.34920420825465337,
      "fcf_margin": 0.41097922848664686,
      "rev_growth_yoy": 0.0361260568793236,
      "rev_growth_yoy_accel": -0.027061381488271037,
      "op_leverage_ratio": Infinity,
      "fcf_margin_change": 0.3125203243770578
    },
    {
      "date": "2022-09-30T00:00:00",
      "quarter_label": "2022-09 (Q3)",
      "revenue": 14047000,
      "gross_profit": 12909000,
      "operating_income": 4467000,
      "net_income": 3675000,
      "opex": 9580000,
      "cogs": 1138000,
      "rd": null,
      "sga": null,
      "fcf": 7891000,
      "ocf": 8021000,
      "capex": -130000,
      "gross_margin": 0.9189862604114758,
      "op_margin": 0.3180038442372037,
      "fcf_margin": 0.5617569587812344,
      "rev_growth_yoy": 0.004002573082696019,
      "rev_growth_yoy_accel": -0.03212348379662758,
      "fcf_margin_change": 0.15077773029458758
    },
    {
      "date": "2022-12-31T00:00:00",
      "quarter_label": "2022-12 (Q4)",
      "revenue": 13795000,
      "gross_profit": 12613000,
      "operating_income": 3617000,
      "net_income": 3216000,
      "opex": 10178000,
      "cogs": 1182000,
      "rd": null,
      "sga": null,
      "fcf": 1622000,
      "ocf": 1710000,
      "capex": -88000,
      "gross_margin": 0.9143167814425517,
      "op_margin": 0.2621964479884016,
      "fcf_margin": 0.11757883291047481,
      "incr_op_margin_yoy": 0.8464269862405681,
      "rev_growth_yoy": 0.19520013862415525,
      "rev_growth_yoy_accel": 0.19119756554145922,
      "fcf_margin_change": -0.4441781258707596
    },
    {
      "date": "2023-03-31T00:00:00",
      "quarter_label": "2023-03 (Q1)",
      "revenue": 18206000,
      "gross_profit": 16937000,
      "operating_income": 6256000,
      "net_income": 4969000,
      "opex": 11950000,
      "cogs": 1269000,
      "rd": null,
      "sga": null,
      "fcf": 766000,
      "ocf": 861000,
      "capex": -95000,
      "gross_margin": 0.9302977040536087,
      "op_margin": 0.34362298143469183,
      "fcf_margin": 0.04207404152477205,
      "incr_op_margin_yoy": 0.5522673031026253,
      "rev_growth_yoy": 0.2989440639269406,
      "rev_growth_yoy_accel": 0.10374392530278537,
      "op_leverage_ratio": 1.8365978938618286,
      "fcf_margin_change": -0.07550479138570276
    },
    {
      "date": "2023-06-30T00:00:00",
      "quarter_label": "2023-06 (Q2)",
      "revenue": 18605000,
      "gross_profit": 17386000,
      "operating_income": 7180000,
      "net_income": 5879000,
      "opex": 11425000,
      "cogs": 1219000,
      "rd": null,
      "sga": null,
      "fcf": 11031000,
      "ocf": 11196000,
      "capex": -165000,
      "gross_margin": 0.9344799785004031,
      "op_margin": 0.38591776404192424,
      "fcf_margin": 0.5929051330287557,
      "incr_op_margin_yoy": 0.5300503044744507,
      "rev_growth_yoy": 0.2547207984893445,
      "rev_growth_yoy_accel": -0.04422326543759614,
      "op_leverage_ratio": Infinity,
      "fcf_margin_change": 0.5508310915039837
    },
    {
      "date": "2023-09-30T00:00:00",
      "quarter_label": "2023-09 (Q3)",
      "revenue": 16316000,
      "gross_profit": 15205000,
      "operating_income": 6299000,
      "net_income": 5514000,
      "opex": 10017000,
      "cogs": 1111000,
      "rd": null,
      "sga": null,
      "fcf": 4781000,
      "ocf": 4831000,
      "capex": -50000,
      "gross_margin": 0.9319073302279971,
      "op_margin": 0.3860627604805099,
      "fcf_margin": 0.2930252512870802,
      "incr_op_margin_yoy": 0.8074041427941825,
      "rev_growth_yoy": 0.16152915213212785,
      "rev_growth_yoy_accel": -0.09319164635721663,
      "fcf_margin_change": -0.2998798817416755
    },
    {
      "date": "2023-12-31T00:00:00",
      "quarter_label": "2023-12 (Q4)",
      "revenue": 15057000,
      "gross_profit": 11672000,
      "operating_income": 2522000,
      "net_income": 4221000,
      "opex": 12535000,
      "cogs": 3385000,
      "rd": null,
      "sga": null,
      "fcf": 4407000,
      "ocf": 4442000,
      "capex": -35000,
      "gross_margin": 0.7751876203759049,
      "op_margin": 0.1674968453211131,
      "fcf_margin": 0.2926877864116358,
      "incr_op_margin_yoy": -0.8676703645007924,
      "rev_growth_yoy": 0.09148242116708953,
      "rev_growth_yoy_accel": -0.07004673096503831,
      "fcf_margin_change": -0.0003374648754443932
    },
    {
      "date": "2024-03-31T00:00:00",
      "quarter_label": "2024-03 (Q1)",
      "revenue": 15903000,
      "gross_profit": 14656000,
      "operating_income": 6976000,
      "net_income": 6073000,
      "opex": 8927000,
      "cogs": 1247000,
      "rd": null,
      "sga": null,
      "fcf": 5620000,
      "ocf": 5624000,
      "capex": -4000,
      "gross_margin": 0.9215871219266805,
      "op_margin": 0.43865937244545056,
      "fcf_margin": 0.35339244167767087,
      "incr_op_margin_yoy": -0.3126356925749023,
      "rev_growth_yoy": -0.12649675931011756,
      "rev_growth_yoy_accel": -0.2179791804772071,
      "op_leverage_ratio": Infinity,
      "fcf_margin_change": 0.06070465526603508
    },
    {
      "date": "2024-06-30T00:00:00",
      "quarter_label": "2024-06 (Q2)",
      "revenue": 14465000,
      "gross_profit": 13210000,
      "operating_income": 5350000,
      "net_income": 11000,
      "opex": 9115000,
      "cogs": 1255000,
      "rd": null,
      "sga": null,
      "fcf": 4890000,
      "ocf": 4934000,
      "capex": -44000,
      "gross_margin": 0.9132388524023505,
      "op_margin": 0.36985827860352577,
      "fcf_margin": 0.3380573798824749,
      "incr_op_margin_yoy": 0.4420289855072464,
      "rev_growth_yoy": -0.22252082773447998,
      "rev_growth_yoy_accel": -0.09602406842436242,
      "fcf_margin_change": -0.015335061795195948
    },
    {
      "date": "2024-09-30T00:00:00",
      "quarter_label": "2024-09 (Q3)",
      "revenue": 13512000,
      "gross_profit": 12356000,
      "operating_income": 5065000,
      "net_income": 5609000,
      "opex": 8447000,
      "cogs": 1156000,
      "rd": null,
      "sga": null,
      "fcf": 6425000,
      "ocf": 6425000,
      "capex": null,
      "gross_margin": 0.9144464179988159,
      "op_margin": 0.37485198342214326,
      "fcf_margin": 0.47550325636471286,
      "incr_op_margin_yoy": 0.4400855920114123,
      "rev_growth_yoy": -0.17185584702132875,
      "rev_growth_yoy_accel": 0.05066498071315123,
      "fcf_margin_change": 0.13744587648223794
    },
    {
      "date": "2024-12-31T00:00:00",
      "quarter_label": "2024-12 (Q4)",
      "revenue": 12413000,
      "gross_profit": 11311000,
      "operating_income": 3542000,
      "net_income": 29206000,
      "opex": 8871000,
      "cogs": 1102000,
      "rd": null,
      "sga": null,
      "fcf": 7424000,
      "ocf": 7427000,
      "capex": -3000,
      "gross_margin": 0.9112221058567631,
      "op_margin": 0.28534600821719164,
      "fcf_margin": 0.598082655280754,
      "incr_op_margin_yoy": -0.3857791225416036,
      "rev_growth_yoy": -0.17559938898851032,
      "rev_growth_yoy_accel": -0.003743541967181574,
      "fcf_margin_change": 0.12257939891604114
    },
    {
      "date": "2025-03-31T00:00:00",
      "quarter_label": "2025-03 (Q1)",
      "revenue": 8835000,
      "gross_profit": 7898000,
      "operating_income": -31101000,
      "net_income": -64702000,
      "opex": 39936000,
      "cogs": 937000,
      "rd": null,
      "sga": null,
      "fcf": -1906000,
      "ocf": -1906000,
      "capex": null,
      "gross_margin": 0.8939445387662706,
      "op_margin": -3.5202037351443125,
      "fcf_margin": -0.21573288058856818,
      "incr_op_margin_yoy": 5.387238256932654,
      "rev_growth_yoy": -0.4444444444444444,
      "rev_growth_yoy_accel": -0.26884505545593407,
      "fcf_margin_change": -0.8138155358693222
    },
    {
      "date": "2025-06-30T00:00:00",
      "quarter_label": "2025-06 (Q2)",
      "revenue": 8217000,
      "gross_profit": 7478000,
      "operating_income": -2053000,
      "net_income": 66933000,
      "opex": 10270000,
      "cogs": 739000,
      "rd": null,
      "sga": null,
      "fcf": 514000,
      "ocf": 514000,
      "capex": null,
      "gross_margin": 0.9100645004259462,
      "op_margin": -0.24984787635390046,
      "fcf_margin": 0.06255324327613485,
      "incr_op_margin_yoy": 1.1848591549295775,
      "rev_growth_yoy": -0.43193916349809885,
      "rev_growth_yoy_accel": 0.012505280946345565,
      "fcf_margin_change": 0.278286123864703
    },
    {
      "date": "2025-09-30T00:00:00",
      "quarter_label": "2025-09 (Q3)",
      "revenue": 7491000,
      "gross_profit": 6855000,
      "operating_income": -5390000,
      "net_income": 16902000,
      "opex": 12881000,
      "cogs": 636000,
      "rd": null,
      "sga": null,
      "fcf": -32950000,
      "ocf": -32950000,
      "capex": null,
      "gross_margin": 0.9150981177412896,
      "op_margin": -0.7195301027900147,
      "fcf_margin": -4.3986116673341344,
      "incr_op_margin_yoy": 1.7364225211758844,
      "rev_growth_yoy": -0.4456039076376554,
      "rev_growth_yoy_accel": -0.01366474413955654,
      "fcf_margin_change": -4.461164910610269
    }
  ],
  "signals": [
    {
      "quarter": "2025-06 (Q2)",
      "signal": "FCF TURNED POSITIVE",
      "detail": "FCF margin: -21.6% -> +6.3%",
      "severity": "HIGH"
    },
    {
      "quarter": "2025-03 (Q1)",
      "signal": "YoY REVENUE GROWTH DECELERATION",
      "detail": "YoY growth: -44.4% vs prior quarter YoY: -17.6% (decel: -26.9%)",
      "severity": "WARNING"
    },
    {
      "quarter": "2024-12 (Q4)",
      "signal": "FCF MARGIN EXPANSION",
      "detail": "FCF margin: +47.6% -> +59.8% (+12.3%)",
      "severity": "MEDIUM"
    },
    {
      "quarter": "2024-09 (Q3)",
      "signal": "FCF MARGIN EXPANSION",
      "detail": "FCF margin: +33.8% -> +47.6% (+13.7%)",
      "severity": "MEDIUM"
    },
    {
      "quarter": "2024-09 (Q3)",
      "signal": "YoY REVENUE GROWTH ACCELERATION",
      "detail": "YoY growth: -17.2% vs prior quarter YoY: -22.3% (accel: +5.1%)",
      "severity": "MEDIUM"
    },
    {
      "quarter": "2024-06 (Q2)",
      "signal": "YoY REVENUE GROWTH DECELERATION",
      "detail": "YoY growth: -22.3% vs prior quarter YoY: -12.6% (decel: -9.6%)",
      "severity": "WARNING"
    },
    {
      "quarter": "2024-03 (Q1)",
      "signal": "FCF MARGIN EXPANSION",
      "detail": "FCF margin: +29.3% -> +35.3% (+6.1%)",
      "severity": "MEDIUM"
    },
    {
      "quarter": "2024-03 (Q1)",
      "signal": "GROSS MARGIN INFLECTION",
      "detail": "GM: +93.2% -> +77.5% -> +92.2% (reversal +14.6%)",
      "severity": "HIGH"
    },
    {
      "quarter": "2024-03 (Q1)",
      "signal": "YoY REVENUE GROWTH DECELERATION",
      "detail": "YoY growth: -12.6% vs prior quarter YoY: +9.1% (decel: -21.8%)",
      "severity": "WARNING"
    },
    {
      "quarter": "2023-12 (Q4)",
      "signal": "YoY REVENUE GROWTH DECELERATION",
      "detail": "YoY growth: +9.1% vs prior quarter YoY: +16.2% (decel: -7.0%)",
      "severity": "WARNING"
    },
    {
      "quarter": "2023-09 (Q3)",
      "signal": "YoY REVENUE GROWTH DECELERATION",
      "detail": "YoY growth: +16.2% vs prior quarter YoY: +25.5% (decel: -9.3%)",
      "severity": "WARNING"
    },
    {
      "quarter": "2023-09 (Q3)",
      "signal": "INCREMENTAL MARGIN (YoY)",
      "detail": "YoY Incr OPM: +80.7% vs year-ago OPM: +31.8%",
      "severity": "HIGH"
    },
    {
      "quarter": "2023-06 (Q2)",
      "signal": "FCF MARGIN EXPANSION",
      "detail": "FCF margin: +4.2% -> +59.3% (+55.1%)",
      "severity": "MEDIUM"
    },
    {
      "quarter": "2023-06 (Q2)",
      "signal": "INCREMENTAL MARGIN (YoY)",
      "detail": "YoY Incr OPM: +53.0% vs year-ago OPM: +34.9%",
      "severity": "MEDIUM"
    },
    {
      "quarter": "2023-03 (Q1)",
      "signal": "OPERATING LEVERAGE",
      "detail": "Rev growth +32.0% vs OpEx growth +17.4% (leverage: 1.8x)",
      "severity": "MEDIUM"
    },
    {
      "quarter": "2023-03 (Q1)",
      "signal": "YoY REVENUE GROWTH ACCELERATION",
      "detail": "YoY growth: +29.9% vs prior quarter YoY: +19.5% (accel: +10.4%)",
      "severity": "MEDIUM"
    },
    {
      "quarter": "2023-03 (Q1)",
      "signal": "INCREMENTAL MARGIN (YoY)",
      "detail": "YoY Incr OPM: +55.2% vs year-ago OPM: +28.1%",
      "severity": "HIGH"
    },
    {
      "quarter": "2022-12 (Q4)",
      "signal": "YoY REVENUE GROWTH ACCELERATION",
      "detail": "YoY growth: +19.5% vs prior quarter YoY: +0.4% (accel: +19.1%)",
      "severity": "HIGH"
    },
    {
      "quarter": "2022-12 (Q4)",
      "signal": "INCREMENTAL MARGIN (YoY)",
      "detail": "YoY Incr OPM: +84.6% vs year-ago OPM: +14.8%",
      "severity": "HIGH"
    },
    {
      "quarter": "2022-09 (Q3)",
      "signal": "FCF MARGIN EXPANSION",
      "detail": "FCF margin: +41.1% -> +56.2% (+15.1%)",
      "severity": "MEDIUM"
    },
    {
      "quarter": "2022-06 (Q2)",
      "signal": "FCF MARGIN EXPANSION",
      "detail": "FCF margin: +9.8% -> +41.1% (+31.3%)",
      "severity": "MEDIUM"
    },
    {
      "quarter": "2022-03 (Q1)",
      "signal": "OPERATING LEVERAGE",
      "detail": "Rev growth +21.4% vs OpEx growth +2.5% (leverage: 8.7x)",
      "severity": "MEDIUM"
    },
    {
      "quarter": "2022-03 (Q1)",
      "signal": "GROSS MARGIN INFLECTION",
      "detail": "GM: +90.1% -> +81.2% -> +93.1% (reversal +11.8%)",
      "severity": "HIGH"
    },
    {
      "quarter": "2022-03 (Q1)",
      "signal": "YoY REVENUE GROWTH ACCELERATION",
      "detail": "YoY growth: +6.3% vs prior quarter YoY: -4.4% (accel: +10.7%)",
      "severity": "MEDIUM"
    },
    {
      "quarter": "2021-09 (Q3)",
      "signal": "FCF MARGIN EXPANSION",
      "detail": "FCF margin: +14.3% -> +54.4% (+40.1%)",
      "severity": "MEDIUM"
    },
    {
      "quarter": "2021-06 (Q2)",
      "signal": "GROSS MARGIN INFLECTION",
      "detail": "GM: +91.8% -> +88.0% -> +93.0% (reversal +5.0%)",
      "severity": "HIGH"
    }
  ],
  "data_quality": {
    "n_quarters": 20,
    "coverage": {
      "revenue": [
        20,
        20
      ],
      "gross_profit": [
        20,
        20
      ],
      "op_income": [
        20,
        20
      ],
      "fcf": [
        20,
        20
      ]
    },
    "gaps": [],
    "warnings": []
  },
  "market_cap": null,
  "source": "SEC EDGAR",
  "last_updated": "2026-02-03T00:57:35.572479"
}