{
  "ticker": "SMP",
  "name": "Standard Motor Products, Inc.",
  "quarters": [
    {
      "date": "2020-12-31T00:00:00",
      "quarter_label": "2020-12 (Q4)",
      "revenue": 282738000,
      "gross_profit": 94154000,
      "operating_income": 30587000,
      "net_income": 9174000,
      "opex": 63567000,
      "cogs": 188584000,
      "rd": null,
      "sga": 60972000,
      "fcf": 14641000,
      "ocf": 19291000,
      "capex": -4650000,
      "gross_margin": 0.3330079437500442,
      "op_margin": 0.10818142591374347,
      "fcf_margin": 0.051782922705826594
    },
    {
      "date": "2021-03-31T00:00:00",
      "quarter_label": "2021-03 (Q1)",
      "revenue": 276553000,
      "gross_profit": 83784000,
      "operating_income": 29324000,
      "net_income": 21000000,
      "opex": 54460000,
      "cogs": 192769000,
      "rd": null,
      "sga": 54460000,
      "fcf": -16364000,
      "ocf": -11398000,
      "capex": -4966000,
      "gross_margin": 0.3029582033100346,
      "op_margin": 0.10603392478114503,
      "fcf_margin": -0.059171298087527524,
      "fcf_margin_change": -0.11095422079335412
    },
    {
      "date": "2021-06-30T00:00:00",
      "quarter_label": "2021-06 (Q2)",
      "revenue": 342076000,
      "gross_profit": 99272000,
      "operating_income": 36925000,
      "net_income": 27142000,
      "opex": 62347000,
      "cogs": 242804000,
      "rd": null,
      "sga": 62347000,
      "fcf": 27808000,
      "ocf": 34551000,
      "capex": -6743000,
      "gross_margin": 0.29020451595551866,
      "op_margin": 0.10794384873536875,
      "fcf_margin": 0.08129187665898806,
      "op_leverage_ratio": 1.6359920758271118,
      "fcf_margin_change": 0.1404631747465156
    },
    {
      "date": "2021-09-30T00:00:00",
      "quarter_label": "2021-09 (Q3)",
      "revenue": 370310000,
      "gross_profit": 105205000,
      "operating_income": 38538000,
      "net_income": 24050000,
      "opex": 66667000,
      "cogs": 265105000,
      "rd": null,
      "sga": 66509000,
      "fcf": 48288000,
      "ocf": 55985000,
      "capex": -7697000,
      "gross_margin": 0.2840998082687478,
      "op_margin": 0.10406956333882422,
      "fcf_margin": 0.13039885501336718,
      "op_leverage_ratio": 1.1911915921976186,
      "fcf_margin_change": 0.04910697835437912
    },
    {
      "date": "2021-12-31T00:00:00",
      "quarter_label": "2021-12 (Q4)",
      "revenue": 309877000,
      "gross_profit": 88670000,
      "operating_income": 24212000,
      "net_income": 18694000,
      "opex": 64458000,
      "cogs": 221207000,
      "rd": null,
      "sga": 64231000,
      "fcf": -43000,
      "ocf": 6426000,
      "capex": -6469000,
      "gross_margin": 0.2861457933309023,
      "op_margin": 0.07813422745153722,
      "fcf_margin": -0.0001387647356854494,
      "incr_op_margin_yoy": -0.2349018018349976,
      "rev_growth_yoy": 0.09598639022699461,
      "fcf_margin_change": -0.13053761974905262
    },
    {
      "date": "2022-03-31T00:00:00",
      "quarter_label": "2022-03 (Q1)",
      "revenue": 322831000,
      "gross_profit": 89840000,
      "operating_income": 26915000,
      "net_income": 19446000,
      "opex": 62925000,
      "cogs": 232991000,
      "rd": null,
      "sga": 62884000,
      "fcf": -110411000,
      "ocf": -103962000,
      "capex": -6449000,
      "gross_margin": 0.27828802066716024,
      "op_margin": 0.08337179514978425,
      "fcf_margin": -0.34200866707348426,
      "incr_op_margin_yoy": -0.05205497212498379,
      "rev_growth_yoy": 0.16733862948512582,
      "rev_growth_yoy_accel": 0.07135223925813121,
      "op_leverage_ratio": Infinity,
      "fcf_margin_change": -0.3418699023377988
    },
    {
      "date": "2022-06-30T00:00:00",
      "quarter_label": "2022-06 (Q2)",
      "revenue": 359412000,
      "gross_profit": 96351000,
      "operating_income": 27893000,
      "net_income": 19126000,
      "opex": 68458000,
      "cogs": 263061000,
      "rd": null,
      "sga": 68468000,
      "fcf": 1875000,
      "ocf": 8629000,
      "capex": -6754000,
      "gross_margin": 0.26807952989883477,
      "op_margin": 0.07760731416869776,
      "fcf_margin": 0.005216854195185469,
      "incr_op_margin_yoy": -0.5209967697277342,
      "rev_growth_yoy": 0.05067879652474889,
      "rev_growth_yoy_accel": -0.11665983296037694,
      "op_leverage_ratio": 1.2886734946053011,
      "fcf_margin_change": 0.34722552126866973
    },
    {
      "date": "2022-09-30T00:00:00",
      "quarter_label": "2022-09 (Q3)",
      "revenue": 381373000,
      "gross_profit": 106784000,
      "operating_income": 33615000,
      "net_income": 8846000,
      "opex": 73169000,
      "cogs": 274589000,
      "rd": null,
      "sga": 73199000,
      "fcf": 13562000,
      "ocf": 19858000,
      "capex": -6296000,
      "gross_margin": 0.2799988462738579,
      "op_margin": 0.0881420551533538,
      "fcf_margin": 0.03556098622608313,
      "incr_op_margin_yoy": -0.44499683630118414,
      "rev_growth_yoy": 0.029874969620048066,
      "rev_growth_yoy_accel": -0.020803826904700822,
      "op_leverage_ratio": 0.8879134641582549,
      "fcf_margin_change": 0.03034413203089766
    },
    {
      "date": "2022-12-31T00:00:00",
      "quarter_label": "2022-12 (Q4)",
      "revenue": 308199000,
      "gross_profit": 89564000,
      "operating_income": 15712000,
      "net_income": 7933000,
      "opex": 73852000,
      "cogs": 218635000,
      "rd": null,
      "sga": 72075000,
      "fcf": 41485000,
      "ocf": 47942000,
      "capex": -6457000,
      "gross_margin": 0.29060444712669414,
      "op_margin": 0.050980048604959784,
      "fcf_margin": 0.13460458989159602,
      "incr_op_margin_yoy": 5.065554231227652,
      "rev_growth_yoy": -0.005415051778608932,
      "rev_growth_yoy_accel": -0.035290021398657,
      "fcf_margin_change": 0.09904360366551289
    },
    {
      "date": "2023-03-31T00:00:00",
      "quarter_label": "2023-03 (Q1)",
      "revenue": 328028000,
      "gross_profit": 91267000,
      "operating_income": 20746000,
      "net_income": 11918000,
      "opex": 70521000,
      "cogs": 236761000,
      "rd": null,
      "sga": 69633000,
      "fcf": -24805000,
      "ocf": -20442000,
      "capex": -4363000,
      "gross_margin": 0.278229297498994,
      "op_margin": 0.06324460107064031,
      "fcf_margin": -0.07561854475837429,
      "incr_op_margin_yoy": -1.1870309794111988,
      "rev_growth_yoy": 0.01609820618218201,
      "rev_growth_yoy_accel": 0.02151325796079094,
      "op_leverage_ratio": Infinity,
      "fcf_margin_change": -0.2102231346499703
    },
    {
      "date": "2023-06-30T00:00:00",
      "quarter_label": "2023-06 (Q2)",
      "revenue": 353075000,
      "gross_profit": 101269000,
      "operating_income": 27178000,
      "net_income": 9137000,
      "opex": 74091000,
      "cogs": 251806000,
      "rd": null,
      "sga": 73843000,
      "fcf": 54668000,
      "ocf": 59812000,
      "capex": -5144000,
      "gross_margin": 0.2868200807193939,
      "op_margin": 0.0769751469234582,
      "fcf_margin": 0.15483395879062523,
      "incr_op_margin_yoy": 0.11282941454947136,
      "rev_growth_yoy": -0.01763157601860817,
      "rev_growth_yoy_accel": -0.033729782200790176,
      "op_leverage_ratio": 1.5083254037649787,
      "fcf_margin_change": 0.23045250354899952
    },
    {
      "date": "2023-09-30T00:00:00",
      "quarter_label": "2023-09 (Q3)",
      "revenue": 386413000,
      "gross_profit": 114760000,
      "operating_income": 34806000,
      "net_income": 6659000,
      "opex": 79954000,
      "cogs": 271653000,
      "rd": null,
      "sga": 79781000,
      "fcf": 85053000,
      "ocf": 93523000,
      "capex": -8470000,
      "gross_margin": 0.2969879377764206,
      "op_margin": 0.09007460929109527,
      "fcf_margin": 0.2201090543020033,
      "incr_op_margin_yoy": 0.2363095238095238,
      "rev_growth_yoy": 0.01321540853704903,
      "rev_growth_yoy_accel": 0.0308469845556572,
      "op_leverage_ratio": 1.1932134407110533,
      "fcf_margin_change": 0.06527509551137808
    },
    {
      "date": "2023-12-31T00:00:00",
      "quarter_label": "2023-12 (Q4)",
      "revenue": 290756000,
      "gross_profit": 81530000,
      "operating_income": 9947000,
      "net_income": 6434000,
      "opex": 71583000,
      "cogs": 209226000,
      "rd": null,
      "sga": 70326000,
      "fcf": 711000,
      "ocf": 11367000,
      "capex": -10656000,
      "gross_margin": 0.2804069391517286,
      "op_margin": 0.03421081594188942,
      "fcf_margin": 0.0024453493651033858,
      "incr_op_margin_yoy": 0.33050507366852033,
      "rev_growth_yoy": -0.05659654963189368,
      "rev_growth_yoy_accel": -0.06981195816894271,
      "fcf_margin_change": -0.21766370493689993
    },
    {
      "date": "2024-03-31T00:00:00",
      "quarter_label": "2024-03 (Q1)",
      "revenue": 331403000,
      "gross_profit": 89522000,
      "operating_income": 14619000,
      "net_income": 8824000,
      "opex": 74903000,
      "cogs": 241881000,
      "rd": null,
      "sga": 74733000,
      "fcf": -55802000,
      "ocf": -45716000,
      "capex": -10086000,
      "gross_margin": 0.27013032471039794,
      "op_margin": 0.04411245522822666,
      "fcf_margin": -0.1683810949206857,
      "incr_op_margin_yoy": -1.8154074074074074,
      "rev_growth_yoy": 0.010288755837916275,
      "rev_growth_yoy_accel": 0.06688530546980995,
      "op_leverage_ratio": 3.0141969337681727,
      "fcf_margin_change": -0.17082644428578908
    },
    {
      "date": "2024-06-30T00:00:00",
      "quarter_label": "2024-06 (Q2)",
      "revenue": 389829000,
      "gross_profit": 111447000,
      "operating_income": 24986000,
      "net_income": 17063000,
      "opex": 86461000,
      "cogs": 278382000,
      "rd": null,
      "sga": 83885000,
      "fcf": 22722000,
      "ocf": 35577000,
      "capex": -12855000,
      "gross_margin": 0.2858868888666569,
      "op_margin": 0.06409476975802211,
      "fcf_margin": 0.05828709511093325,
      "incr_op_margin_yoy": -0.05963976710017957,
      "rev_growth_yoy": 0.10409686327267578,
      "rev_growth_yoy_accel": 0.09380810743475951,
      "op_leverage_ratio": 1.1425263923140108,
      "fcf_margin_change": 0.22666819003161895
    },
    {
      "date": "2024-09-30T00:00:00",
      "quarter_label": "2024-09 (Q3)",
      "revenue": 399265000,
      "gross_profit": 121366000,
      "operating_income": 37139000,
      "net_income": 3810000,
      "opex": 84227000,
      "cogs": 277899000,
      "rd": null,
      "sga": 81204000,
      "fcf": 77144000,
      "ocf": 88339000,
      "capex": -11195000,
      "gross_margin": 0.30397355140069876,
      "op_margin": 0.0930184213492292,
      "fcf_margin": 0.19321503262244374,
      "incr_op_margin_yoy": 0.18152816682228448,
      "rev_growth_yoy": 0.033259750577749714,
      "rev_growth_yoy_accel": -0.07083711269492607,
      "op_leverage_ratio": Infinity,
      "fcf_margin_change": 0.1349279375115105
    },
    {
      "date": "2024-12-31T00:00:00",
      "quarter_label": "2024-12 (Q4)",
      "revenue": 343352000,
      "gross_profit": 100986000,
      "operating_income": 3880000,
      "net_income": -2197000,
      "opex": 97106000,
      "cogs": 242366000,
      "rd": null,
      "sga": 95282000,
      "fcf": -11389000,
      "ocf": -1507000,
      "capex": -9882000,
      "gross_margin": 0.2941179897015308,
      "op_margin": 0.011300356485472635,
      "fcf_margin": -0.03317004124047625,
      "incr_op_margin_yoy": -0.11535097726062818,
      "rev_growth_yoy": 0.18089394543878717,
      "rev_growth_yoy_accel": 0.14763419486103746,
      "fcf_margin_change": -0.22638507386292
    },
    {
      "date": "2025-03-31T00:00:00",
      "quarter_label": "2025-03 (Q1)",
      "revenue": 413379000,
      "gross_profit": 124722000,
      "operating_income": 24462000,
      "net_income": 12566000,
      "opex": 100260000,
      "cogs": 288657000,
      "rd": null,
      "sga": 99845000,
      "fcf": -69352000,
      "ocf": -60220000,
      "capex": -9132000,
      "gross_margin": 0.3017134397248046,
      "op_margin": 0.05917572010189197,
      "fcf_margin": -0.1677685610541416,
      "incr_op_margin_yoy": 0.12007172831072509,
      "rev_growth_yoy": 0.24736046444962778,
      "rev_growth_yoy_accel": 0.06646651901084061,
      "op_leverage_ratio": 6.279286747375049,
      "fcf_margin_change": -0.13459851981366533
    },
    {
      "date": "2025-06-30T00:00:00",
      "quarter_label": "2025-06 (Q2)",
      "revenue": 493853000,
      "gross_profit": 150889000,
      "operating_income": 42836000,
      "net_income": 25242000,
      "opex": 108053000,
      "cogs": 342964000,
      "rd": null,
      "sga": 107520000,
      "fcf": 44154000,
      "ocf": 54317000,
      "capex": -10163000,
      "gross_margin": 0.30553423792100076,
      "op_margin": 0.08673836141523895,
      "fcf_margin": 0.08940717176973714,
      "incr_op_margin_yoy": 0.17159501653464584,
      "rev_growth_yoy": 0.26684520648797294,
      "rev_growth_yoy_accel": 0.01948474203834516,
      "op_leverage_ratio": 2.504552861405655,
      "fcf_margin_change": 0.25717573282387873
    },
    {
      "date": "2025-09-30T00:00:00",
      "quarter_label": "2025-09 (Q3)",
      "revenue": 498836000,
      "gross_profit": 161794000,
      "operating_income": 47636000,
      "net_income": -4335000,
      "opex": 114158000,
      "cogs": 337042000,
      "rd": null,
      "sga": 113388000,
      "fcf": 81545000,
      "ocf": 91584000,
      "capex": -10039000,
      "gross_margin": 0.3243430706685163,
      "op_margin": 0.09549431075543865,
      "fcf_margin": 0.16347055946242853,
      "incr_op_margin_yoy": 0.1054222615018429,
      "rev_growth_yoy": 0.2493857463088425,
      "rev_growth_yoy_accel": -0.017459460179130443,
      "op_leverage_ratio": 0.17858474244524342,
      "fcf_margin_change": 0.07406338769269138
    }
  ],
  "signals": [
    {
      "quarter": "2025-09 (Q3)",
      "signal": "FCF MARGIN EXPANSION",
      "detail": "FCF margin: +8.9% -> +16.3% (+7.4%)",
      "severity": "MEDIUM"
    },
    {
      "quarter": "2025-06 (Q2)",
      "signal": "FCF TURNED POSITIVE",
      "detail": "FCF margin: -16.8% -> +8.9%",
      "severity": "HIGH"
    },
    {
      "quarter": "2025-06 (Q2)",
      "signal": "OPERATING LEVERAGE",
      "detail": "Rev growth +19.5% vs OpEx growth +7.8% (leverage: 2.5x)",
      "severity": "MEDIUM"
    },
    {
      "quarter": "2025-06 (Q2)",
      "signal": "INCREMENTAL MARGIN (YoY)",
      "detail": "YoY Incr OPM: +17.2% vs year-ago OPM: +6.4%",
      "severity": "MEDIUM"
    },
    {
      "quarter": "2025-03 (Q1)",
      "signal": "OPERATING LEVERAGE",
      "detail": "Rev growth +20.4% vs OpEx growth +3.2% (leverage: 6.3x)",
      "severity": "MEDIUM"
    },
    {
      "quarter": "2025-03 (Q1)",
      "signal": "YoY REVENUE GROWTH ACCELERATION",
      "detail": "YoY growth: +24.7% vs prior quarter YoY: +18.1% (accel: +6.6%)",
      "severity": "MEDIUM"
    },
    {
      "quarter": "2024-12 (Q4)",
      "signal": "YoY REVENUE GROWTH ACCELERATION",
      "detail": "YoY growth: +18.1% vs prior quarter YoY: +3.3% (accel: +14.8%)",
      "severity": "MEDIUM"
    },
    {
      "quarter": "2024-09 (Q3)",
      "signal": "FCF MARGIN EXPANSION",
      "detail": "FCF margin: +5.8% -> +19.3% (+13.5%)",
      "severity": "MEDIUM"
    },
    {
      "quarter": "2024-09 (Q3)",
      "signal": "YoY REVENUE GROWTH DECELERATION",
      "detail": "YoY growth: +3.3% vs prior quarter YoY: +10.4% (decel: -7.1%)",
      "severity": "WARNING"
    },
    {
      "quarter": "2024-06 (Q2)",
      "signal": "FCF TURNED POSITIVE",
      "detail": "FCF margin: -16.8% -> +5.8%",
      "severity": "HIGH"
    },
    {
      "quarter": "2024-06 (Q2)",
      "signal": "YoY REVENUE GROWTH ACCELERATION",
      "detail": "YoY growth: +10.4% vs prior quarter YoY: +1.0% (accel: +9.4%)",
      "severity": "MEDIUM"
    },
    {
      "quarter": "2024-03 (Q1)",
      "signal": "OPERATING LEVERAGE",
      "detail": "Rev growth +14.0% vs OpEx growth +4.6% (leverage: 3.0x)",
      "severity": "MEDIUM"
    },
    {
      "quarter": "2024-03 (Q1)",
      "signal": "YoY REVENUE GROWTH ACCELERATION",
      "detail": "YoY growth: +1.0% vs prior quarter YoY: -5.7% (accel: +6.7%)",
      "severity": "MEDIUM"
    },
    {
      "quarter": "2023-12 (Q4)",
      "signal": "YoY REVENUE GROWTH DECELERATION",
      "detail": "YoY growth: -5.7% vs prior quarter YoY: +1.3% (decel: -7.0%)",
      "severity": "WARNING"
    },
    {
      "quarter": "2023-12 (Q4)",
      "signal": "INCREMENTAL MARGIN (YoY)",
      "detail": "YoY Incr OPM: +33.1% vs year-ago OPM: +5.1%",
      "severity": "HIGH"
    },
    {
      "quarter": "2023-09 (Q3)",
      "signal": "FCF MARGIN EXPANSION",
      "detail": "FCF margin: +15.5% -> +22.0% (+6.5%)",
      "severity": "MEDIUM"
    },
    {
      "quarter": "2023-09 (Q3)",
      "signal": "INCREMENTAL MARGIN (YoY)",
      "detail": "YoY Incr OPM: +23.6% vs year-ago OPM: +8.8%",
      "severity": "MEDIUM"
    },
    {
      "quarter": "2023-06 (Q2)",
      "signal": "FCF TURNED POSITIVE",
      "detail": "FCF margin: -7.6% -> +15.5%",
      "severity": "HIGH"
    },
    {
      "quarter": "2023-06 (Q2)",
      "signal": "OPERATING LEVERAGE",
      "detail": "Rev growth +7.6% vs OpEx growth +5.1% (leverage: 1.5x)",
      "severity": "MEDIUM"
    },
    {
      "quarter": "2022-12 (Q4)",
      "signal": "FCF MARGIN EXPANSION",
      "detail": "FCF margin: +3.6% -> +13.5% (+9.9%)",
      "severity": "MEDIUM"
    },
    {
      "quarter": "2022-12 (Q4)",
      "signal": "INCREMENTAL MARGIN (YoY)",
      "detail": "YoY Incr OPM: +506.6% vs year-ago OPM: +7.8%",
      "severity": "HIGH"
    },
    {
      "quarter": "2022-06 (Q2)",
      "signal": "FCF TURNED POSITIVE",
      "detail": "FCF margin: -34.2% -> +0.5%",
      "severity": "HIGH"
    },
    {
      "quarter": "2022-06 (Q2)",
      "signal": "YoY REVENUE GROWTH DECELERATION",
      "detail": "YoY growth: +5.1% vs prior quarter YoY: +16.7% (decel: -11.7%)",
      "severity": "WARNING"
    },
    {
      "quarter": "2022-03 (Q1)",
      "signal": "YoY REVENUE GROWTH ACCELERATION",
      "detail": "YoY growth: +16.7% vs prior quarter YoY: +9.6% (accel: +7.1%)",
      "severity": "MEDIUM"
    },
    {
      "quarter": "2021-06 (Q2)",
      "signal": "FCF TURNED POSITIVE",
      "detail": "FCF margin: -5.9% -> +8.1%",
      "severity": "HIGH"
    },
    {
      "quarter": "2021-06 (Q2)",
      "signal": "OPERATING LEVERAGE",
      "detail": "Rev growth +23.7% vs OpEx growth +14.5% (leverage: 1.6x)",
      "severity": "MEDIUM"
    }
  ],
  "data_quality": {
    "n_quarters": 20,
    "coverage": {
      "revenue": [
        20,
        20
      ],
      "gross_profit": [
        20,
        20
      ],
      "op_income": [
        20,
        20
      ],
      "fcf": [
        20,
        20
      ]
    },
    "gaps": [],
    "warnings": []
  },
  "market_cap": null,
  "source": "SEC EDGAR",
  "last_updated": "2026-02-02T22:05:45.141861"
}