{
  "ticker": "SMPL",
  "name": "Simply Good Foods Co",
  "quarters": [
    {
      "date": "2021-02-27T00:00:00",
      "quarter_label": "2021-02 (Q1)",
      "revenue": 230607000,
      "gross_profit": 90265000,
      "operating_income": 33341000,
      "net_income": 19120000,
      "opex": 56924000,
      "cogs": 140342000,
      "rd": null,
      "sga": null,
      "fcf": 24211000,
      "ocf": 24567000,
      "capex": -356000,
      "gross_margin": 0.3914235040566852,
      "op_margin": 0.14457930591872753,
      "fcf_margin": 0.10498813999575035
    },
    {
      "date": "2021-05-29T00:00:00",
      "quarter_label": "2021-05 (Q2)",
      "revenue": 284001000,
      "gross_profit": 121003000,
      "operating_income": 60322000,
      "net_income": 5895000,
      "opex": 60681000,
      "cogs": 162998000,
      "rd": null,
      "sga": null,
      "fcf": 48941000,
      "ocf": 51724000,
      "capex": -2783000,
      "gross_margin": 0.4260654011781649,
      "op_margin": 0.21240066056105436,
      "fcf_margin": 0.17232685800402112,
      "op_leverage_ratio": 3.5081179439388106,
      "fcf_margin_change": 0.06733871800827076
    },
    {
      "date": "2021-08-28T00:00:00",
      "quarter_label": "2021-08 (Q3)",
      "revenue": 259853000,
      "gross_profit": 104457000,
      "operating_income": 40825000,
      "net_income": 18246000,
      "opex": 63632000,
      "cogs": 155396000,
      "rd": null,
      "sga": null,
      "fcf": 37922000,
      "ocf": 40601000,
      "capex": -2679000,
      "gross_margin": 0.40198496842445536,
      "op_margin": 0.15710805724775162,
      "fcf_margin": 0.14593635632453733,
      "fcf_margin_change": -0.026390501679483785
    },
    {
      "date": "2021-11-27T00:00:00",
      "quarter_label": "2021-11 (Q4)",
      "revenue": 281265000,
      "gross_profit": 116555000,
      "operating_income": 58006000,
      "net_income": 21152000,
      "opex": 58549000,
      "cogs": 164710000,
      "rd": null,
      "sga": null,
      "fcf": -10020000,
      "ocf": -7329000,
      "capex": -2691000,
      "gross_margin": 0.41439567667502175,
      "op_margin": 0.2062325564858763,
      "fcf_margin": -0.03562476667911045,
      "op_leverage_ratio": Infinity,
      "fcf_margin_change": -0.1815611230036478
    },
    {
      "date": "2022-02-26T00:00:00",
      "quarter_label": "2022-02 (Q1)",
      "revenue": 296718000,
      "gross_profit": 108523000,
      "operating_income": 45951000,
      "net_income": 18461000,
      "opex": 62572000,
      "cogs": 188195000,
      "rd": null,
      "sga": null,
      "fcf": 36004000,
      "ocf": 37652000,
      "capex": -1648000,
      "gross_margin": 0.36574457902789853,
      "op_margin": 0.15486421450670335,
      "fcf_margin": 0.12134080170397482,
      "incr_op_margin_yoy": 0.19073981636943926,
      "rev_growth_yoy": 0.2866825378240903,
      "op_leverage_ratio": 0.7995885399659122,
      "fcf_margin_change": 0.15696556838308529
    },
    {
      "date": "2022-05-28T00:00:00",
      "quarter_label": "2022-05 (Q2)",
      "revenue": 316531000,
      "gross_profit": 118648000,
      "operating_income": 55276000,
      "net_income": 38834000,
      "opex": 63372000,
      "cogs": 197883000,
      "rd": null,
      "sga": null,
      "fcf": 36683000,
      "ocf": 37040000,
      "capex": -357000,
      "gross_margin": 0.37483848343448195,
      "op_margin": 0.1746306049012577,
      "fcf_margin": 0.11589070264839779,
      "incr_op_margin_yoy": -0.15511835229019366,
      "rev_growth_yoy": 0.1145418502047528,
      "rev_growth_yoy_accel": -0.1721406876193375,
      "op_leverage_ratio": 5.222715827823051,
      "fcf_margin_change": -0.005450099055577029
    },
    {
      "date": "2022-08-27T00:00:00",
      "quarter_label": "2022-08 (Q3)",
      "revenue": 274164000,
      "gross_profit": 101835000,
      "operating_income": 43526000,
      "net_income": 30127000,
      "opex": 58309000,
      "cogs": 172329000,
      "rd": null,
      "sga": null,
      "fcf": 42740000,
      "ocf": 43276000,
      "capex": -536000,
      "gross_margin": 0.371438263229308,
      "op_margin": 0.1587589909689091,
      "fcf_margin": 0.155892093783283,
      "incr_op_margin_yoy": 0.18873593739081826,
      "rev_growth_yoy": 0.0550734453710367,
      "rev_growth_yoy_accel": -0.0594684048337161,
      "fcf_margin_change": 0.04000139113488521
    },
    {
      "date": "2022-11-26T00:00:00",
      "quarter_label": "2022-11 (Q4)",
      "revenue": 300878000,
      "gross_profit": 110992000,
      "operating_income": 52490000,
      "net_income": 35860000,
      "opex": 58502000,
      "cogs": 189886000,
      "rd": null,
      "sga": null,
      "fcf": 7567000,
      "ocf": 8718000,
      "capex": -1151000,
      "gross_margin": 0.3688937044250494,
      "op_margin": 0.1744560918378878,
      "fcf_margin": 0.025149728461369723,
      "incr_op_margin_yoy": -0.2812420333452302,
      "rev_growth_yoy": 0.06973139210353226,
      "rev_growth_yoy_accel": 0.014657946732495555,
      "op_leverage_ratio": 29.437896783234695,
      "fcf_margin_change": -0.13074236532191327
    },
    {
      "date": "2023-02-25T00:00:00",
      "quarter_label": "2023-02 (Q1)",
      "revenue": 296584000,
      "gross_profit": 102732000,
      "operating_income": 42505000,
      "net_income": 25642000,
      "opex": 60227000,
      "cogs": 193852000,
      "rd": null,
      "sga": null,
      "fcf": 44041000,
      "ocf": 44628000,
      "capex": -587000,
      "gross_margin": 0.3463841609796887,
      "op_margin": 0.1433152159253365,
      "fcf_margin": 0.1484941871442829,
      "rev_growth_yoy": -0.0004516072499814639,
      "rev_growth_yoy_accel": -0.07018299935351371,
      "fcf_margin_change": 0.12334445868291316
    },
    {
      "date": "2023-05-27T00:00:00",
      "quarter_label": "2023-05 (Q2)",
      "revenue": 324792000,
      "gross_profit": 119246000,
      "operating_income": 54205000,
      "net_income": 35431000,
      "opex": 65041000,
      "cogs": 205546000,
      "rd": null,
      "sga": null,
      "fcf": 48696000,
      "ocf": 57066000,
      "capex": -8370000,
      "gross_margin": 0.36714574250597304,
      "op_margin": 0.16689142589718958,
      "fcf_margin": 0.1499298012266312,
      "incr_op_margin_yoy": -0.12964532138966225,
      "rev_growth_yoy": 0.026098549589139767,
      "rev_growth_yoy_accel": 0.02655015683912123,
      "op_leverage_ratio": 1.1898979647056849,
      "fcf_margin_change": 0.0014356140823482966
    },
    {
      "date": "2023-08-26T00:00:00",
      "quarter_label": "2023-08 (Q3)",
      "revenue": 320418000,
      "gross_profit": 120450000,
      "operating_income": 55749000,
      "net_income": 36642000,
      "opex": 64701000,
      "cogs": 199968000,
      "rd": null,
      "sga": null,
      "fcf": 59228000,
      "ocf": 60705000,
      "capex": -1477000,
      "gross_margin": 0.37591521075595,
      "op_margin": 0.173988352714267,
      "fcf_margin": 0.18484604485390957,
      "incr_op_margin_yoy": 0.2642582263155619,
      "rev_growth_yoy": 0.16870923972512802,
      "rev_growth_yoy_accel": 0.14261069013598826,
      "fcf_margin_change": 0.03491624362727838
    },
    {
      "date": "2023-11-25T00:00:00",
      "quarter_label": "2023-11 (Q4)",
      "revenue": 308678000,
      "gross_profit": 115118000,
      "operating_income": 51820000,
      "net_income": 35561000,
      "opex": 63298000,
      "cogs": 193560000,
      "rd": null,
      "sga": null,
      "fcf": 46779000,
      "ocf": 47523000,
      "capex": -744000,
      "gross_margin": 0.37293879058436297,
      "op_margin": 0.1678772053725889,
      "fcf_margin": 0.15154627151918829,
      "incr_op_margin_yoy": -0.0858974358974359,
      "rev_growth_yoy": 0.025924128716622686,
      "rev_growth_yoy_accel": -0.14278511100850533,
      "fcf_margin_change": -0.03329977333472128
    },
    {
      "date": "2024-02-24T00:00:00",
      "quarter_label": "2024-02 (Q1)",
      "revenue": 312199000,
      "gross_profit": 116870000,
      "operating_income": 48083000,
      "net_income": 33123000,
      "opex": 68787000,
      "cogs": 195329000,
      "rd": null,
      "sga": null,
      "fcf": 46125000,
      "ocf": 46468000,
      "capex": -343000,
      "gross_margin": 0.3743445686885608,
      "op_margin": 0.15401394623301165,
      "fcf_margin": 0.14774230538855024,
      "incr_op_margin_yoy": 0.3572206211975664,
      "rev_growth_yoy": 0.05264950233323443,
      "rev_growth_yoy_accel": 0.02672537361661174,
      "op_leverage_ratio": 0.1315397780161517,
      "fcf_margin_change": -0.003803966130638048
    },
    {
      "date": "2024-05-25T00:00:00",
      "quarter_label": "2024-05 (Q2)",
      "revenue": 334757000,
      "gross_profit": 133626000,
      "operating_income": 58774000,
      "net_income": 41334000,
      "opex": 74852000,
      "cogs": 201131000,
      "rd": null,
      "sga": null,
      "fcf": 72013000,
      "ocf": 72764000,
      "capex": -751000,
      "gross_margin": 0.39917313155512807,
      "op_margin": 0.17557213142667666,
      "fcf_margin": 0.215120221533829,
      "incr_op_margin_yoy": 0.45850476668339185,
      "rev_growth_yoy": 0.030681174413162884,
      "rev_growth_yoy_accel": -0.021968327920071543,
      "op_leverage_ratio": 0.8194918683185951,
      "fcf_margin_change": 0.06737791614527877
    },
    {
      "date": "2024-08-31T00:00:00",
      "quarter_label": "2024-08 (Q3)",
      "revenue": 375687000,
      "gross_profit": 145952000,
      "operating_income": 47820000,
      "net_income": 29291000,
      "opex": 98132000,
      "cogs": 229735000,
      "rd": null,
      "sga": null,
      "fcf": 45044000,
      "ocf": 48949000,
      "capex": -3905000,
      "gross_margin": 0.38849361303425456,
      "op_margin": 0.1272868105630485,
      "fcf_margin": 0.11989768078214046,
      "incr_op_margin_yoy": -0.14346197687673018,
      "rev_growth_yoy": 0.1724903095331723,
      "rev_growth_yoy_accel": 0.14180913512000942,
      "op_leverage_ratio": 0.39312667247669736,
      "fcf_margin_change": -0.09522254075168855
    },
    {
      "date": "2024-11-30T00:00:00",
      "quarter_label": "2024-11 (Q4)",
      "revenue": 341268000,
      "gross_profit": 130486000,
      "operating_income": 54625000,
      "net_income": 38122000,
      "opex": 75861000,
      "cogs": 210782000,
      "rd": null,
      "sga": null,
      "fcf": 31714000,
      "ocf": 32021000,
      "capex": -307000,
      "gross_margin": 0.3823563885274916,
      "op_margin": 0.1600648170938969,
      "fcf_margin": 0.09292989673804752,
      "incr_op_margin_yoy": 0.08606934642528383,
      "rev_growth_yoy": 0.10557927678681345,
      "rev_growth_yoy_accel": -0.06691103274635885,
      "fcf_margin_change": -0.026967784044092932
    },
    {
      "date": "2025-03-01T00:00:00",
      "quarter_label": "2025-03 (Q1)",
      "revenue": 359655000,
      "gross_profit": 130137000,
      "operating_income": 54721000,
      "net_income": 36747000,
      "opex": 75416000,
      "cogs": 229518000,
      "rd": null,
      "sga": null,
      "fcf": 30751000,
      "ocf": 31246000,
      "capex": -495000,
      "gross_margin": 0.3618384284939734,
      "op_margin": 0.15214858684016627,
      "fcf_margin": 0.08550138327007827,
      "incr_op_margin_yoy": 0.13987693863789616,
      "rev_growth_yoy": 0.15200561180529085,
      "rev_growth_yoy_accel": 0.0464263350184774,
      "op_leverage_ratio": Infinity,
      "fcf_margin_change": -0.007428513467969258
    },
    {
      "date": "2025-05-31T00:00:00",
      "quarter_label": "2025-05 (Q2)",
      "revenue": 380956000,
      "gross_profit": 138519000,
      "operating_income": 59320000,
      "net_income": 41102000,
      "opex": 79199000,
      "cogs": 242437000,
      "rd": null,
      "sga": null,
      "fcf": 68106000,
      "ocf": 69820000,
      "capex": -1714000,
      "gross_margin": 0.3636089207152532,
      "op_margin": 0.15571352072155314,
      "fcf_margin": 0.17877655162275957,
      "incr_op_margin_yoy": 0.011818437628520098,
      "rev_growth_yoy": 0.13800756966993968,
      "rev_growth_yoy_accel": -0.013998042135351163,
      "op_leverage_ratio": 1.1807040224868477,
      "fcf_margin_change": 0.0932751683526813
    },
    {
      "date": "2025-08-30T00:00:00",
      "quarter_label": "2025-08 (Q3)",
      "revenue": 369041000,
      "gross_profit": 126605000,
      "operating_income": -11779000,
      "net_income": -12357000,
      "opex": 138384000,
      "cogs": 242436000,
      "rd": null,
      "sga": null,
      "fcf": 27344000,
      "ocf": 45370000,
      "capex": -18026000,
      "gross_margin": 0.3430648627117312,
      "op_margin": -0.03191786278489382,
      "fcf_margin": 0.07409474828000141,
      "incr_op_margin_yoy": 8.967649714113753,
      "rev_growth_yoy": -0.01769025811380218,
      "rev_growth_yoy_accel": -0.15569782778374186,
      "fcf_margin_change": -0.10468180334275816
    },
    {
      "date": "2025-11-29T00:00:00",
      "quarter_label": "2025-11 (Q4)",
      "revenue": 340198000,
      "gross_profit": 109900000,
      "operating_income": 37584000,
      "net_income": 25269000,
      "opex": 72316000,
      "cogs": 230298000,
      "rd": null,
      "sga": null,
      "fcf": 47998000,
      "ocf": 50094000,
      "capex": -2096000,
      "gross_margin": 0.3230471666500097,
      "op_margin": 0.11047683995790687,
      "fcf_margin": 0.14108842497604338,
      "incr_op_margin_yoy": 15.926168224299065,
      "rev_growth_yoy": -0.0031353657536012753,
      "rev_growth_yoy_accel": 0.014554892360200904,
      "fcf_margin_change": 0.06699367669604196
    }
  ],
  "signals": [
    {
      "quarter": "2025-11 (Q4)",
      "signal": "FCF MARGIN EXPANSION",
      "detail": "FCF margin: +7.4% -> +14.1% (+6.7%)",
      "severity": "MEDIUM"
    },
    {
      "quarter": "2025-11 (Q4)",
      "signal": "INCREMENTAL MARGIN (YoY)",
      "detail": "YoY Incr OPM: +1592.6% vs year-ago OPM: +16.0%",
      "severity": "HIGH"
    },
    {
      "quarter": "2025-11 (Q4)",
      "signal": "OP MARGIN TURNED POSITIVE (QoQ)",
      "detail": "Op margin: -3.2% -> +11.0%",
      "severity": "HIGH"
    },
    {
      "quarter": "2025-08 (Q3)",
      "signal": "YoY REVENUE GROWTH DECELERATION",
      "detail": "YoY growth: -1.8% vs prior quarter YoY: +13.8% (decel: -15.6%)",
      "severity": "WARNING"
    },
    {
      "quarter": "2025-05 (Q2)",
      "signal": "FCF MARGIN EXPANSION",
      "detail": "FCF margin: +8.6% -> +17.9% (+9.3%)",
      "severity": "MEDIUM"
    },
    {
      "quarter": "2024-11 (Q4)",
      "signal": "YoY REVENUE GROWTH DECELERATION",
      "detail": "YoY growth: +10.6% vs prior quarter YoY: +17.2% (decel: -6.7%)",
      "severity": "WARNING"
    },
    {
      "quarter": "2024-08 (Q3)",
      "signal": "YoY REVENUE GROWTH ACCELERATION",
      "detail": "YoY growth: +17.2% vs prior quarter YoY: +3.1% (accel: +14.2%)",
      "severity": "MEDIUM"
    },
    {
      "quarter": "2024-05 (Q2)",
      "signal": "FCF MARGIN EXPANSION",
      "detail": "FCF margin: +14.8% -> +21.5% (+6.7%)",
      "severity": "MEDIUM"
    },
    {
      "quarter": "2024-05 (Q2)",
      "signal": "INCREMENTAL MARGIN (YoY)",
      "detail": "YoY Incr OPM: +45.9% vs year-ago OPM: +16.7%",
      "severity": "HIGH"
    },
    {
      "quarter": "2024-02 (Q1)",
      "signal": "INCREMENTAL MARGIN (YoY)",
      "detail": "YoY Incr OPM: +35.7% vs year-ago OPM: +14.3%",
      "severity": "HIGH"
    },
    {
      "quarter": "2023-11 (Q4)",
      "signal": "YoY REVENUE GROWTH DECELERATION",
      "detail": "YoY growth: +2.6% vs prior quarter YoY: +16.9% (decel: -14.3%)",
      "severity": "WARNING"
    },
    {
      "quarter": "2023-08 (Q3)",
      "signal": "YoY REVENUE GROWTH ACCELERATION",
      "detail": "YoY growth: +16.9% vs prior quarter YoY: +2.6% (accel: +14.3%)",
      "severity": "MEDIUM"
    },
    {
      "quarter": "2023-08 (Q3)",
      "signal": "INCREMENTAL MARGIN (YoY)",
      "detail": "YoY Incr OPM: +26.4% vs year-ago OPM: +15.9%",
      "severity": "MEDIUM"
    },
    {
      "quarter": "2023-05 (Q2)",
      "signal": "GROSS MARGIN INFLECTION",
      "detail": "GM: +36.9% -> +34.6% -> +36.7% (reversal +2.1%)",
      "severity": "MEDIUM"
    },
    {
      "quarter": "2023-02 (Q1)",
      "signal": "FCF MARGIN EXPANSION",
      "detail": "FCF margin: +2.5% -> +14.8% (+12.3%)",
      "severity": "MEDIUM"
    },
    {
      "quarter": "2023-02 (Q1)",
      "signal": "YoY REVENUE GROWTH DECELERATION",
      "detail": "YoY growth: -0.0% vs prior quarter YoY: +7.0% (decel: -7.0%)",
      "severity": "WARNING"
    },
    {
      "quarter": "2022-11 (Q4)",
      "signal": "OPERATING LEVERAGE",
      "detail": "Rev growth +9.7% vs OpEx growth +0.3% (leverage: 29.4x)",
      "severity": "MEDIUM"
    },
    {
      "quarter": "2022-08 (Q3)",
      "signal": "YoY REVENUE GROWTH DECELERATION",
      "detail": "YoY growth: +5.5% vs prior quarter YoY: +11.5% (decel: -5.9%)",
      "severity": "WARNING"
    },
    {
      "quarter": "2022-05 (Q2)",
      "signal": "OPERATING LEVERAGE",
      "detail": "Rev growth +6.7% vs OpEx growth +1.3% (leverage: 5.2x)",
      "severity": "MEDIUM"
    },
    {
      "quarter": "2022-05 (Q2)",
      "signal": "YoY REVENUE GROWTH DECELERATION",
      "detail": "YoY growth: +11.5% vs prior quarter YoY: +28.7% (decel: -17.2%)",
      "severity": "WARNING"
    },
    {
      "quarter": "2022-02 (Q1)",
      "signal": "FCF TURNED POSITIVE",
      "detail": "FCF margin: -3.6% -> +12.1%",
      "severity": "HIGH"
    },
    {
      "quarter": "2021-05 (Q2)",
      "signal": "FCF MARGIN EXPANSION",
      "detail": "FCF margin: +10.5% -> +17.2% (+6.7%)",
      "severity": "MEDIUM"
    },
    {
      "quarter": "2021-05 (Q2)",
      "signal": "OPERATING LEVERAGE",
      "detail": "Rev growth +23.2% vs OpEx growth +6.6% (leverage: 3.5x)",
      "severity": "MEDIUM"
    }
  ],
  "data_quality": {
    "n_quarters": 20,
    "coverage": {
      "revenue": [
        20,
        20
      ],
      "gross_profit": [
        20,
        20
      ],
      "op_income": [
        20,
        20
      ],
      "fcf": [
        20,
        20
      ]
    },
    "gaps": [],
    "warnings": []
  },
  "market_cap": null,
  "source": "SEC EDGAR",
  "last_updated": "2026-02-02T21:40:05.626356"
}