{
  "ticker": "SMR",
  "name": "NuScale Power Corporation",
  "quarters": [
    {
      "date": "2021-06-30T00:00:00",
      "quarter_label": "2021-06 (Q2)",
      "revenue": 372000,
      "gross_profit": 127000,
      "operating_income": -384977,
      "net_income": -4433185,
      "opex": 511977,
      "cogs": 245000,
      "rd": 20900000,
      "sga": null,
      "fcf": -50456086,
      "ocf": -50456086,
      "capex": null,
      "gross_margin": 0.34139784946236557,
      "op_margin": -1.0348844086021505,
      "fcf_margin": -135.63463978494624
    },
    {
      "date": "2021-09-30T00:00:00",
      "quarter_label": "2021-09 (Q3)",
      "revenue": 297000,
      "gross_profit": 141000,
      "operating_income": -441400,
      "net_income": -1926408,
      "opex": 582400,
      "cogs": 156000,
      "rd": 26370000,
      "sga": null,
      "fcf": -23847000,
      "ocf": -22711000,
      "capex": -1136000,
      "gross_margin": 0.47474747474747475,
      "op_margin": -1.4861952861952863,
      "fcf_margin": -80.29292929292929,
      "fcf_margin_change": 55.34171049201696
    },
    {
      "date": "2021-12-31T00:00:00",
      "quarter_label": "2021-12 (Q4)",
      "revenue": 1529000,
      "gross_profit": 566000,
      "operating_income": -201780,
      "net_income": 827672,
      "opex": 767780,
      "cogs": 963000,
      "rd": 27115000,
      "sga": null,
      "fcf": -26152000,
      "ocf": -25773000,
      "capex": -379000,
      "gross_margin": 0.3701765860039241,
      "op_margin": -0.1319686069326357,
      "fcf_margin": -17.10398953564421,
      "op_leverage_ratio": 13.032050283102176,
      "fcf_margin_change": 63.18893975728508
    },
    {
      "date": "2022-03-31T00:00:00",
      "quarter_label": "2022-03 (Q1)",
      "revenue": 2445000,
      "gross_profit": 1240000,
      "operating_income": -5147286,
      "net_income": -15958891,
      "opex": 6387286,
      "cogs": 1205000,
      "rd": 24380000,
      "sga": null,
      "fcf": -34338000,
      "ocf": -33151000,
      "capex": -1187000,
      "gross_margin": 0.5071574642126789,
      "op_margin": -2.1052294478527607,
      "fcf_margin": -14.044171779141104,
      "op_leverage_ratio": 0.08185150024395184,
      "fcf_margin_change": 3.059817756503106
    },
    {
      "date": "2022-06-30T00:00:00",
      "quarter_label": "2022-06 (Q2)",
      "revenue": 2749000,
      "gross_profit": 1010000,
      "operating_income": -52666000,
      "net_income": -2593000,
      "opex": 53676000,
      "cogs": 1739000,
      "rd": 28628000,
      "sga": null,
      "fcf": -31295000,
      "ocf": -30901000,
      "capex": -394000,
      "gross_margin": 0.3674063295743907,
      "op_margin": -19.158239359767187,
      "fcf_margin": -11.384139687158967,
      "incr_op_margin_yoy": -21.99454059739167,
      "rev_growth_yoy": 6.389784946236559,
      "op_leverage_ratio": 0.016793977972585458,
      "fcf_margin_change": 2.6600320919821367
    },
    {
      "date": "2022-09-30T00:00:00",
      "quarter_label": "2022-09 (Q3)",
      "revenue": 3172000,
      "gross_profit": 1423000,
      "operating_income": -66098000,
      "net_income": -10707000,
      "opex": 67521000,
      "cogs": 1749000,
      "rd": 34317000,
      "sga": null,
      "fcf": -40839000,
      "ocf": -40676000,
      "capex": -163000,
      "gross_margin": 0.44861286254728877,
      "op_margin": -20.837957124842372,
      "fcf_margin": -12.87484237074401,
      "incr_op_margin_yoy": -22.837078260869564,
      "rev_growth_yoy": 9.68013468013468,
      "rev_growth_yoy_accel": 3.290349733898121,
      "op_leverage_ratio": 0.5965581889918011,
      "fcf_margin_change": -1.4907026835850434
    },
    {
      "date": "2022-12-31T00:00:00",
      "quarter_label": "2022-12 (Q4)",
      "revenue": 3438000,
      "gross_profit": 814000,
      "operating_income": -67383000,
      "net_income": -12614000,
      "opex": 68197000,
      "cogs": 2624000,
      "rd": 36091000,
      "sga": null,
      "fcf": -44469000,
      "ocf": -43881000,
      "capex": -588000,
      "gross_margin": 0.2367655613728912,
      "op_margin": -19.599476439790575,
      "fcf_margin": -12.934554973821989,
      "incr_op_margin_yoy": -35.19183865898376,
      "rev_growth_yoy": 1.2485284499672988,
      "rev_growth_yoy_accel": -8.43160623016738,
      "op_leverage_ratio": 8.376076355984688,
      "fcf_margin_change": -0.05971260307797799
    },
    {
      "date": "2023-03-31T00:00:00",
      "quarter_label": "2023-03 (Q1)",
      "revenue": 5505000,
      "gross_profit": 2089000,
      "operating_income": -55472000,
      "net_income": -10962000,
      "opex": 57561000,
      "cogs": 3416000,
      "rd": 25715000,
      "sga": null,
      "fcf": -43488000,
      "ocf": -43137000,
      "capex": -351000,
      "gross_margin": 0.37947320617620345,
      "op_margin": -10.076657584014532,
      "fcf_margin": -7.899727520435968,
      "incr_op_margin_yoy": -16.44598496732026,
      "rev_growth_yoy": 1.2515337423312884,
      "rev_growth_yoy_accel": 0.003005292363989609,
      "op_leverage_ratio": Infinity,
      "fcf_margin_change": 5.034827453386021
    },
    {
      "date": "2023-06-30T00:00:00",
      "quarter_label": "2023-06 (Q2)",
      "revenue": 5795000,
      "gross_profit": 30000,
      "operating_income": -56121000,
      "net_income": -9523000,
      "opex": 56151000,
      "cogs": 5765000,
      "rd": 26932000,
      "sga": null,
      "fcf": -40499000,
      "ocf": -39230000,
      "capex": -1269000,
      "gross_margin": 0.005176876617773943,
      "op_margin": -9.684383088869716,
      "fcf_margin": -6.988610871440898,
      "incr_op_margin_yoy": -1.134274458305975,
      "rev_growth_yoy": 1.1080392870134594,
      "rev_growth_yoy_accel": -0.143494455317829,
      "op_leverage_ratio": Infinity,
      "fcf_margin_change": 0.9111166489950699
    },
    {
      "date": "2023-09-30T00:00:00",
      "quarter_label": "2023-09 (Q3)",
      "revenue": 6950000,
      "gross_profit": 1010000,
      "operating_income": -92916000,
      "net_income": -19122000,
      "opex": 93926000,
      "cogs": 5940000,
      "rd": 63725000,
      "sga": null,
      "fcf": -27729000,
      "ocf": -27675000,
      "capex": -54000,
      "gross_margin": 0.14532374100719425,
      "op_margin": -13.369208633093525,
      "fcf_margin": -3.9897841726618704,
      "incr_op_margin_yoy": -7.09846479618846,
      "rev_growth_yoy": 1.191046658259773,
      "rev_growth_yoy_accel": 0.08300737124631352,
      "op_leverage_ratio": 0.2962658308441575,
      "fcf_margin_change": 2.9988266987790273
    },
    {
      "date": "2023-12-31T00:00:00",
      "quarter_label": "2023-12 (Q4)",
      "revenue": 4560000,
      "gross_profit": 720000,
      "operating_income": -71056000,
      "net_income": -18755000,
      "opex": 71776000,
      "cogs": 3840000,
      "rd": 37823000,
      "sga": null,
      "fcf": -73263000,
      "ocf": -73212000,
      "capex": -51000,
      "gross_margin": 0.15789473684210525,
      "op_margin": -15.582456140350876,
      "fcf_margin": -16.066447368421052,
      "incr_op_margin_yoy": -3.2736185383244205,
      "rev_growth_yoy": 0.3263525305410122,
      "rev_growth_yoy_accel": -0.8646941277187608,
      "fcf_margin_change": -12.076663195759181
    },
    {
      "date": "2024-03-31T00:00:00",
      "quarter_label": "2024-03 (Q1)",
      "revenue": 1379000,
      "gross_profit": 644000,
      "operating_income": -43973000,
      "net_income": -16572000,
      "opex": 44617000,
      "cogs": 735000,
      "rd": 13155000,
      "sga": null,
      "fcf": -33489000,
      "ocf": -33489000,
      "capex": null,
      "gross_margin": 0.467005076142132,
      "op_margin": -31.887599709934737,
      "fcf_margin": -24.284989122552574,
      "incr_op_margin_yoy": -2.786960736791081,
      "rev_growth_yoy": -0.7495004541326067,
      "rev_growth_yoy_accel": -1.075852984673619,
      "fcf_margin_change": -8.218541754131522
    },
    {
      "date": "2024-06-30T00:00:00",
      "quarter_label": "2024-06 (Q2)",
      "revenue": 967000,
      "gross_profit": 117000,
      "operating_income": -41878000,
      "net_income": -27617000,
      "opex": 41995000,
      "cogs": 850000,
      "rd": 12132000,
      "sga": null,
      "fcf": -36032000,
      "ocf": -36032000,
      "capex": null,
      "gross_margin": 0.12099276111685625,
      "op_margin": -43.307135470527406,
      "fcf_margin": -37.26163391933816,
      "incr_op_margin_yoy": -2.950082850041425,
      "rev_growth_yoy": -0.8331320103537533,
      "rev_growth_yoy_accel": -0.0836315562211466,
      "fcf_margin_change": -12.976644796785585
    },
    {
      "date": "2024-09-30T00:00:00",
      "quarter_label": "2024-09 (Q3)",
      "revenue": 475000,
      "gross_profit": 180000,
      "operating_income": -41019000,
      "net_income": -17459000,
      "opex": 41199000,
      "cogs": 295000,
      "rd": 12160000,
      "sga": null,
      "fcf": -12728000,
      "ocf": -12728000,
      "capex": null,
      "gross_margin": 0.37894736842105264,
      "op_margin": -86.35578947368421,
      "fcf_margin": -26.79578947368421,
      "incr_op_margin_yoy": -8.014980694980695,
      "rev_growth_yoy": -0.9316546762589928,
      "rev_growth_yoy_accel": -0.0985226659052395,
      "fcf_margin_change": 10.46584444565395
    },
    {
      "date": "2024-12-31T00:00:00",
      "quarter_label": "2024-12 (Q4)",
      "revenue": 34224000,
      "gross_profit": 31167000,
      "operating_income": -11855000,
      "net_income": -74975000,
      "opex": 43022000,
      "cogs": 3057000,
      "rd": 9370000,
      "sga": null,
      "fcf": -26461000,
      "ocf": -26417000,
      "capex": -44000,
      "gross_margin": 0.9106767180925667,
      "op_margin": -0.34639434315100515,
      "fcf_margin": -0.7731708742402992,
      "incr_op_margin_yoy": 1.9957187162891046,
      "rev_growth_yoy": 6.505263157894737,
      "rev_growth_yoy_accel": 7.436917834153729,
      "op_leverage_ratio": 1605.710715131218,
      "fcf_margin_change": 26.02261859944391
    },
    {
      "date": "2025-03-31T00:00:00",
      "quarter_label": "2025-03 (Q1)",
      "revenue": 13375000,
      "gross_profit": 7002000,
      "operating_income": -35327000,
      "net_income": -14005000,
      "opex": 42329000,
      "cogs": 6373000,
      "rd": 9131000,
      "sga": null,
      "fcf": -22853000,
      "ocf": -22786000,
      "capex": -67000,
      "gross_margin": 0.5235140186915888,
      "op_margin": -2.6412710280373832,
      "fcf_margin": -1.7086355140186915,
      "incr_op_margin_yoy": 0.7207402467489163,
      "rev_growth_yoy": 8.699057287889776,
      "rev_growth_yoy_accel": 2.193794129995039,
      "fcf_margin_change": -0.9354646397783923
    },
    {
      "date": "2025-06-30T00:00:00",
      "quarter_label": "2025-06 (Q2)",
      "revenue": 8054000,
      "gross_profit": 1781000,
      "operating_income": -43082000,
      "net_income": -17641000,
      "opex": 44863000,
      "cogs": 6273000,
      "rd": 11802000,
      "sga": null,
      "fcf": -33321000,
      "ocf": -33321000,
      "capex": null,
      "gross_margin": 0.22113235659299726,
      "op_margin": -5.349143282840824,
      "fcf_margin": -4.137198907375217,
      "incr_op_margin_yoy": -0.1698885282912375,
      "rev_growth_yoy": 7.328852119958635,
      "rev_growth_yoy_accel": -1.3702051679311404,
      "fcf_margin_change": -2.4285633933565256
    },
    {
      "date": "2025-09-30T00:00:00",
      "quarter_label": "2025-09 (Q3)",
      "revenue": 8242000,
      "gross_profit": 2709000,
      "operating_income": -538440000,
      "net_income": -273319000,
      "opex": 541149000,
      "cogs": 5533000,
      "rd": 11054000,
      "sga": null,
      "fcf": -199799000,
      "ocf": -199799000,
      "capex": null,
      "gross_margin": 0.3286823586508129,
      "op_margin": -65.32880368842514,
      "fcf_margin": -24.2415675806843,
      "incr_op_margin_yoy": -64.04287369640788,
      "rev_growth_yoy": 16.35157894736842,
      "rev_growth_yoy_accel": 9.022726827409784,
      "op_leverage_ratio": 0.0021100974442429536,
      "fcf_margin_change": -20.104368673309082
    }
  ],
  "signals": [
    {
      "quarter": "2025-09 (Q3)",
      "signal": "GROSS MARGIN INFLECTION",
      "detail": "GM: +52.4% -> +22.1% -> +32.9% (reversal +10.8%)",
      "severity": "HIGH"
    },
    {
      "quarter": "2025-09 (Q3)",
      "signal": "YoY REVENUE GROWTH ACCELERATION",
      "detail": "YoY growth: +1635.2% vs prior quarter YoY: +732.9% (accel: +902.3%)",
      "severity": "HIGH"
    },
    {
      "quarter": "2025-06 (Q2)",
      "signal": "YoY REVENUE GROWTH DECELERATION",
      "detail": "YoY growth: +732.9% vs prior quarter YoY: +869.9% (decel: -137.0%)",
      "severity": "WARNING"
    },
    {
      "quarter": "2025-03 (Q1)",
      "signal": "YoY REVENUE GROWTH ACCELERATION",
      "detail": "YoY growth: +869.9% vs prior quarter YoY: +650.5% (accel: +219.4%)",
      "severity": "HIGH"
    },
    {
      "quarter": "2024-12 (Q4)",
      "signal": "FCF MARGIN EXPANSION",
      "detail": "FCF margin: -2679.6% -> -77.3% (+2602.3%)",
      "severity": "MEDIUM"
    },
    {
      "quarter": "2024-12 (Q4)",
      "signal": "OPERATING LEVERAGE",
      "detail": "Rev growth +7105.1% vs OpEx growth +4.4% (leverage: 1605.7x)",
      "severity": "MEDIUM"
    },
    {
      "quarter": "2024-12 (Q4)",
      "signal": "YoY REVENUE GROWTH ACCELERATION",
      "detail": "YoY growth: +650.5% vs prior quarter YoY: -93.2% (accel: +743.7%)",
      "severity": "HIGH"
    },
    {
      "quarter": "2024-09 (Q3)",
      "signal": "FCF MARGIN EXPANSION",
      "detail": "FCF margin: -3726.2% -> -2679.6% (+1046.6%)",
      "severity": "MEDIUM"
    },
    {
      "quarter": "2024-09 (Q3)",
      "signal": "GROSS MARGIN INFLECTION",
      "detail": "GM: +46.7% -> +12.1% -> +37.9% (reversal +25.8%)",
      "severity": "HIGH"
    },
    {
      "quarter": "2024-09 (Q3)",
      "signal": "YoY REVENUE GROWTH DECELERATION",
      "detail": "YoY growth: -93.2% vs prior quarter YoY: -83.3% (decel: -9.9%)",
      "severity": "WARNING"
    },
    {
      "quarter": "2024-06 (Q2)",
      "signal": "YoY REVENUE GROWTH DECELERATION",
      "detail": "YoY growth: -83.3% vs prior quarter YoY: -75.0% (decel: -8.4%)",
      "severity": "WARNING"
    },
    {
      "quarter": "2024-03 (Q1)",
      "signal": "YoY REVENUE GROWTH DECELERATION",
      "detail": "YoY growth: -75.0% vs prior quarter YoY: +32.6% (decel: -107.6%)",
      "severity": "WARNING"
    },
    {
      "quarter": "2023-12 (Q4)",
      "signal": "YoY REVENUE GROWTH DECELERATION",
      "detail": "YoY growth: +32.6% vs prior quarter YoY: +119.1% (decel: -86.5%)",
      "severity": "WARNING"
    },
    {
      "quarter": "2023-09 (Q3)",
      "signal": "FCF MARGIN EXPANSION",
      "detail": "FCF margin: -698.9% -> -399.0% (+299.9%)",
      "severity": "MEDIUM"
    },
    {
      "quarter": "2023-09 (Q3)",
      "signal": "GROSS MARGIN INFLECTION",
      "detail": "GM: +37.9% -> +0.5% -> +14.5% (reversal +14.0%)",
      "severity": "HIGH"
    },
    {
      "quarter": "2023-09 (Q3)",
      "signal": "YoY REVENUE GROWTH ACCELERATION",
      "detail": "YoY growth: +119.1% vs prior quarter YoY: +110.8% (accel: +8.3%)",
      "severity": "MEDIUM"
    },
    {
      "quarter": "2023-06 (Q2)",
      "signal": "FCF MARGIN EXPANSION",
      "detail": "FCF margin: -790.0% -> -698.9% (+91.1%)",
      "severity": "MEDIUM"
    },
    {
      "quarter": "2023-06 (Q2)",
      "signal": "YoY REVENUE GROWTH DECELERATION",
      "detail": "YoY growth: +110.8% vs prior quarter YoY: +125.2% (decel: -14.3%)",
      "severity": "WARNING"
    },
    {
      "quarter": "2023-03 (Q1)",
      "signal": "FCF MARGIN EXPANSION",
      "detail": "FCF margin: -1293.5% -> -790.0% (+503.5%)",
      "severity": "MEDIUM"
    },
    {
      "quarter": "2023-03 (Q1)",
      "signal": "GROSS MARGIN INFLECTION",
      "detail": "GM: +44.9% -> +23.7% -> +37.9% (reversal +14.3%)",
      "severity": "HIGH"
    },
    {
      "quarter": "2022-12 (Q4)",
      "signal": "OPERATING LEVERAGE",
      "detail": "Rev growth +8.4% vs OpEx growth +1.0% (leverage: 8.4x)",
      "severity": "MEDIUM"
    },
    {
      "quarter": "2022-12 (Q4)",
      "signal": "YoY REVENUE GROWTH DECELERATION",
      "detail": "YoY growth: +124.9% vs prior quarter YoY: +968.0% (decel: -843.2%)",
      "severity": "WARNING"
    },
    {
      "quarter": "2022-09 (Q3)",
      "signal": "GROSS MARGIN INFLECTION",
      "detail": "GM: +50.7% -> +36.7% -> +44.9% (reversal +8.1%)",
      "severity": "HIGH"
    },
    {
      "quarter": "2022-09 (Q3)",
      "signal": "YoY REVENUE GROWTH ACCELERATION",
      "detail": "YoY growth: +968.0% vs prior quarter YoY: +639.0% (accel: +329.0%)",
      "severity": "HIGH"
    },
    {
      "quarter": "2022-06 (Q2)",
      "signal": "FCF MARGIN EXPANSION",
      "detail": "FCF margin: -1404.4% -> -1138.4% (+266.0%)",
      "severity": "MEDIUM"
    },
    {
      "quarter": "2022-03 (Q1)",
      "signal": "FCF MARGIN EXPANSION",
      "detail": "FCF margin: -1710.4% -> -1404.4% (+306.0%)",
      "severity": "MEDIUM"
    },
    {
      "quarter": "2022-03 (Q1)",
      "signal": "GROSS MARGIN INFLECTION",
      "detail": "GM: +47.5% -> +37.0% -> +50.7% (reversal +13.7%)",
      "severity": "HIGH"
    },
    {
      "quarter": "2021-12 (Q4)",
      "signal": "FCF MARGIN EXPANSION",
      "detail": "FCF margin: -8029.3% -> -1710.4% (+6318.9%)",
      "severity": "MEDIUM"
    },
    {
      "quarter": "2021-12 (Q4)",
      "signal": "OPERATING LEVERAGE",
      "detail": "Rev growth +414.8% vs OpEx growth +31.8% (leverage: 13.0x)",
      "severity": "MEDIUM"
    },
    {
      "quarter": "2021-09 (Q3)",
      "signal": "FCF MARGIN EXPANSION",
      "detail": "FCF margin: -13563.5% -> -8029.3% (+5534.2%)",
      "severity": "MEDIUM"
    }
  ],
  "data_quality": {
    "n_quarters": 18,
    "coverage": {
      "revenue": [
        18,
        18
      ],
      "gross_profit": [
        18,
        18
      ],
      "op_income": [
        18,
        18
      ],
      "fcf": [
        18,
        18
      ]
    },
    "gaps": [],
    "warnings": []
  },
  "market_cap": null,
  "source": "SEC EDGAR",
  "last_updated": "2026-02-02T21:00:28.500028"
}