{
  "ticker": "SMRT",
  "name": "SMARTRENT, INC.",
  "quarters": [
    {
      "date": "2020-12-31T00:00:00",
      "quarter_label": "2020-12 (Q4)",
      "revenue": 13601000,
      "gross_profit": -2913000,
      "operating_income": -10884000,
      "net_income": -10688000,
      "opex": 7971000,
      "cogs": 16514000,
      "rd": 2765000,
      "sga": null,
      "fcf": 13797000,
      "ocf": 13821000,
      "capex": -24000,
      "gross_margin": -0.21417542827733255,
      "op_margin": -0.8002352768178811,
      "fcf_margin": 1.0144107050952136
    },
    {
      "date": "2021-03-31T00:00:00",
      "quarter_label": "2021-03 (Q1)",
      "revenue": 19160000,
      "gross_profit": -414000,
      "operating_income": -265686,
      "net_income": -252806,
      "opex": 8804000,
      "cogs": 19574000,
      "rd": 3093000,
      "sga": null,
      "fcf": -7989000,
      "ocf": -7896000,
      "capex": -93000,
      "gross_margin": -0.021607515657620043,
      "op_margin": -0.01386670146137787,
      "fcf_margin": -0.4169624217118998,
      "op_leverage_ratio": 3.911052458627742,
      "fcf_margin_change": -1.4313731268071135
    },
    {
      "date": "2021-06-30T00:00:00",
      "quarter_label": "2021-06 (Q2)",
      "revenue": 21677000,
      "gross_profit": 283000,
      "operating_income": -3017786,
      "net_income": -3013721,
      "opex": 10281000,
      "cogs": 21394000,
      "rd": 4083000,
      "sga": null,
      "fcf": -11035000,
      "ocf": -10788000,
      "capex": -247000,
      "gross_margin": 0.013055312081930157,
      "op_margin": -0.1392160354292568,
      "fcf_margin": -0.5090649075056511,
      "op_leverage_ratio": 0.7830459530476351,
      "fcf_margin_change": -0.09210248579375135
    },
    {
      "date": "2021-09-30T00:00:00",
      "quarter_label": "2021-09 (Q3)",
      "revenue": 35132000,
      "gross_profit": -6788000,
      "operating_income": -26527000,
      "net_income": -26685000,
      "opex": 19739000,
      "cogs": 41920000,
      "rd": 6881000,
      "sga": null,
      "fcf": -23572000,
      "ocf": -23061000,
      "capex": -511000,
      "gross_margin": -0.19321416372537858,
      "op_margin": -0.7550666059432996,
      "fcf_margin": -0.6709552544688603,
      "op_leverage_ratio": 0.6747153241316187,
      "fcf_margin_change": -0.16189034696320914
    },
    {
      "date": "2021-12-31T00:00:00",
      "quarter_label": "2021-12 (Q4)",
      "revenue": 34668000,
      "gross_profit": -3154000,
      "operating_income": -25909000,
      "net_income": -25958000,
      "opex": 22755000,
      "cogs": 37822000,
      "rd": 7515000,
      "sga": null,
      "fcf": -29251000,
      "ocf": -28631000,
      "capex": -620000,
      "gross_margin": -0.09097727010499596,
      "op_margin": -0.7473462559132341,
      "fcf_margin": -0.8437463943694473,
      "incr_op_margin_yoy": -0.7132007404946125,
      "rev_growth_yoy": 1.5489302257186972,
      "fcf_margin_change": -0.17279113990058703
    },
    {
      "date": "2022-03-31T00:00:00",
      "quarter_label": "2022-03 (Q1)",
      "revenue": 37359000,
      "gross_profit": -4744000,
      "operating_income": -28303000,
      "net_income": -23394000,
      "opex": 23559000,
      "cogs": 42103000,
      "rd": 6446000,
      "sga": null,
      "fcf": -29020000,
      "ocf": -28787000,
      "capex": -233000,
      "gross_margin": -0.12698412698412698,
      "op_margin": -0.7575952247115822,
      "fcf_margin": -0.7767873872426992,
      "incr_op_margin_yoy": -1.5405964063959559,
      "rev_growth_yoy": 0.9498434237995824,
      "rev_growth_yoy_accel": -0.5990868019191148,
      "op_leverage_ratio": 2.1968767920522003,
      "fcf_margin_change": 0.06695900712674807
    },
    {
      "date": "2022-06-30T00:00:00",
      "quarter_label": "2022-06 (Q2)",
      "revenue": 42409000,
      "gross_profit": 988000,
      "operating_income": -27013000,
      "net_income": -25589000,
      "opex": 28001000,
      "cogs": 41421000,
      "rd": 8030000,
      "sga": null,
      "fcf": -6301000,
      "ocf": -6064000,
      "capex": -237000,
      "gross_margin": 0.023296941686906082,
      "op_margin": -0.6369638520125445,
      "fcf_margin": -0.1485769530052583,
      "incr_op_margin_yoy": -1.1573998649430832,
      "rev_growth_yoy": 0.9564054066522121,
      "rev_growth_yoy_accel": 0.006561982852629655,
      "op_leverage_ratio": 0.7169261691858732,
      "fcf_margin_change": 0.6282104342374409
    },
    {
      "date": "2022-09-30T00:00:00",
      "quarter_label": "2022-09 (Q3)",
      "revenue": 47502000,
      "gross_profit": 1183000,
      "operating_income": -26665000,
      "net_income": -25950000,
      "opex": 27848000,
      "cogs": 46319000,
      "rd": 7610000,
      "sga": null,
      "fcf": -44861000,
      "ocf": -44529000,
      "capex": -332000,
      "gross_margin": 0.02490421455938697,
      "op_margin": -0.5613447854827165,
      "fcf_margin": -0.9444023409540651,
      "incr_op_margin_yoy": -0.011156022635408245,
      "rev_growth_yoy": 0.352100648980986,
      "rev_growth_yoy_accel": -0.6043047576712262,
      "op_leverage_ratio": Infinity,
      "fcf_margin_change": -0.7958253879488068
    },
    {
      "date": "2022-12-31T00:00:00",
      "quarter_label": "2022-12 (Q4)",
      "revenue": 40551000,
      "gross_profit": 3921000,
      "operating_income": -22270000,
      "net_income": -21389000,
      "opex": 26191000,
      "cogs": 36630000,
      "rd": 7336000,
      "sga": null,
      "fcf": 1236000,
      "ocf": 1547000,
      "capex": -311000,
      "gross_margin": 0.09669305319227639,
      "op_margin": -0.5491849769426155,
      "fcf_margin": 0.03048013612487978,
      "incr_op_margin_yoy": 0.6185619581845997,
      "rev_growth_yoy": 0.16969539633091035,
      "rev_growth_yoy_accel": -0.18240525265007562,
      "fcf_margin_change": 0.9748824770789448
    },
    {
      "date": "2023-03-31T00:00:00",
      "quarter_label": "2023-03 (Q1)",
      "revenue": 65079000,
      "gross_profit": 9115000,
      "operating_income": -15294000,
      "net_income": -13215000,
      "opex": 24409000,
      "cogs": 55964000,
      "rd": 7231000,
      "sga": null,
      "fcf": -10317000,
      "ocf": -10290000,
      "capex": -27000,
      "gross_margin": 0.1400605418030394,
      "op_margin": -0.2350066841838381,
      "fcf_margin": -0.15853040151200848,
      "incr_op_margin_yoy": 0.4693001443001443,
      "rev_growth_yoy": 0.7419898819561551,
      "rev_growth_yoy_accel": 0.5722944856252448,
      "op_leverage_ratio": Infinity,
      "fcf_margin_change": -0.18901053763688827
    },
    {
      "date": "2023-06-30T00:00:00",
      "quarter_label": "2023-06 (Q2)",
      "revenue": 53402000,
      "gross_profit": 9883000,
      "operating_income": -12087000,
      "net_income": -10349000,
      "opex": 21970000,
      "cogs": 43519000,
      "rd": 6536000,
      "sga": null,
      "fcf": -5416000,
      "ocf": -5394000,
      "capex": -22000,
      "gross_margin": 0.1850679749822104,
      "op_margin": -0.2263398374592712,
      "fcf_margin": -0.10141942249353957,
      "incr_op_margin_yoy": 1.3577731283544074,
      "rev_growth_yoy": 0.25921384611756937,
      "rev_growth_yoy_accel": -0.48277603583858575,
      "fcf_margin_change": 0.05711097901846891
    },
    {
      "date": "2023-09-30T00:00:00",
      "quarter_label": "2023-09 (Q3)",
      "revenue": 58104000,
      "gross_profit": 13531000,
      "operating_income": -9947000,
      "net_income": -7723000,
      "opex": 23478000,
      "cogs": 44573000,
      "rd": 7573000,
      "sga": null,
      "fcf": 14251000,
      "ocf": 14318000,
      "capex": -67000,
      "gross_margin": 0.23287553352609114,
      "op_margin": -0.17119303318188075,
      "fcf_margin": 0.24526710725595485,
      "incr_op_margin_yoy": 1.5768722882475004,
      "rev_growth_yoy": 0.22319060250094733,
      "rev_growth_yoy_accel": -0.03602324361662204,
      "op_leverage_ratio": 1.2827848369362378,
      "fcf_margin_change": 0.34668652974949443
    },
    {
      "date": "2023-12-31T00:00:00",
      "quarter_label": "2023-12 (Q4)",
      "revenue": 60253000,
      "gross_profit": 17000000,
      "operating_income": -5831000,
      "net_income": -3300000,
      "opex": 22831000,
      "cogs": 43253000,
      "rd": 7465000,
      "sga": null,
      "fcf": 7316000,
      "ocf": 7347000,
      "capex": -31000,
      "gross_margin": 0.2821436277031849,
      "op_margin": -0.09677526430219242,
      "fcf_margin": 0.12142134001626476,
      "incr_op_margin_yoy": 0.8343822962135824,
      "rev_growth_yoy": 0.485857315479273,
      "rev_growth_yoy_accel": 0.26266671297832567,
      "op_leverage_ratio": Infinity,
      "fcf_margin_change": -0.1238457672396901
    },
    {
      "date": "2024-03-31T00:00:00",
      "quarter_label": "2024-03 (Q1)",
      "revenue": 50489000,
      "gross_profit": 19423000,
      "operating_income": -10159000,
      "net_income": -7692000,
      "opex": 29582000,
      "cogs": 31066000,
      "rd": 8362000,
      "sga": null,
      "fcf": -3371000,
      "ocf": -3337000,
      "capex": -34000,
      "gross_margin": 0.3846976569153677,
      "op_margin": -0.20121214521975084,
      "fcf_margin": -0.06676701855849788,
      "incr_op_margin_yoy": -0.35195339273474985,
      "rev_growth_yoy": -0.22418906252400927,
      "rev_growth_yoy_accel": -0.7100463780032823,
      "fcf_margin_change": -0.18818835857476263
    },
    {
      "date": "2024-06-30T00:00:00",
      "quarter_label": "2024-06 (Q2)",
      "revenue": 48518000,
      "gross_profit": 17305000,
      "operating_income": -6918000,
      "net_income": -4605000,
      "opex": 24223000,
      "cogs": 31213000,
      "rd": 7484000,
      "sga": null,
      "fcf": -14118000,
      "ocf": -13877000,
      "capex": -241000,
      "gross_margin": 0.3566717506904654,
      "op_margin": -0.1425862566470176,
      "fcf_margin": -0.2909847891504184,
      "incr_op_margin_yoy": -1.0583538083538084,
      "rev_growth_yoy": -0.09145724879218006,
      "rev_growth_yoy_accel": 0.1327318137318292,
      "fcf_margin_change": -0.22421777059192055
    },
    {
      "date": "2024-09-30T00:00:00",
      "quarter_label": "2024-09 (Q3)",
      "revenue": 40510000,
      "gross_profit": 13457000,
      "operating_income": -11737000,
      "net_income": -9923000,
      "opex": 25194000,
      "cogs": 27053000,
      "rd": 6596000,
      "sga": null,
      "fcf": -3933000,
      "ocf": -3684000,
      "capex": -249000,
      "gross_margin": 0.332189582819057,
      "op_margin": -0.28973093063441124,
      "fcf_margin": -0.09708713897803012,
      "incr_op_margin_yoy": 0.10173922928271001,
      "rev_growth_yoy": -0.3028018725044747,
      "rev_growth_yoy_accel": -0.21134462371229465,
      "fcf_margin_change": 0.1938976501723883
    },
    {
      "date": "2024-12-31T00:00:00",
      "quarter_label": "2024-12 (Q4)",
      "revenue": 35368000,
      "gross_profit": 10153000,
      "operating_income": -12958000,
      "net_income": -11423000,
      "opex": 23111000,
      "cogs": 25215000,
      "rd": 6927000,
      "sga": null,
      "fcf": -13258000,
      "ocf": -12015000,
      "capex": -1243000,
      "gross_margin": 0.28706740556435195,
      "op_margin": -0.3663763854331599,
      "fcf_margin": -0.37485862926939606,
      "incr_op_margin_yoy": 0.2863974281695801,
      "rev_growth_yoy": -0.41300848090551506,
      "rev_growth_yoy_accel": -0.11020660840104035,
      "fcf_margin_change": -0.27777149029136594
    },
    {
      "date": "2025-03-31T00:00:00",
      "quarter_label": "2025-03 (Q1)",
      "revenue": 41344000,
      "gross_profit": 13562000,
      "operating_income": -41289000,
      "net_income": -40184000,
      "opex": 29922000,
      "cogs": 27782000,
      "rd": 8258000,
      "sga": null,
      "fcf": -14349000,
      "ocf": -12169000,
      "capex": -2180000,
      "gross_margin": 0.32802825077399383,
      "op_margin": -0.9986696981424149,
      "fcf_margin": -0.34706366099071206,
      "incr_op_margin_yoy": 3.4040459267359213,
      "rev_growth_yoy": -0.18112856265721247,
      "rev_growth_yoy_accel": 0.2318799182483026,
      "op_leverage_ratio": 0.5733343260903143,
      "fcf_margin_change": 0.027794968278683996
    },
    {
      "date": "2025-06-30T00:00:00",
      "quarter_label": "2025-06 (Q2)",
      "revenue": 38308000,
      "gross_profit": 12668000,
      "operating_income": -11685000,
      "net_income": -10860000,
      "opex": 24353000,
      "cogs": 25640000,
      "rd": 6465000,
      "sga": null,
      "fcf": -16212000,
      "ocf": -14930000,
      "capex": -1282000,
      "gross_margin": 0.33068810692283596,
      "op_margin": -0.30502767046047824,
      "fcf_margin": -0.4232014200689151,
      "incr_op_margin_yoy": 0.4668952007835455,
      "rev_growth_yoy": -0.2104373634527392,
      "rev_growth_yoy_accel": -0.029308800795526724,
      "fcf_margin_change": -0.07613775907820303
    },
    {
      "date": "2025-09-30T00:00:00",
      "quarter_label": "2025-09 (Q3)",
      "revenue": 36202000,
      "gross_profit": 9569000,
      "operating_income": -7027000,
      "net_income": -6270000,
      "opex": 16596000,
      "cogs": 26633000,
      "rd": 6149000,
      "sga": null,
      "fcf": -2223000,
      "ocf": -2133000,
      "capex": -90000,
      "gross_margin": 0.26432241312634663,
      "op_margin": -0.1941052980498315,
      "fcf_margin": -0.06140544721286117,
      "incr_op_margin_yoy": -1.0933147632311977,
      "rev_growth_yoy": -0.10634411256479881,
      "rev_growth_yoy_accel": 0.10409325088794039,
      "fcf_margin_change": 0.3617959728560539
    }
  ],
  "signals": [
    {
      "quarter": "2025-09 (Q3)",
      "signal": "FCF MARGIN EXPANSION",
      "detail": "FCF margin: -42.3% -> -6.1% (+36.2%)",
      "severity": "MEDIUM"
    },
    {
      "quarter": "2025-09 (Q3)",
      "signal": "YoY REVENUE GROWTH ACCELERATION",
      "detail": "YoY growth: -10.6% vs prior quarter YoY: -21.0% (accel: +10.4%)",
      "severity": "MEDIUM"
    },
    {
      "quarter": "2025-03 (Q1)",
      "signal": "GROSS MARGIN INFLECTION",
      "detail": "GM: +33.2% -> +28.7% -> +32.8% (reversal +4.1%)",
      "severity": "MEDIUM"
    },
    {
      "quarter": "2025-03 (Q1)",
      "signal": "YoY REVENUE GROWTH ACCELERATION",
      "detail": "YoY growth: -18.1% vs prior quarter YoY: -41.3% (accel: +23.2%)",
      "severity": "HIGH"
    },
    {
      "quarter": "2024-12 (Q4)",
      "signal": "YoY REVENUE GROWTH DECELERATION",
      "detail": "YoY growth: -41.3% vs prior quarter YoY: -30.3% (decel: -11.0%)",
      "severity": "WARNING"
    },
    {
      "quarter": "2024-09 (Q3)",
      "signal": "FCF MARGIN EXPANSION",
      "detail": "FCF margin: -29.1% -> -9.7% (+19.4%)",
      "severity": "MEDIUM"
    },
    {
      "quarter": "2024-09 (Q3)",
      "signal": "YoY REVENUE GROWTH DECELERATION",
      "detail": "YoY growth: -30.3% vs prior quarter YoY: -9.1% (decel: -21.1%)",
      "severity": "WARNING"
    },
    {
      "quarter": "2024-06 (Q2)",
      "signal": "YoY REVENUE GROWTH ACCELERATION",
      "detail": "YoY growth: -9.1% vs prior quarter YoY: -22.4% (accel: +13.3%)",
      "severity": "MEDIUM"
    },
    {
      "quarter": "2024-03 (Q1)",
      "signal": "YoY REVENUE GROWTH DECELERATION",
      "detail": "YoY growth: -22.4% vs prior quarter YoY: +48.6% (decel: -71.0%)",
      "severity": "WARNING"
    },
    {
      "quarter": "2023-12 (Q4)",
      "signal": "YoY REVENUE GROWTH ACCELERATION",
      "detail": "YoY growth: +48.6% vs prior quarter YoY: +22.3% (accel: +26.3%)",
      "severity": "HIGH"
    },
    {
      "quarter": "2023-09 (Q3)",
      "signal": "FCF TURNED POSITIVE",
      "detail": "FCF margin: -10.1% -> +24.5%",
      "severity": "HIGH"
    },
    {
      "quarter": "2023-06 (Q2)",
      "signal": "FCF MARGIN EXPANSION",
      "detail": "FCF margin: -15.9% -> -10.1% (+5.7%)",
      "severity": "MEDIUM"
    },
    {
      "quarter": "2023-06 (Q2)",
      "signal": "YoY REVENUE GROWTH DECELERATION",
      "detail": "YoY growth: +25.9% vs prior quarter YoY: +74.2% (decel: -48.3%)",
      "severity": "WARNING"
    },
    {
      "quarter": "2023-03 (Q1)",
      "signal": "YoY REVENUE GROWTH ACCELERATION",
      "detail": "YoY growth: +74.2% vs prior quarter YoY: +17.0% (accel: +57.2%)",
      "severity": "HIGH"
    },
    {
      "quarter": "2022-12 (Q4)",
      "signal": "FCF TURNED POSITIVE",
      "detail": "FCF margin: -94.4% -> +3.0%",
      "severity": "HIGH"
    },
    {
      "quarter": "2022-12 (Q4)",
      "signal": "YoY REVENUE GROWTH DECELERATION",
      "detail": "YoY growth: +17.0% vs prior quarter YoY: +35.2% (decel: -18.2%)",
      "severity": "WARNING"
    },
    {
      "quarter": "2022-09 (Q3)",
      "signal": "YoY REVENUE GROWTH DECELERATION",
      "detail": "YoY growth: +35.2% vs prior quarter YoY: +95.6% (decel: -60.4%)",
      "severity": "WARNING"
    },
    {
      "quarter": "2022-06 (Q2)",
      "signal": "FCF MARGIN EXPANSION",
      "detail": "FCF margin: -77.7% -> -14.9% (+62.8%)",
      "severity": "MEDIUM"
    },
    {
      "quarter": "2022-06 (Q2)",
      "signal": "GROSS MARGIN INFLECTION",
      "detail": "GM: -9.1% -> -12.7% -> +2.3% (reversal +15.0%)",
      "severity": "HIGH"
    },
    {
      "quarter": "2022-03 (Q1)",
      "signal": "FCF MARGIN EXPANSION",
      "detail": "FCF margin: -84.4% -> -77.7% (+6.7%)",
      "severity": "MEDIUM"
    },
    {
      "quarter": "2022-03 (Q1)",
      "signal": "OPERATING LEVERAGE",
      "detail": "Rev growth +7.8% vs OpEx growth +3.5% (leverage: 2.2x)",
      "severity": "MEDIUM"
    },
    {
      "quarter": "2022-03 (Q1)",
      "signal": "YoY REVENUE GROWTH DECELERATION",
      "detail": "YoY growth: +95.0% vs prior quarter YoY: +154.9% (decel: -59.9%)",
      "severity": "WARNING"
    },
    {
      "quarter": "2021-12 (Q4)",
      "signal": "GROSS MARGIN INFLECTION",
      "detail": "GM: +1.3% -> -19.3% -> -9.1% (reversal +10.2%)",
      "severity": "HIGH"
    },
    {
      "quarter": "2021-03 (Q1)",
      "signal": "OPERATING LEVERAGE",
      "detail": "Rev growth +40.9% vs OpEx growth +10.5% (leverage: 3.9x)",
      "severity": "MEDIUM"
    }
  ],
  "data_quality": {
    "n_quarters": 20,
    "coverage": {
      "revenue": [
        20,
        20
      ],
      "gross_profit": [
        20,
        20
      ],
      "op_income": [
        20,
        20
      ],
      "fcf": [
        20,
        20
      ]
    },
    "gaps": [],
    "warnings": []
  },
  "market_cap": null,
  "source": "SEC EDGAR",
  "last_updated": "2026-02-02T22:42:55.484626"
}