{
  "ticker": "SMTC",
  "name": "SEMTECH CORP",
  "quarters": [
    {
      "date": "2021-01-31T00:00:00",
      "quarter_label": "2021-01 (Q1)",
      "revenue": 164673000,
      "gross_profit": 100476000,
      "operating_income": 18950000,
      "net_income": 15656000,
      "opex": 81526000,
      "cogs": 64197000,
      "rd": 32833000,
      "sga": 47086000,
      "fcf": 16328000,
      "ocf": 27254000,
      "capex": -10926000,
      "gross_margin": 0.6101546701645079,
      "op_margin": 0.11507654563893291,
      "fcf_margin": 0.09915408111833755
    },
    {
      "date": "2021-05-02T00:00:00",
      "quarter_label": "2021-05 (Q2)",
      "revenue": 170372000,
      "gross_profit": 104861000,
      "operating_income": 27969000,
      "net_income": 23500000,
      "opex": 76892000,
      "cogs": 65511000,
      "rd": 36790000,
      "sga": 38804000,
      "fcf": 26825000,
      "ocf": 32585000,
      "capex": -5760000,
      "gross_margin": 0.6154825910360857,
      "op_margin": 0.16416429929800672,
      "fcf_margin": 0.1574495809170521,
      "op_leverage_ratio": Infinity,
      "fcf_margin_change": 0.05829549979871455
    },
    {
      "date": "2021-08-01T00:00:00",
      "quarter_label": "2021-08 (Q3)",
      "revenue": 185004000,
      "gross_profit": 115432000,
      "operating_income": 36660000,
      "net_income": 32933000,
      "opex": 78772000,
      "cogs": 69572000,
      "rd": 35497000,
      "sga": 41977000,
      "fcf": 46042000,
      "ocf": 53014000,
      "capex": -6972000,
      "gross_margin": 0.6239432660915439,
      "op_margin": 0.1981578776675099,
      "fcf_margin": 0.2488702946963309,
      "op_leverage_ratio": 3.512600662080623,
      "fcf_margin_change": 0.0914207137792788
    },
    {
      "date": "2021-10-31T00:00:00",
      "quarter_label": "2021-10 (Q4)",
      "revenue": 194932000,
      "gross_profit": 123689000,
      "operating_income": 37424000,
      "net_income": 34427000,
      "opex": 86265000,
      "cogs": 71243000,
      "rd": 37346000,
      "sga": 47621000,
      "fcf": 61189000,
      "ocf": 66538000,
      "capex": -5349000,
      "gross_margin": 0.6345238339523526,
      "op_margin": 0.19198489729751914,
      "fcf_margin": 0.31389920587692116,
      "op_leverage_ratio": 0.564152854167064,
      "fcf_margin_change": 0.06502891118059026
    },
    {
      "date": "2022-01-30T00:00:00",
      "quarter_label": "2022-01 (Q1)",
      "revenue": 190550000,
      "gross_profit": 122099000,
      "operating_income": 42964000,
      "net_income": 34804000,
      "opex": 79135000,
      "cogs": 68451000,
      "rd": 38292000,
      "sga": 39808000,
      "fcf": 42886000,
      "ocf": 50986000,
      "capex": -8100000,
      "gross_margin": 0.6407714510627132,
      "op_margin": 0.2254736289687746,
      "fcf_margin": 0.22506428758855943,
      "incr_op_margin_yoy": 0.9280055647872628,
      "rev_growth_yoy": 0.15714172936668427,
      "fcf_margin_change": -0.08883491828836174
    },
    {
      "date": "2022-05-01T00:00:00",
      "quarter_label": "2022-05 (Q2)",
      "revenue": 202149000,
      "gross_profit": 130253000,
      "operating_income": 47052000,
      "net_income": 38049000,
      "opex": 83201000,
      "cogs": 71896000,
      "rd": 38789000,
      "sga": 43364000,
      "fcf": 41736000,
      "ocf": 50051000,
      "capex": -8315000,
      "gross_margin": 0.644341550044769,
      "op_margin": 0.23275900449668313,
      "fcf_margin": 0.20646157042577504,
      "incr_op_margin_yoy": 0.600528684268496,
      "rev_growth_yoy": 0.1865153898527927,
      "rev_growth_yoy_accel": 0.029373660486108427,
      "op_leverage_ratio": 1.184712109805114,
      "fcf_margin_change": -0.018602717162784388
    },
    {
      "date": "2022-07-31T00:00:00",
      "quarter_label": "2022-07 (Q3)",
      "revenue": 209254000,
      "gross_profit": 135819000,
      "operating_income": 64037000,
      "net_income": 51598000,
      "opex": 71782000,
      "cogs": 73435000,
      "rd": 40601000,
      "sga": 48119000,
      "fcf": 70010000,
      "ocf": 77278000,
      "capex": -7268000,
      "gross_margin": 0.6490628614028884,
      "op_margin": 0.3060252133770442,
      "fcf_margin": 0.33456947059554415,
      "incr_op_margin_yoy": 1.1289484536082475,
      "rev_growth_yoy": 0.13107824695682255,
      "rev_growth_yoy_accel": -0.055437142895970154,
      "op_leverage_ratio": Infinity,
      "fcf_margin_change": 0.1281079001697691
    },
    {
      "date": "2022-10-30T00:00:00",
      "quarter_label": "2022-10 (Q4)",
      "revenue": 177618000,
      "gross_profit": 115569000,
      "operating_income": 37369000,
      "net_income": 22746000,
      "opex": 78200000,
      "cogs": 62049000,
      "rd": 35161000,
      "sga": 42366000,
      "fcf": 11121000,
      "ocf": 18181000,
      "capex": -7060000,
      "gross_margin": 0.6506604060399284,
      "op_margin": 0.21038971275433796,
      "fcf_margin": 0.06261189744282675,
      "incr_op_margin_yoy": 0.0031766200762388818,
      "rev_growth_yoy": -0.08882071696796831,
      "rev_growth_yoy_accel": -0.21989896392479086,
      "fcf_margin_change": -0.2719575731527174
    },
    {
      "date": "2023-01-29T00:00:00",
      "quarter_label": "2023-01 (Q1)",
      "revenue": 167512000,
      "gross_profit": 96917000,
      "operating_income": -55659000,
      "net_income": -51013000,
      "opex": 152576000,
      "cogs": 70595000,
      "rd": 52899000,
      "sga": 101952000,
      "fcf": -24479000,
      "ocf": -18799000,
      "capex": -5680000,
      "gross_margin": 0.5785675056115382,
      "op_margin": -0.3322687329862935,
      "fcf_margin": -0.146132814365538,
      "incr_op_margin_yoy": 4.280883757270597,
      "rev_growth_yoy": -0.12090265022303857,
      "rev_growth_yoy_accel": -0.032081933255070263,
      "fcf_margin_change": -0.20874471180836474
    },
    {
      "date": "2023-04-30T00:00:00",
      "quarter_label": "2023-04 (Q2)",
      "revenue": 236539000,
      "gross_profit": 102946000,
      "operating_income": -11880000,
      "net_income": -29415000,
      "opex": 114826000,
      "cogs": 133593000,
      "rd": 51827000,
      "sga": 58117000,
      "fcf": -103964000,
      "ocf": -89987000,
      "capex": -13977000,
      "gross_margin": 0.4352178710487488,
      "op_margin": -0.05022427591221743,
      "fcf_margin": -0.43952160108903815,
      "incr_op_margin_yoy": -1.7136376853736552,
      "rev_growth_yoy": 0.17012203869423048,
      "rev_growth_yoy_accel": 0.29102468891726907,
      "op_leverage_ratio": Infinity,
      "fcf_margin_change": -0.29338878672350016
    },
    {
      "date": "2023-07-30T00:00:00",
      "quarter_label": "2023-07 (Q3)",
      "revenue": 238372000,
      "gross_profit": 100728000,
      "operating_income": -300109000,
      "net_income": -382002000,
      "opex": 400837000,
      "cogs": 137644000,
      "rd": 51387000,
      "sga": 65024000,
      "fcf": -18925000,
      "ocf": -12005000,
      "capex": -6920000,
      "gross_margin": 0.42256640880640345,
      "op_margin": -1.258994344973403,
      "fcf_margin": -0.07939271390935176,
      "incr_op_margin_yoy": -12.505872656089018,
      "rev_growth_yoy": 0.1391514618597494,
      "rev_growth_yoy_accel": -0.030970576834481095,
      "fcf_margin_change": 0.3601288871796864
    },
    {
      "date": "2023-10-29T00:00:00",
      "quarter_label": "2023-10 (Q4)",
      "revenue": 200899000,
      "gross_profit": 92966000,
      "operating_income": -12373000,
      "net_income": -38250000,
      "opex": 105339000,
      "cogs": 107933000,
      "rd": 46911000,
      "sga": 47663000,
      "fcf": -12423000,
      "ocf": -5847000,
      "capex": -6576000,
      "gross_margin": 0.46274993902408673,
      "op_margin": -0.06158816121533706,
      "fcf_margin": -0.06183704249398952,
      "incr_op_margin_yoy": -2.136592070787337,
      "rev_growth_yoy": 0.1310734272427344,
      "rev_growth_yoy_accel": -0.008078034617014979,
      "fcf_margin_change": 0.017555671415362246
    },
    {
      "date": "2024-01-28T00:00:00",
      "quarter_label": "2024-01 (Q1)",
      "revenue": 192948000,
      "gross_profit": -390000,
      "operating_income": -619960000,
      "net_income": -642363000,
      "opex": 619570000,
      "cogs": 193338000,
      "rd": 41505000,
      "sga": 55198000,
      "fcf": 12207000,
      "ocf": 13919000,
      "capex": -1712000,
      "gross_margin": -0.0020212699794763356,
      "op_margin": -3.213093683272177,
      "fcf_margin": 0.0632657503576093,
      "incr_op_margin_yoy": -22.185131309954397,
      "rev_growth_yoy": 0.15184583791011988,
      "rev_growth_yoy_accel": 0.02077241066738547,
      "fcf_margin_change": 0.1251027928515988
    },
    {
      "date": "2024-04-28T00:00:00",
      "quarter_label": "2024-04 (Q2)",
      "revenue": 206105000,
      "gross_profit": 99592000,
      "operating_income": 3143000,
      "net_income": -23159000,
      "opex": 96449000,
      "cogs": 106513000,
      "rd": 41604000,
      "sga": 52269000,
      "fcf": -1423000,
      "ocf": -89000,
      "capex": -1334000,
      "gross_margin": 0.48321001431309285,
      "op_margin": 0.01524950874554232,
      "fcf_margin": -0.006904247834841465,
      "incr_op_margin_yoy": -0.49362555037129524,
      "rev_growth_yoy": -0.12866377214751057,
      "rev_growth_yoy_accel": -0.2805096100576304,
      "op_leverage_ratio": Infinity,
      "fcf_margin_change": -0.07016999819245076
    },
    {
      "date": "2024-07-28T00:00:00",
      "quarter_label": "2024-07 (Q3)",
      "revenue": 215355000,
      "gross_profit": 105464000,
      "operating_income": 7768000,
      "net_income": -170295000,
      "opex": 97696000,
      "cogs": 109891000,
      "rd": 40084000,
      "sga": 55789000,
      "fcf": -8406000,
      "ocf": -4995000,
      "capex": -3411000,
      "gross_margin": 0.48972162243737083,
      "op_margin": 0.03607067400338975,
      "fcf_margin": -0.03903322421118618,
      "incr_op_margin_yoy": -13.376069861406787,
      "rev_growth_yoy": -0.09655915963284278,
      "rev_growth_yoy_accel": 0.032104612514667785,
      "op_leverage_ratio": 3.471238714113747,
      "fcf_margin_change": -0.032128976376344716
    },
    {
      "date": "2024-10-27T00:00:00",
      "quarter_label": "2024-10 (Q4)",
      "revenue": 236825000,
      "gross_profit": 120968000,
      "operating_income": 17785000,
      "net_income": -7586000,
      "opex": 103183000,
      "cogs": 115857000,
      "rd": 42563000,
      "sga": 59777000,
      "fcf": 29092000,
      "ocf": 29575000,
      "capex": -483000,
      "gross_margin": 0.5107906682149266,
      "op_margin": 0.07509764594109575,
      "fcf_margin": 0.12284176079383512,
      "incr_op_margin_yoy": 0.8394477537159717,
      "rev_growth_yoy": 0.17882617633736356,
      "rev_growth_yoy_accel": 0.2753853359702063,
      "op_leverage_ratio": 1.7750839917764853,
      "fcf_margin_change": 0.1618749850050213
    },
    {
      "date": "2025-01-26T00:00:00",
      "quarter_label": "2025-01 (Q1)",
      "revenue": 251002000,
      "gross_profit": 130504000,
      "operating_income": 21238000,
      "net_income": 39144000,
      "opex": 109266000,
      "cogs": 120498000,
      "rd": 46657000,
      "sga": 54533000,
      "fcf": 30863000,
      "ocf": 33496000,
      "capex": -2633000,
      "gross_margin": 0.5199321120947243,
      "op_margin": 0.08461287161058477,
      "fcf_margin": 0.12295917960813062,
      "incr_op_margin_yoy": 11.044854790367589,
      "rev_growth_yoy": 0.30087899330389534,
      "rev_growth_yoy_accel": 0.12205281696653178,
      "op_leverage_ratio": 1.0154233070485124,
      "fcf_margin_change": 0.00011741881429550016
    },
    {
      "date": "2025-04-27T00:00:00",
      "quarter_label": "2025-04 (Q2)",
      "revenue": 251060000,
      "gross_profit": 131289000,
      "operating_income": 35967000,
      "net_income": 19345000,
      "opex": 95322000,
      "cogs": 119771000,
      "rd": 47529000,
      "sga": 46447000,
      "fcf": 26174000,
      "ocf": 27824000,
      "capex": -1650000,
      "gross_margin": 0.5229387397434876,
      "op_margin": 0.14326057516131602,
      "fcf_margin": 0.10425396319604875,
      "incr_op_margin_yoy": 0.730152374596819,
      "rev_growth_yoy": 0.21811697920962617,
      "rev_growth_yoy_accel": -0.08276201409426917,
      "fcf_margin_change": -0.018705216412081865
    },
    {
      "date": "2025-07-27T00:00:00",
      "quarter_label": "2025-07 (Q3)",
      "revenue": 257589000,
      "gross_profit": 134105000,
      "operating_income": -16192000,
      "net_income": -27064000,
      "opex": 150297000,
      "cogs": 123484000,
      "rd": 48198000,
      "sga": 58469000,
      "fcf": 41511000,
      "ocf": 44395000,
      "capex": -2884000,
      "gross_margin": 0.5206161753801599,
      "op_margin": -0.06285982708888967,
      "fcf_margin": 0.1611520678289834,
      "incr_op_margin_yoy": -0.5673154330634086,
      "rev_growth_yoy": 0.196113394163126,
      "rev_growth_yoy_accel": -0.022003585046500157,
      "op_leverage_ratio": 0.04509174600376531,
      "fcf_margin_change": 0.05689810463293464
    },
    {
      "date": "2025-10-26T00:00:00",
      "quarter_label": "2025-10 (Q4)",
      "revenue": 266971000,
      "gross_profit": 138478000,
      "operating_income": 31057000,
      "net_income": -2862000,
      "opex": 107421000,
      "cogs": 128493000,
      "rd": 49404000,
      "sga": 57113000,
      "fcf": 44643000,
      "ocf": 47462000,
      "capex": -2819000,
      "gross_margin": 0.5187005330166947,
      "op_margin": 0.11633098726078862,
      "fcf_margin": 0.1672204097074214,
      "incr_op_margin_yoy": 0.44025741391892786,
      "rev_growth_yoy": 0.12729230444420986,
      "rev_growth_yoy_accel": -0.06882108971891615,
      "op_leverage_ratio": Infinity,
      "fcf_margin_change": 0.006068341878438022
    }
  ],
  "signals": [
    {
      "quarter": "2025-10 (Q4)",
      "signal": "YoY REVENUE GROWTH DECELERATION",
      "detail": "YoY growth: +12.7% vs prior quarter YoY: +19.6% (decel: -6.9%)",
      "severity": "WARNING"
    },
    {
      "quarter": "2025-10 (Q4)",
      "signal": "INCREMENTAL MARGIN (YoY)",
      "detail": "YoY Incr OPM: +44.0% vs year-ago OPM: +7.5%",
      "severity": "HIGH"
    },
    {
      "quarter": "2025-10 (Q4)",
      "signal": "OP MARGIN TURNED POSITIVE (QoQ)",
      "detail": "Op margin: -6.3% -> +11.6%",
      "severity": "HIGH"
    },
    {
      "quarter": "2025-07 (Q3)",
      "signal": "FCF MARGIN EXPANSION",
      "detail": "FCF margin: +10.4% -> +16.1% (+5.7%)",
      "severity": "MEDIUM"
    },
    {
      "quarter": "2025-04 (Q2)",
      "signal": "YoY REVENUE GROWTH DECELERATION",
      "detail": "YoY growth: +21.8% vs prior quarter YoY: +30.1% (decel: -8.3%)",
      "severity": "WARNING"
    },
    {
      "quarter": "2025-04 (Q2)",
      "signal": "INCREMENTAL MARGIN (YoY)",
      "detail": "YoY Incr OPM: +73.0% vs year-ago OPM: +1.5%",
      "severity": "HIGH"
    },
    {
      "quarter": "2025-01 (Q1)",
      "signal": "YoY REVENUE GROWTH ACCELERATION",
      "detail": "YoY growth: +30.1% vs prior quarter YoY: +17.9% (accel: +12.2%)",
      "severity": "MEDIUM"
    },
    {
      "quarter": "2025-01 (Q1)",
      "signal": "OP MARGIN TURNED POSITIVE (YoY)",
      "detail": "Op margin: -321.3% (year-ago) -> +8.5%",
      "severity": "HIGH"
    },
    {
      "quarter": "2024-10 (Q4)",
      "signal": "FCF TURNED POSITIVE",
      "detail": "FCF margin: -3.9% -> +12.3%",
      "severity": "HIGH"
    },
    {
      "quarter": "2024-10 (Q4)",
      "signal": "OPERATING LEVERAGE",
      "detail": "Rev growth +10.0% vs OpEx growth +5.6% (leverage: 1.8x)",
      "severity": "MEDIUM"
    },
    {
      "quarter": "2024-10 (Q4)",
      "signal": "YoY REVENUE GROWTH ACCELERATION",
      "detail": "YoY growth: +17.9% vs prior quarter YoY: -9.7% (accel: +27.5%)",
      "severity": "HIGH"
    },
    {
      "quarter": "2024-10 (Q4)",
      "signal": "OP MARGIN TURNED POSITIVE (YoY)",
      "detail": "Op margin: -6.2% (year-ago) -> +7.5%",
      "severity": "HIGH"
    },
    {
      "quarter": "2024-07 (Q3)",
      "signal": "OPERATING LEVERAGE",
      "detail": "Rev growth +4.5% vs OpEx growth +1.3% (leverage: 3.5x)",
      "severity": "MEDIUM"
    },
    {
      "quarter": "2024-07 (Q3)",
      "signal": "OP MARGIN TURNED POSITIVE (YoY)",
      "detail": "Op margin: -125.9% (year-ago) -> +3.6%",
      "severity": "HIGH"
    },
    {
      "quarter": "2024-04 (Q2)",
      "signal": "GROSS MARGIN INFLECTION",
      "detail": "GM: +46.3% -> -0.2% -> +48.3% (reversal +48.5%)",
      "severity": "HIGH"
    },
    {
      "quarter": "2024-04 (Q2)",
      "signal": "YoY REVENUE GROWTH DECELERATION",
      "detail": "YoY growth: -12.9% vs prior quarter YoY: +15.2% (decel: -28.1%)",
      "severity": "WARNING"
    },
    {
      "quarter": "2024-04 (Q2)",
      "signal": "OP MARGIN TURNED POSITIVE (YoY)",
      "detail": "Op margin: -5.0% (year-ago) -> +1.5%",
      "severity": "HIGH"
    },
    {
      "quarter": "2024-04 (Q2)",
      "signal": "OP MARGIN TURNED POSITIVE (QoQ)",
      "detail": "Op margin: -321.3% -> +1.5%",
      "severity": "HIGH"
    },
    {
      "quarter": "2024-01 (Q1)",
      "signal": "FCF TURNED POSITIVE",
      "detail": "FCF margin: -6.2% -> +6.3%",
      "severity": "HIGH"
    },
    {
      "quarter": "2023-10 (Q4)",
      "signal": "GROSS MARGIN INFLECTION",
      "detail": "GM: +43.5% -> +42.3% -> +46.3% (reversal +4.0%)",
      "severity": "MEDIUM"
    },
    {
      "quarter": "2023-07 (Q3)",
      "signal": "FCF MARGIN EXPANSION",
      "detail": "FCF margin: -44.0% -> -7.9% (+36.0%)",
      "severity": "MEDIUM"
    },
    {
      "quarter": "2023-04 (Q2)",
      "signal": "YoY REVENUE GROWTH ACCELERATION",
      "detail": "YoY growth: +17.0% vs prior quarter YoY: -12.1% (accel: +29.1%)",
      "severity": "HIGH"
    },
    {
      "quarter": "2022-10 (Q4)",
      "signal": "YoY REVENUE GROWTH DECELERATION",
      "detail": "YoY growth: -8.9% vs prior quarter YoY: +13.1% (decel: -22.0%)",
      "severity": "WARNING"
    },
    {
      "quarter": "2022-07 (Q3)",
      "signal": "FCF MARGIN EXPANSION",
      "detail": "FCF margin: +20.6% -> +33.5% (+12.8%)",
      "severity": "MEDIUM"
    },
    {
      "quarter": "2022-07 (Q3)",
      "signal": "YoY REVENUE GROWTH DECELERATION",
      "detail": "YoY growth: +13.1% vs prior quarter YoY: +18.7% (decel: -5.5%)",
      "severity": "WARNING"
    },
    {
      "quarter": "2022-07 (Q3)",
      "signal": "INCREMENTAL MARGIN (YoY)",
      "detail": "YoY Incr OPM: +112.9% vs year-ago OPM: +19.8%",
      "severity": "HIGH"
    },
    {
      "quarter": "2022-05 (Q2)",
      "signal": "INCREMENTAL MARGIN (YoY)",
      "detail": "YoY Incr OPM: +60.1% vs year-ago OPM: +16.4%",
      "severity": "HIGH"
    },
    {
      "quarter": "2022-01 (Q1)",
      "signal": "INCREMENTAL MARGIN (YoY)",
      "detail": "YoY Incr OPM: +92.8% vs year-ago OPM: +11.5%",
      "severity": "HIGH"
    },
    {
      "quarter": "2021-10 (Q4)",
      "signal": "FCF MARGIN EXPANSION",
      "detail": "FCF margin: +24.9% -> +31.4% (+6.5%)",
      "severity": "MEDIUM"
    },
    {
      "quarter": "2021-08 (Q3)",
      "signal": "FCF MARGIN EXPANSION",
      "detail": "FCF margin: +15.7% -> +24.9% (+9.1%)",
      "severity": "MEDIUM"
    },
    {
      "quarter": "2021-08 (Q3)",
      "signal": "OPERATING LEVERAGE",
      "detail": "Rev growth +8.6% vs OpEx growth +2.4% (leverage: 3.5x)",
      "severity": "MEDIUM"
    },
    {
      "quarter": "2021-05 (Q2)",
      "signal": "FCF MARGIN EXPANSION",
      "detail": "FCF margin: +9.9% -> +15.7% (+5.8%)",
      "severity": "MEDIUM"
    }
  ],
  "data_quality": {
    "n_quarters": 20,
    "coverage": {
      "revenue": [
        20,
        20
      ],
      "gross_profit": [
        20,
        20
      ],
      "op_income": [
        20,
        20
      ],
      "fcf": [
        20,
        20
      ]
    },
    "gaps": [],
    "warnings": []
  },
  "market_cap": null,
  "source": "SEC EDGAR",
  "last_updated": "2026-02-02T20:49:06.627320"
}