{
  "ticker": "SMTI",
  "name": "SANARA MEDTECH INC.",
  "quarters": [
    {
      "date": "2020-12-31T00:00:00",
      "quarter_label": "2020-12 (Q4)",
      "revenue": 4789138,
      "gross_profit": 4299311,
      "operating_income": -852058,
      "net_income": -246493,
      "opex": 5151369,
      "cogs": 489827,
      "rd": 29168,
      "sga": null,
      "fcf": -1077987,
      "ocf": -591069,
      "capex": -486918,
      "gross_margin": 0.8977212600680957,
      "op_margin": -0.17791468944933306,
      "fcf_margin": -0.2250899848782808
    },
    {
      "date": "2021-03-31T00:00:00",
      "quarter_label": "2021-03 (Q1)",
      "revenue": 5009436,
      "gross_profit": 4535003,
      "operating_income": -1083530,
      "net_income": -1181744,
      "opex": 5618533,
      "cogs": 474433,
      "rd": 118212,
      "sga": 5409730,
      "fcf": -1265995,
      "ocf": -1261604,
      "capex": -4391,
      "gross_margin": 0.9052921326871928,
      "op_margin": -0.21629780278658117,
      "fcf_margin": -0.252722062922852,
      "op_leverage_ratio": 0.5072318252407945,
      "fcf_margin_change": -0.027632078044571184
    },
    {
      "date": "2021-06-30T00:00:00",
      "quarter_label": "2021-06 (Q2)",
      "revenue": 6277133,
      "gross_profit": 5740728,
      "operating_income": -1026204,
      "net_income": -1205973,
      "opex": 6766932,
      "cogs": 536405,
      "rd": 103981,
      "sga": 6562144,
      "fcf": -355346,
      "ocf": -334291,
      "capex": -21055,
      "gross_margin": 0.9145461789641863,
      "op_margin": -0.16348291489124095,
      "fcf_margin": -0.056609601867604206,
      "op_leverage_ratio": 1.2381029558805754,
      "fcf_margin_change": 0.19611246105524777
    },
    {
      "date": "2021-09-30T00:00:00",
      "quarter_label": "2021-09 (Q3)",
      "revenue": 5823942,
      "gross_profit": 5306331,
      "operating_income": -1854018,
      "net_income": -2047861,
      "opex": 7160349,
      "cogs": 517611,
      "rd": 35674,
      "sga": 6920105,
      "fcf": -1438984,
      "ocf": -1434273,
      "capex": -4711,
      "gross_margin": 0.9111235997885968,
      "op_margin": -0.3183441730704049,
      "fcf_margin": -0.24708075732897064,
      "fcf_margin_change": -0.19047115546136645
    },
    {
      "date": "2021-12-31T00:00:00",
      "quarter_label": "2021-12 (Q4)",
      "revenue": 7033408,
      "gross_profit": 6250636,
      "operating_income": -3412405,
      "net_income": -3556585,
      "opex": 9663041,
      "cogs": 782772,
      "rd": 300837,
      "sga": 9161197,
      "fcf": -1926068,
      "ocf": -1784358,
      "capex": -141710,
      "gross_margin": 0.8887065843471614,
      "op_margin": -0.4851709157210843,
      "fcf_margin": -0.27384562362939846,
      "incr_op_margin_yoy": -1.1408373324065286,
      "rev_growth_yoy": 0.4686166905192542,
      "op_leverage_ratio": 0.5941599962634976,
      "fcf_margin_change": -0.02676486630042782
    },
    {
      "date": "2022-03-31T00:00:00",
      "quarter_label": "2022-03 (Q1)",
      "revenue": 7811223,
      "gross_profit": 7006142,
      "operating_income": -2776872,
      "net_income": -3156505,
      "opex": 9783014,
      "cogs": 805081,
      "rd": 204637,
      "sga": 9375630,
      "fcf": -2157175,
      "ocf": -2112478,
      "capex": -44697,
      "gross_margin": 0.8969327850453124,
      "op_margin": -0.3554977242360127,
      "fcf_margin": -0.2761635405876903,
      "incr_op_margin_yoy": -0.6043792765117405,
      "rev_growth_yoy": 0.5593018854817189,
      "rev_growth_yoy_accel": 0.09068519496246469,
      "op_leverage_ratio": 8.907191849129243,
      "fcf_margin_change": -0.0023179169582918657
    },
    {
      "date": "2022-06-30T00:00:00",
      "quarter_label": "2022-06 (Q2)",
      "revenue": 9670778,
      "gross_profit": 8712692,
      "operating_income": -3194469,
      "net_income": -3257896,
      "opex": 11907161,
      "cogs": 958086,
      "rd": 1067000,
      "sga": 10428133,
      "fcf": -1190512,
      "ocf": -1154317,
      "capex": -36195,
      "gross_margin": 0.900929790757269,
      "op_margin": -0.33032182105720964,
      "fcf_margin": -0.12310405636444141,
      "incr_op_margin_yoy": -0.6389192151801382,
      "rev_growth_yoy": 0.5406361471072861,
      "rev_growth_yoy_accel": -0.01866573837443275,
      "op_leverage_ratio": 1.0964229009040498,
      "fcf_margin_change": 0.15305948422324892
    },
    {
      "date": "2022-09-30T00:00:00",
      "quarter_label": "2022-09 (Q3)",
      "revenue": 13044571,
      "gross_profit": 10816010,
      "operating_income": -3122453,
      "net_income": -1529252,
      "opex": 13938463,
      "cogs": 2228561,
      "rd": 1061387,
      "sga": 12062195,
      "fcf": -1655818,
      "ocf": -1643059,
      "capex": -12759,
      "gross_margin": 0.82915796924253,
      "op_margin": -0.239368009879359,
      "fcf_margin": -0.1269354124409304,
      "incr_op_margin_yoy": -0.17566821394645812,
      "rev_growth_yoy": 1.2398181506615278,
      "rev_growth_yoy_accel": 0.6991820035542416,
      "op_leverage_ratio": 2.0449879285199373,
      "fcf_margin_change": -0.00383135607648899
    },
    {
      "date": "2022-12-31T00:00:00",
      "quarter_label": "2022-12 (Q4)",
      "revenue": 15316273,
      "gross_profit": 12947150,
      "operating_income": -3011544,
      "net_income": -4008654,
      "opex": 15958694,
      "cogs": 2369123,
      "rd": 1034008,
      "sga": 14110370,
      "fcf": -698380,
      "ocf": -645016,
      "capex": -53364,
      "gross_margin": 0.8453198764477494,
      "op_margin": -0.19662381311693777,
      "fcf_margin": -0.045597254632376946,
      "incr_op_margin_yoy": 0.04839641838904775,
      "rev_growth_yoy": 1.1776460287814954,
      "rev_growth_yoy_accel": -0.062172121880032405,
      "op_leverage_ratio": 1.2015322029130104,
      "fcf_margin_change": 0.08133815780855345
    },
    {
      "date": "2023-03-31T00:00:00",
      "quarter_label": "2023-03 (Q1)",
      "revenue": 15521917,
      "gross_profit": 13396258,
      "operating_income": -1216323,
      "net_income": -1177900,
      "opex": 14612581,
      "cogs": 2125659,
      "rd": 1317324,
      "sga": 12969069,
      "fcf": -1769018,
      "ocf": -1741313,
      "capex": -27705,
      "gross_margin": 0.8630543508253523,
      "op_margin": -0.07836164824228863,
      "fcf_margin": -0.11396904132395502,
      "incr_op_margin_yoy": 0.20238761906515806,
      "rev_growth_yoy": 0.9871301843514133,
      "rev_growth_yoy_accel": -0.19051584443008207,
      "op_leverage_ratio": Infinity,
      "fcf_margin_change": -0.06837178669157808
    },
    {
      "date": "2023-06-30T00:00:00",
      "quarter_label": "2023-06 (Q2)",
      "revenue": 15753164,
      "gross_profit": 13565648,
      "operating_income": -1866180,
      "net_income": -1827733,
      "opex": 15431828,
      "cogs": 2187516,
      "rd": 1177128,
      "sga": 13811476,
      "fcf": -1732794,
      "ocf": -1719849,
      "capex": -12945,
      "gross_margin": 0.8611379910727776,
      "op_margin": -0.11846382098224839,
      "fcf_margin": -0.10999656957802255,
      "incr_op_margin_yoy": 0.21838288461140085,
      "rev_growth_yoy": 0.6289448480773728,
      "rev_growth_yoy_accel": -0.3581853362740405,
      "op_leverage_ratio": 0.26573136738540976,
      "fcf_margin_change": 0.003972471745932474
    },
    {
      "date": "2023-09-30T00:00:00",
      "quarter_label": "2023-09 (Q3)",
      "revenue": 16024948,
      "gross_profit": 14273599,
      "operating_income": -906655,
      "net_income": -1060370,
      "opex": 15180254,
      "cogs": 1751349,
      "rd": 986454,
      "sga": 13877879,
      "fcf": 893818,
      "ocf": 1064138,
      "capex": -170320,
      "gross_margin": 0.890711096223214,
      "op_margin": -0.0565777186921293,
      "fcf_margin": 0.05577665525030097,
      "incr_op_margin_yoy": 0.7434623203708792,
      "rev_growth_yoy": 0.22847642900636594,
      "rev_growth_yoy_accel": -0.4004684190710069,
      "op_leverage_ratio": Infinity,
      "fcf_margin_change": 0.16577322482832352
    },
    {
      "date": "2023-12-31T00:00:00",
      "quarter_label": "2023-12 (Q4)",
      "revenue": 17689813,
      "gross_profit": 15901651,
      "operating_income": -225995,
      "net_income": -237194,
      "opex": 16127646,
      "cogs": 1788162,
      "rd": 651519,
      "sga": 16336329,
      "fcf": -902808,
      "ocf": -848532,
      "capex": -54276,
      "gross_margin": 0.8989157205901498,
      "op_margin": -0.012775431826215461,
      "fcf_margin": -0.05103547448466527,
      "incr_op_margin_yoy": 1.1735841822762625,
      "rev_growth_yoy": 0.15496850963677652,
      "rev_growth_yoy_accel": -0.07350791936958942,
      "op_leverage_ratio": 1.6646836714306568,
      "fcf_margin_change": -0.10681212973496623
    },
    {
      "date": "2024-03-31T00:00:00",
      "quarter_label": "2024-03 (Q1)",
      "revenue": 18536638,
      "gross_profit": 16646592,
      "operating_income": -1531707,
      "net_income": -1764184,
      "opex": 18178299,
      "cogs": 1890046,
      "rd": 946298,
      "sga": 16192259,
      "fcf": -1660188,
      "ocf": -1594370,
      "capex": -65818,
      "gross_margin": 0.8980372816257187,
      "op_margin": -0.08263132721262616,
      "fcf_margin": -0.08956251937379367,
      "incr_op_margin_yoy": -0.10461465588357928,
      "rev_growth_yoy": 0.19422349700748948,
      "rev_growth_yoy_accel": 0.03925498737071295,
      "op_leverage_ratio": 0.3764863485655489,
      "fcf_margin_change": -0.0385270448891284
    },
    {
      "date": "2024-06-30T00:00:00",
      "quarter_label": "2024-06 (Q2)",
      "revenue": 20158823,
      "gross_profit": 18150137,
      "operating_income": -2884856,
      "net_income": -3504014,
      "opex": 21034993,
      "cogs": 2008686,
      "rd": 985651,
      "sga": 18957608,
      "fcf": -1470692,
      "ocf": -1411930,
      "capex": -58762,
      "gross_margin": 0.9003569801669472,
      "op_margin": -0.1431063708431787,
      "fcf_margin": -0.07295525140530278,
      "incr_op_margin_yoy": -0.2312198924156409,
      "rev_growth_yoy": 0.2796681987186828,
      "rev_growth_yoy_accel": 0.08544470171119334,
      "op_leverage_ratio": 0.5568765528364014,
      "fcf_margin_change": 0.016607267968490894
    },
    {
      "date": "2024-09-30T00:00:00",
      "quarter_label": "2024-09 (Q3)",
      "revenue": 21671599,
      "gross_profit": 19679612,
      "operating_income": -1924027,
      "net_income": -2857768,
      "opex": 21603639,
      "cogs": 1991987,
      "rd": 1359530,
      "sga": 18993255,
      "fcf": 2041373,
      "ocf": 2050469,
      "capex": -9096,
      "gross_margin": 0.9080830629987201,
      "op_margin": -0.08878103549258179,
      "fcf_margin": 0.09419577207939295,
      "incr_op_margin_yoy": -0.18017263684261697,
      "rev_growth_yoy": 0.3523662604084581,
      "rev_growth_yoy_accel": 0.07269806168977527,
      "op_leverage_ratio": 2.7759384824437245,
      "fcf_margin_change": 0.16715102348469574
    },
    {
      "date": "2024-12-31T00:00:00",
      "quarter_label": "2024-12 (Q4)",
      "revenue": 26305365,
      "gross_profit": 24056183,
      "operating_income": -374884,
      "net_income": -1538581,
      "opex": 24431067,
      "cogs": 2249182,
      "rd": 2411883,
      "sga": 22416741,
      "fcf": 859875,
      "ocf": 932047,
      "capex": -72172,
      "gross_margin": 0.9144972137812952,
      "op_margin": -0.014251237342648543,
      "fcf_margin": 0.03268819877618121,
      "incr_op_margin_yoy": -0.01728142317520688,
      "rev_growth_yoy": 0.48703465661282,
      "rev_growth_yoy_accel": 0.13466839620436194,
      "op_leverage_ratio": 1.6337232871039142,
      "fcf_margin_change": -0.061507573303211736
    },
    {
      "date": "2025-03-31T00:00:00",
      "quarter_label": "2025-03 (Q1)",
      "revenue": 23434096,
      "gross_profit": 21599129,
      "operating_income": -2080029,
      "net_income": -3527177,
      "opex": 23679158,
      "cogs": 1834967,
      "rd": 1114138,
      "sga": 21440610,
      "fcf": -3721533,
      "ocf": -1998884,
      "capex": -1722649,
      "gross_margin": 0.9216967021044891,
      "op_margin": -0.08876079538122572,
      "fcf_margin": -0.1588084729191175,
      "incr_op_margin_yoy": -0.11196053136137155,
      "rev_growth_yoy": 0.2642042208516992,
      "rev_growth_yoy_accel": -0.22283043576112083,
      "fcf_margin_change": -0.19149667169529871
    },
    {
      "date": "2025-06-30T00:00:00",
      "quarter_label": "2025-06 (Q2)",
      "revenue": 25830834,
      "gross_profit": 23893552,
      "operating_income": -31348,
      "net_income": -2014362,
      "opex": 23924900,
      "cogs": 1937282,
      "rd": 1257475,
      "sga": 21553194,
      "fcf": 902652,
      "ocf": 2664011,
      "capex": -1761359,
      "gross_margin": 0.925001182695069,
      "op_margin": -0.0012135883804603445,
      "fcf_margin": 0.03494474858999907,
      "incr_op_margin_yoy": 0.503085766230002,
      "rev_growth_yoy": 0.2813661789678891,
      "rev_growth_yoy_accel": 0.017161958116189924,
      "op_leverage_ratio": 9.85505888944062,
      "fcf_margin_change": 0.19375322150911659
    },
    {
      "date": "2025-09-30T00:00:00",
      "quarter_label": "2025-09 (Q3)",
      "revenue": 26333819,
      "gross_profit": 24459605,
      "operating_income": 2941240,
      "net_income": -30411153,
      "opex": 21518365,
      "cogs": 1874214,
      "rd": 1029591,
      "sga": 19877875,
      "fcf": 1116958,
      "ocf": 2176441,
      "capex": -1059483,
      "gross_margin": 0.9288286290719929,
      "op_margin": 0.11169059831390199,
      "fcf_margin": 0.04241534431447258,
      "incr_op_margin_yoy": 1.0435515698529885,
      "rev_growth_yoy": 0.21513041100474403,
      "rev_growth_yoy_accel": -0.06623576796314509,
      "op_leverage_ratio": Infinity,
      "fcf_margin_change": 0.0074705957244735124
    }
  ],
  "signals": [
    {
      "quarter": "2025-09 (Q3)",
      "signal": "YoY REVENUE GROWTH DECELERATION",
      "detail": "YoY growth: +21.5% vs prior quarter YoY: +28.1% (decel: -6.6%)",
      "severity": "WARNING"
    },
    {
      "quarter": "2025-09 (Q3)",
      "signal": "OP MARGIN TURNED POSITIVE (YoY)",
      "detail": "Op margin: -8.9% (year-ago) -> +11.2%",
      "severity": "HIGH"
    },
    {
      "quarter": "2025-09 (Q3)",
      "signal": "OP MARGIN TURNED POSITIVE (QoQ)",
      "detail": "Op margin: -0.1% -> +11.2%",
      "severity": "HIGH"
    },
    {
      "quarter": "2025-06 (Q2)",
      "signal": "FCF TURNED POSITIVE",
      "detail": "FCF margin: -15.9% -> +3.5%",
      "severity": "HIGH"
    },
    {
      "quarter": "2025-06 (Q2)",
      "signal": "OPERATING LEVERAGE",
      "detail": "Rev growth +10.2% vs OpEx growth +1.0% (leverage: 9.9x)",
      "severity": "MEDIUM"
    },
    {
      "quarter": "2025-03 (Q1)",
      "signal": "YoY REVENUE GROWTH DECELERATION",
      "detail": "YoY growth: +26.4% vs prior quarter YoY: +48.7% (decel: -22.3%)",
      "severity": "WARNING"
    },
    {
      "quarter": "2024-12 (Q4)",
      "signal": "OPERATING LEVERAGE",
      "detail": "Rev growth +21.4% vs OpEx growth +13.1% (leverage: 1.6x)",
      "severity": "MEDIUM"
    },
    {
      "quarter": "2024-12 (Q4)",
      "signal": "YoY REVENUE GROWTH ACCELERATION",
      "detail": "YoY growth: +48.7% vs prior quarter YoY: +35.2% (accel: +13.5%)",
      "severity": "MEDIUM"
    },
    {
      "quarter": "2024-09 (Q3)",
      "signal": "FCF TURNED POSITIVE",
      "detail": "FCF margin: -7.3% -> +9.4%",
      "severity": "HIGH"
    },
    {
      "quarter": "2024-09 (Q3)",
      "signal": "OPERATING LEVERAGE",
      "detail": "Rev growth +7.5% vs OpEx growth +2.7% (leverage: 2.8x)",
      "severity": "MEDIUM"
    },
    {
      "quarter": "2024-09 (Q3)",
      "signal": "YoY REVENUE GROWTH ACCELERATION",
      "detail": "YoY growth: +35.2% vs prior quarter YoY: +28.0% (accel: +7.3%)",
      "severity": "MEDIUM"
    },
    {
      "quarter": "2024-06 (Q2)",
      "signal": "YoY REVENUE GROWTH ACCELERATION",
      "detail": "YoY growth: +28.0% vs prior quarter YoY: +19.4% (accel: +8.5%)",
      "severity": "MEDIUM"
    },
    {
      "quarter": "2023-12 (Q4)",
      "signal": "OPERATING LEVERAGE",
      "detail": "Rev growth +10.4% vs OpEx growth +6.2% (leverage: 1.7x)",
      "severity": "MEDIUM"
    },
    {
      "quarter": "2023-12 (Q4)",
      "signal": "YoY REVENUE GROWTH DECELERATION",
      "detail": "YoY growth: +15.5% vs prior quarter YoY: +22.8% (decel: -7.4%)",
      "severity": "WARNING"
    },
    {
      "quarter": "2023-09 (Q3)",
      "signal": "FCF TURNED POSITIVE",
      "detail": "FCF margin: -11.0% -> +5.6%",
      "severity": "HIGH"
    },
    {
      "quarter": "2023-09 (Q3)",
      "signal": "GROSS MARGIN INFLECTION",
      "detail": "GM: +86.3% -> +86.1% -> +89.1% (reversal +3.0%)",
      "severity": "MEDIUM"
    },
    {
      "quarter": "2023-09 (Q3)",
      "signal": "YoY REVENUE GROWTH DECELERATION",
      "detail": "YoY growth: +22.8% vs prior quarter YoY: +62.9% (decel: -40.0%)",
      "severity": "WARNING"
    },
    {
      "quarter": "2023-06 (Q2)",
      "signal": "YoY REVENUE GROWTH DECELERATION",
      "detail": "YoY growth: +62.9% vs prior quarter YoY: +98.7% (decel: -35.8%)",
      "severity": "WARNING"
    },
    {
      "quarter": "2023-03 (Q1)",
      "signal": "YoY REVENUE GROWTH DECELERATION",
      "detail": "YoY growth: +98.7% vs prior quarter YoY: +117.8% (decel: -19.1%)",
      "severity": "WARNING"
    },
    {
      "quarter": "2022-12 (Q4)",
      "signal": "FCF MARGIN EXPANSION",
      "detail": "FCF margin: -12.7% -> -4.6% (+8.1%)",
      "severity": "MEDIUM"
    },
    {
      "quarter": "2022-12 (Q4)",
      "signal": "YoY REVENUE GROWTH DECELERATION",
      "detail": "YoY growth: +117.8% vs prior quarter YoY: +124.0% (decel: -6.2%)",
      "severity": "WARNING"
    },
    {
      "quarter": "2022-09 (Q3)",
      "signal": "OPERATING LEVERAGE",
      "detail": "Rev growth +34.9% vs OpEx growth +17.1% (leverage: 2.0x)",
      "severity": "MEDIUM"
    },
    {
      "quarter": "2022-09 (Q3)",
      "signal": "YoY REVENUE GROWTH ACCELERATION",
      "detail": "YoY growth: +124.0% vs prior quarter YoY: +54.1% (accel: +69.9%)",
      "severity": "HIGH"
    },
    {
      "quarter": "2022-06 (Q2)",
      "signal": "FCF MARGIN EXPANSION",
      "detail": "FCF margin: -27.6% -> -12.3% (+15.3%)",
      "severity": "MEDIUM"
    },
    {
      "quarter": "2022-03 (Q1)",
      "signal": "OPERATING LEVERAGE",
      "detail": "Rev growth +11.1% vs OpEx growth +1.2% (leverage: 8.9x)",
      "severity": "MEDIUM"
    },
    {
      "quarter": "2022-03 (Q1)",
      "signal": "YoY REVENUE GROWTH ACCELERATION",
      "detail": "YoY growth: +55.9% vs prior quarter YoY: +46.9% (accel: +9.1%)",
      "severity": "MEDIUM"
    },
    {
      "quarter": "2021-06 (Q2)",
      "signal": "FCF MARGIN EXPANSION",
      "detail": "FCF margin: -25.3% -> -5.7% (+19.6%)",
      "severity": "MEDIUM"
    }
  ],
  "data_quality": {
    "n_quarters": 20,
    "coverage": {
      "revenue": [
        20,
        20
      ],
      "gross_profit": [
        20,
        20
      ],
      "op_income": [
        20,
        20
      ],
      "fcf": [
        20,
        20
      ]
    },
    "gaps": [],
    "warnings": []
  },
  "market_cap": null,
  "source": "SEC EDGAR",
  "last_updated": "2026-02-02T23:03:38.712947"
}