{
  "ticker": "SMXT",
  "name": "SolarMax Technology, Inc.",
  "quarters": [
    {
      "date": "2023-03-31T00:00:00",
      "quarter_label": "2023-03 (Q1)",
      "revenue": 12868478,
      "gross_profit": 2072337,
      "operating_income": 527211,
      "net_income": 742815,
      "opex": 1545126,
      "cogs": 10796141,
      "rd": null,
      "sga": null,
      "fcf": 2363971,
      "ocf": 2363971,
      "capex": null,
      "gross_margin": 0.16103979040878028,
      "op_margin": 0.04096918065990399,
      "fcf_margin": 0.18370245494455523
    },
    {
      "date": "2023-06-30T00:00:00",
      "quarter_label": "2023-06 (Q2)",
      "revenue": 14753462,
      "gross_profit": 2080555,
      "operating_income": -910669,
      "net_income": -1858295,
      "opex": 2991224,
      "cogs": 12672907,
      "rd": null,
      "sga": null,
      "fcf": -3747755,
      "ocf": -3747755,
      "capex": null,
      "gross_margin": 0.14102147685743183,
      "op_margin": -0.06172578341273391,
      "fcf_margin": -0.25402546195598025,
      "op_leverage_ratio": 0.15651164599278597,
      "fcf_margin_change": -0.4377279169005355
    },
    {
      "date": "2023-09-30T00:00:00",
      "quarter_label": "2023-09 (Q3)",
      "revenue": 14273607,
      "gross_profit": 4048351,
      "operating_income": 920449,
      "net_income": 1465363,
      "opex": 3127902,
      "cogs": 10225256,
      "rd": null,
      "sga": null,
      "fcf": 994590,
      "ocf": 994590,
      "capex": null,
      "gross_margin": 0.28362494497711754,
      "op_margin": 0.06448608259986421,
      "fcf_margin": 0.06968035479749442,
      "fcf_margin_change": 0.32370581675347465
    },
    {
      "date": "2023-12-31T00:00:00",
      "quarter_label": "2023-12 (Q4)",
      "revenue": 12243783,
      "gross_profit": 2947694,
      "operating_income": -53140,
      "net_income": 84903,
      "opex": 3000834,
      "cogs": 9296089,
      "rd": null,
      "sga": null,
      "fcf": 4480363,
      "ocf": 4480363,
      "capex": null,
      "gross_margin": 0.24075026484869913,
      "op_margin": -0.004340161860104838,
      "fcf_margin": 0.36592963138925283,
      "fcf_margin_change": 0.2962492765917584
    },
    {
      "date": "2024-03-31T00:00:00",
      "quarter_label": "2024-03 (Q1)",
      "revenue": 5764074,
      "gross_profit": -464407,
      "operating_income": -18880739,
      "net_income": -19271787,
      "opex": 18416332,
      "cogs": 6228481,
      "rd": null,
      "sga": null,
      "fcf": -6400294,
      "ocf": -6400294,
      "capex": null,
      "gross_margin": -0.08056922933328059,
      "op_margin": -3.275589279388155,
      "fcf_margin": -1.1103767925255643,
      "incr_op_margin_yoy": 2.7318195868365596,
      "rev_growth_yoy": -0.5520780312947654,
      "fcf_margin_change": -1.4763064239148171
    },
    {
      "date": "2024-06-30T00:00:00",
      "quarter_label": "2024-06 (Q2)",
      "revenue": 4454301,
      "gross_profit": 588083,
      "operating_income": -2399569,
      "net_income": -2164224,
      "opex": 2987652,
      "cogs": 3866218,
      "rd": null,
      "sga": null,
      "fcf": -1621919,
      "ocf": -1621919,
      "capex": null,
      "gross_margin": 0.13202587790991224,
      "op_margin": -0.5387083180952522,
      "fcf_margin": -0.3641242475530953,
      "incr_op_margin_yoy": 0.14456517380396325,
      "rev_growth_yoy": -0.6980843547094234,
      "rev_growth_yoy_accel": -0.14600632341465802,
      "fcf_margin_change": 0.7462525449724691
    },
    {
      "date": "2024-09-30T00:00:00",
      "quarter_label": "2024-09 (Q3)",
      "revenue": 6331606,
      "gross_profit": 1257339,
      "operating_income": -10027306,
      "net_income": -9622730,
      "opex": 11284645,
      "cogs": 5074267,
      "rd": null,
      "sga": null,
      "fcf": 203618,
      "ocf": 203618,
      "capex": null,
      "gross_margin": 0.19858137098233844,
      "op_margin": -1.583690772925542,
      "fcf_margin": 0.03215898146536598,
      "incr_op_margin_yoy": 1.3784630598762202,
      "rev_growth_yoy": -0.556411634424291,
      "rev_growth_yoy_accel": 0.14167272028513245,
      "op_leverage_ratio": 0.15176253129675718,
      "fcf_margin_change": 0.3962832290184613
    },
    {
      "date": "2024-12-31T00:00:00",
      "quarter_label": "2024-12 (Q4)",
      "revenue": 6436900,
      "gross_profit": 933560,
      "operating_income": -1795934,
      "net_income": -3903595,
      "opex": 2729494,
      "cogs": 5503340,
      "rd": null,
      "sga": null,
      "fcf": -1311515,
      "ocf": -1311515,
      "capex": null,
      "gross_margin": 0.14503254672280136,
      "op_margin": -0.2790060432817039,
      "fcf_margin": -0.2037494756792866,
      "incr_op_margin_yoy": 0.3001255578939682,
      "rev_growth_yoy": -0.4742719631669395,
      "rev_growth_yoy_accel": 0.0821396712573515,
      "op_leverage_ratio": Infinity,
      "fcf_margin_change": -0.23590845714465258
    },
    {
      "date": "2025-03-31T00:00:00",
      "quarter_label": "2025-03 (Q1)",
      "revenue": 6927469,
      "gross_profit": 1419071,
      "operating_income": -1155504,
      "net_income": -1296242,
      "opex": 2574575,
      "cogs": 5508398,
      "rd": null,
      "sga": null,
      "fcf": -601134,
      "ocf": -601134,
      "capex": null,
      "gross_margin": 0.20484696503152883,
      "op_margin": -0.1668003133612002,
      "fcf_margin": -0.08677541537897895,
      "incr_op_margin_yoy": 15.235784063022447,
      "rev_growth_yoy": 0.2018355420142073,
      "rev_growth_yoy_accel": 0.6761075051811468,
      "op_leverage_ratio": Infinity,
      "fcf_margin_change": 0.11697406030030766
    },
    {
      "date": "2025-06-30T00:00:00",
      "quarter_label": "2025-06 (Q2)",
      "revenue": 6883004,
      "gross_profit": 604561,
      "operating_income": -1768694,
      "net_income": -1898777,
      "opex": 2373255,
      "cogs": 6278443,
      "rd": null,
      "sga": null,
      "fcf": 220702,
      "ocf": 220702,
      "capex": null,
      "gross_margin": 0.08783388764556871,
      "op_margin": -0.25696541800644024,
      "fcf_margin": 0.032064778692559234,
      "incr_op_margin_yoy": 0.25975798605263795,
      "rev_growth_yoy": 0.5452489627440984,
      "rev_growth_yoy_accel": 0.3434134207298911,
      "fcf_margin_change": 0.11884019407153819
    },
    {
      "date": "2025-09-30T00:00:00",
      "quarter_label": "2025-09 (Q3)",
      "revenue": 30602588,
      "gross_profit": 956208,
      "operating_income": -2108232,
      "net_income": -2258104,
      "opex": 3064440,
      "cogs": 29646380,
      "rd": null,
      "sga": null,
      "fcf": 3397371,
      "ocf": 3397371,
      "capex": null,
      "gross_margin": 0.031245984816708965,
      "op_margin": -0.06889064415074961,
      "fcf_margin": 0.1110158068984231,
      "incr_op_margin_yoy": 0.3262774452224471,
      "rev_growth_yoy": 3.8333057995080555,
      "rev_growth_yoy_accel": 3.288056836763957,
      "op_leverage_ratio": 11.832571733406397,
      "fcf_margin_change": 0.07895102820586386
    }
  ],
  "signals": [
    {
      "quarter": "2025-09 (Q3)",
      "signal": "FCF MARGIN EXPANSION",
      "detail": "FCF margin: +3.2% -> +11.1% (+7.9%)",
      "severity": "MEDIUM"
    },
    {
      "quarter": "2025-09 (Q3)",
      "signal": "OPERATING LEVERAGE",
      "detail": "Rev growth +344.6% vs OpEx growth +29.1% (leverage: 11.8x)",
      "severity": "MEDIUM"
    },
    {
      "quarter": "2025-09 (Q3)",
      "signal": "YoY REVENUE GROWTH ACCELERATION",
      "detail": "YoY growth: +383.3% vs prior quarter YoY: +54.5% (accel: +328.8%)",
      "severity": "HIGH"
    },
    {
      "quarter": "2025-06 (Q2)",
      "signal": "FCF TURNED POSITIVE",
      "detail": "FCF margin: -8.7% -> +3.2%",
      "severity": "HIGH"
    },
    {
      "quarter": "2025-06 (Q2)",
      "signal": "YoY REVENUE GROWTH ACCELERATION",
      "detail": "YoY growth: +54.5% vs prior quarter YoY: +20.2% (accel: +34.3%)",
      "severity": "HIGH"
    },
    {
      "quarter": "2025-03 (Q1)",
      "signal": "FCF MARGIN EXPANSION",
      "detail": "FCF margin: -20.4% -> -8.7% (+11.7%)",
      "severity": "MEDIUM"
    },
    {
      "quarter": "2025-03 (Q1)",
      "signal": "GROSS MARGIN INFLECTION",
      "detail": "GM: +19.9% -> +14.5% -> +20.5% (reversal +6.0%)",
      "severity": "HIGH"
    },
    {
      "quarter": "2025-03 (Q1)",
      "signal": "YoY REVENUE GROWTH ACCELERATION",
      "detail": "YoY growth: +20.2% vs prior quarter YoY: -47.4% (accel: +67.6%)",
      "severity": "HIGH"
    },
    {
      "quarter": "2024-12 (Q4)",
      "signal": "YoY REVENUE GROWTH ACCELERATION",
      "detail": "YoY growth: -47.4% vs prior quarter YoY: -55.6% (accel: +8.2%)",
      "severity": "MEDIUM"
    },
    {
      "quarter": "2024-09 (Q3)",
      "signal": "FCF TURNED POSITIVE",
      "detail": "FCF margin: -36.4% -> +3.2%",
      "severity": "HIGH"
    },
    {
      "quarter": "2024-09 (Q3)",
      "signal": "YoY REVENUE GROWTH ACCELERATION",
      "detail": "YoY growth: -55.6% vs prior quarter YoY: -69.8% (accel: +14.2%)",
      "severity": "MEDIUM"
    },
    {
      "quarter": "2024-06 (Q2)",
      "signal": "FCF MARGIN EXPANSION",
      "detail": "FCF margin: -111.0% -> -36.4% (+74.6%)",
      "severity": "MEDIUM"
    },
    {
      "quarter": "2024-06 (Q2)",
      "signal": "GROSS MARGIN INFLECTION",
      "detail": "GM: +24.1% -> -8.1% -> +13.2% (reversal +21.3%)",
      "severity": "HIGH"
    },
    {
      "quarter": "2024-06 (Q2)",
      "signal": "YoY REVENUE GROWTH DECELERATION",
      "detail": "YoY growth: -69.8% vs prior quarter YoY: -55.2% (decel: -14.6%)",
      "severity": "WARNING"
    },
    {
      "quarter": "2023-12 (Q4)",
      "signal": "FCF MARGIN EXPANSION",
      "detail": "FCF margin: +7.0% -> +36.6% (+29.6%)",
      "severity": "MEDIUM"
    },
    {
      "quarter": "2023-09 (Q3)",
      "signal": "FCF TURNED POSITIVE",
      "detail": "FCF margin: -25.4% -> +7.0%",
      "severity": "HIGH"
    },
    {
      "quarter": "2023-09 (Q3)",
      "signal": "GROSS MARGIN INFLECTION",
      "detail": "GM: +16.1% -> +14.1% -> +28.4% (reversal +14.3%)",
      "severity": "HIGH"
    },
    {
      "quarter": "2023-09 (Q3)",
      "signal": "OP MARGIN TURNED POSITIVE (QoQ)",
      "detail": "Op margin: -6.2% -> +6.4%",
      "severity": "HIGH"
    }
  ],
  "data_quality": {
    "n_quarters": 11,
    "coverage": {
      "revenue": [
        11,
        11
      ],
      "gross_profit": [
        11,
        11
      ],
      "op_income": [
        11,
        11
      ],
      "fcf": [
        11,
        11
      ]
    },
    "gaps": [],
    "warnings": []
  },
  "market_cap": null,
  "source": "SEC EDGAR",
  "last_updated": "2026-02-02T23:40:37.047266"
}