{
  "ticker": "SNAP",
  "name": "SNAP INC",
  "quarters": [
    {
      "date": "2020-12-31T00:00:00",
      "quarter_label": "2020-12 (Q4)",
      "revenue": 911322000,
      "gross_profit": 525776000,
      "operating_income": -97236000,
      "net_income": -113099000,
      "opex": 1008558000,
      "cogs": 385546000,
      "rd": 318446000,
      "sga": null,
      "fcf": -68992000,
      "ocf": -52545000,
      "capex": -16447000,
      "gross_margin": 0.5769376795468562,
      "op_margin": -0.10669774240060044,
      "fcf_margin": -0.07570540379799895
    },
    {
      "date": "2021-03-31T00:00:00",
      "quarter_label": "2021-03 (Q1)",
      "revenue": 769584000,
      "gross_profit": 356983000,
      "operating_income": -303606000,
      "net_income": -286882000,
      "opex": 1073190000,
      "cogs": 412601000,
      "rd": 348580000,
      "sga": null,
      "fcf": 126035000,
      "ocf": 136886000,
      "capex": -10851000,
      "gross_margin": 0.4638648932410237,
      "op_margin": -0.39450664254974116,
      "fcf_margin": 0.16377029667976464,
      "fcf_margin_change": 0.2394757004777636
    },
    {
      "date": "2021-06-30T00:00:00",
      "quarter_label": "2021-06 (Q2)",
      "revenue": 982108000,
      "gross_profit": 537087000,
      "operating_income": -192512000,
      "net_income": -151664000,
      "opex": 1174620000,
      "cogs": 445021000,
      "rd": 370671000,
      "sga": null,
      "fcf": -115709000,
      "ocf": -101086000,
      "capex": -14623000,
      "gross_margin": 0.5468716271530218,
      "op_margin": -0.19601917508054104,
      "fcf_margin": -0.11781698143177737,
      "op_leverage_ratio": 2.9218784353863865,
      "fcf_margin_change": -0.281587278111542
    },
    {
      "date": "2021-09-30T00:00:00",
      "quarter_label": "2021-09 (Q3)",
      "revenue": 1067471000,
      "gross_profit": 623998000,
      "operating_income": -180824000,
      "net_income": -71959000,
      "opex": 1248295000,
      "cogs": 443473000,
      "rd": 412021000,
      "sga": null,
      "fcf": 51716000,
      "ocf": 71552000,
      "capex": -19836000,
      "gross_margin": 0.5845573322366603,
      "op_margin": -0.1693947657594445,
      "fcf_margin": 0.04844721776985042,
      "op_leverage_ratio": 1.3857588712914857,
      "fcf_margin_change": 0.16626419920162777
    },
    {
      "date": "2021-12-31T00:00:00",
      "quarter_label": "2021-12 (Q4)",
      "revenue": 1297885000,
      "gross_profit": 848734000,
      "operating_income": -25127000,
      "net_income": 22550000,
      "opex": 1323012000,
      "cogs": 449151000,
      "rd": 434195000,
      "sga": null,
      "fcf": 160963000,
      "ocf": 185528000,
      "capex": -24565000,
      "gross_margin": 0.6539362116058048,
      "op_margin": -0.019359958702042167,
      "fcf_margin": 0.12401946243311233,
      "incr_op_margin_yoy": 0.18653880480025248,
      "rev_growth_yoy": 0.42417828166114724,
      "op_leverage_ratio": 3.606206426351388,
      "fcf_margin_change": 0.07557224466326191
    },
    {
      "date": "2022-03-31T00:00:00",
      "quarter_label": "2022-03 (Q1)",
      "revenue": 1062727000,
      "gross_profit": 641830000,
      "operating_income": -271527000,
      "net_income": -359624000,
      "opex": 1334254000,
      "cogs": 420897000,
      "rd": 455563000,
      "sga": null,
      "fcf": 106284000,
      "ocf": 127459000,
      "capex": -21175000,
      "gross_margin": 0.6039462627749177,
      "op_margin": -0.2555002366553216,
      "fcf_margin": 0.10001063302240368,
      "incr_op_margin_yoy": 0.10943123322064657,
      "rev_growth_yoy": 0.38091098567537784,
      "rev_growth_yoy_accel": -0.043267295985769394,
      "fcf_margin_change": -0.024008829410708657
    },
    {
      "date": "2022-06-30T00:00:00",
      "quarter_label": "2022-06 (Q2)",
      "revenue": 1110909000,
      "gross_profit": 664532000,
      "operating_income": -400940000,
      "net_income": -422067000,
      "opex": 1511849000,
      "cogs": 446377000,
      "rd": 505037000,
      "sga": null,
      "fcf": -147451000,
      "ocf": -124081000,
      "capex": -23370000,
      "gross_margin": 0.5981876103263184,
      "op_margin": -0.3609116498291039,
      "fcf_margin": -0.13273004359492993,
      "incr_op_margin_yoy": -1.6182172498660725,
      "rev_growth_yoy": 0.13114749090731365,
      "rev_growth_yoy_accel": -0.2497634947680642,
      "op_leverage_ratio": 0.3406205828009049,
      "fcf_margin_change": -0.2327406766173336
    },
    {
      "date": "2022-09-30T00:00:00",
      "quarter_label": "2022-09 (Q3)",
      "revenue": 1128476000,
      "gross_profit": 661719000,
      "operating_income": -435242000,
      "net_income": -359502000,
      "opex": 1563718000,
      "cogs": 466757000,
      "rd": 564258000,
      "sga": null,
      "fcf": 18109000,
      "ocf": 55945000,
      "capex": -37836000,
      "gross_margin": 0.5863828738936406,
      "op_margin": -0.3856900811359745,
      "fcf_margin": 0.016047306278556214,
      "incr_op_margin_yoy": -4.170445045488075,
      "rev_growth_yoy": 0.057149093511673854,
      "rev_growth_yoy_accel": -0.07399839739563979,
      "op_leverage_ratio": 0.46091374332545204,
      "fcf_margin_change": 0.14877734987348615
    },
    {
      "date": "2022-12-31T00:00:00",
      "quarter_label": "2022-12 (Q4)",
      "revenue": 1299735000,
      "gross_profit": 818424000,
      "operating_income": -287597000,
      "net_income": -288460000,
      "opex": 1587332000,
      "cogs": 481311000,
      "rd": 584942000,
      "sga": null,
      "fcf": 78366000,
      "ocf": 125291000,
      "capex": -46925000,
      "gross_margin": 0.6296852819997922,
      "op_margin": -0.2212735673041043,
      "fcf_margin": 0.0602938291267066,
      "incr_op_margin_yoy": -141.87567567567567,
      "rev_growth_yoy": 0.0014253959326134442,
      "rev_growth_yoy_accel": -0.05572369757906041,
      "op_leverage_ratio": 10.049627238302103,
      "fcf_margin_change": 0.04424652284815038
    },
    {
      "date": "2023-03-31T00:00:00",
      "quarter_label": "2023-03 (Q1)",
      "revenue": 988608000,
      "gross_profit": 548622000,
      "operating_income": -365264000,
      "net_income": -328674000,
      "opex": 1353872000,
      "cogs": 439986000,
      "rd": 455112000,
      "sga": null,
      "fcf": 103472000,
      "ocf": 151102000,
      "capex": -47630000,
      "gross_margin": 0.5549439211497378,
      "op_margin": -0.36947303683563154,
      "fcf_margin": 0.10466433611704538,
      "incr_op_margin_yoy": 1.2646824700818953,
      "rev_growth_yoy": -0.06974415818926215,
      "rev_growth_yoy_accel": -0.07116955412187559,
      "fcf_margin_change": 0.04437050699033879
    },
    {
      "date": "2023-06-30T00:00:00",
      "quarter_label": "2023-06 (Q2)",
      "revenue": 1067669000,
      "gross_profit": 570795000,
      "operating_income": -404339000,
      "net_income": -377308000,
      "opex": 1472008000,
      "cogs": 496874000,
      "rd": 477663000,
      "sga": null,
      "fcf": -118879000,
      "ocf": -81936000,
      "capex": -36943000,
      "gross_margin": 0.5346179387057225,
      "op_margin": -0.3787119416223567,
      "fcf_margin": -0.11134443352761951,
      "incr_op_margin_yoy": 0.07860777058279371,
      "rev_growth_yoy": -0.038923080108271696,
      "rev_growth_yoy_accel": 0.030821078080990452,
      "op_leverage_ratio": 0.9165022327255186,
      "fcf_margin_change": -0.2160087696446649
    },
    {
      "date": "2023-09-30T00:00:00",
      "quarter_label": "2023-09 (Q3)",
      "revenue": 1188551000,
      "gross_profit": 632798000,
      "operating_income": -380063000,
      "net_income": -368256000,
      "opex": 1568614000,
      "cogs": 555753000,
      "rd": 494559000,
      "sga": null,
      "fcf": -60654000,
      "ocf": 12781000,
      "capex": -73435000,
      "gross_margin": 0.5324113142810026,
      "op_margin": -0.31977003931678155,
      "fcf_margin": -0.05103188672593772,
      "incr_op_margin_yoy": 0.918501872659176,
      "rev_growth_yoy": 0.05323551409157129,
      "rev_growth_yoy_accel": 0.09215859419984299,
      "op_leverage_ratio": 1.725166728020969,
      "fcf_margin_change": 0.06031254680168179
    },
    {
      "date": "2023-12-31T00:00:00",
      "quarter_label": "2023-12 (Q4)",
      "revenue": 1361287000,
      "gross_profit": 739783000,
      "operating_income": -248713000,
      "net_income": -248247000,
      "opex": 1610000000,
      "cogs": 621504000,
      "rd": 483528000,
      "sga": null,
      "fcf": 110855000,
      "ocf": 164574000,
      "capex": -53719000,
      "gross_margin": 0.5434438145666564,
      "op_margin": -0.18270430849629798,
      "fcf_margin": 0.08143396653314107,
      "incr_op_margin_yoy": 0.6317260202755394,
      "rev_growth_yoy": 0.04735734592051457,
      "rev_growth_yoy_accel": -0.0058781681710567205,
      "op_leverage_ratio": 5.508427910680509,
      "fcf_margin_change": 0.13246585325907878
    },
    {
      "date": "2024-03-31T00:00:00",
      "quarter_label": "2024-03 (Q1)",
      "revenue": 1194773000,
      "gross_profit": 620024000,
      "operating_income": -333232000,
      "net_income": -305090000,
      "opex": 1528005000,
      "cogs": 574749000,
      "rd": 449759000,
      "sga": null,
      "fcf": 37904000,
      "ocf": 88352000,
      "capex": -50448000,
      "gross_margin": 0.5189471138032078,
      "op_margin": -0.2789082110158164,
      "fcf_margin": 0.031724854846903974,
      "incr_op_margin_yoy": 0.15537069822714816,
      "rev_growth_yoy": 0.20854069560432448,
      "rev_growth_yoy_accel": 0.1611833496838099,
      "fcf_margin_change": -0.049709111686237095
    },
    {
      "date": "2024-06-30T00:00:00",
      "quarter_label": "2024-06 (Q2)",
      "revenue": 1236768000,
      "gross_profit": 647847000,
      "operating_income": -253975000,
      "net_income": -248620000,
      "opex": 1490743000,
      "cogs": 588921000,
      "rd": 406196000,
      "sga": null,
      "fcf": -73439000,
      "ocf": -21377000,
      "capex": -52062000,
      "gross_margin": 0.5238225762632928,
      "op_margin": -0.20535379311237031,
      "fcf_margin": -0.059379770498589876,
      "incr_op_margin_yoy": 0.8892069142928107,
      "rev_growth_yoy": 0.15838148339981772,
      "rev_growth_yoy_accel": -0.05015921220450675,
      "op_leverage_ratio": Infinity,
      "fcf_margin_change": -0.09110462534549385
    },
    {
      "date": "2024-09-30T00:00:00",
      "quarter_label": "2024-09 (Q3)",
      "revenue": 1372574000,
      "gross_profit": 733667000,
      "operating_income": -173210000,
      "net_income": -153247000,
      "opex": 1545784000,
      "cogs": 638907000,
      "rd": 412791000,
      "sga": null,
      "fcf": 71831000,
      "ocf": 115872000,
      "capex": -44041000,
      "gross_margin": 0.5345190860383484,
      "op_margin": -0.1261935604200575,
      "fcf_margin": 0.05233306182398909,
      "incr_op_margin_yoy": 1.1240605793840988,
      "rev_growth_yoy": 0.15482970440477523,
      "rev_growth_yoy_accel": -0.0035517789950424983,
      "op_leverage_ratio": 2.9740425723990946,
      "fcf_margin_change": 0.11171283232257898
    },
    {
      "date": "2024-12-31T00:00:00",
      "quarter_label": "2024-12 (Q4)",
      "revenue": 1557283000,
      "gross_profit": 885623000,
      "operating_income": -26877000,
      "net_income": 9101000,
      "opex": 1584160000,
      "cogs": 671660000,
      "rd": 422937000,
      "sga": null,
      "fcf": 182358000,
      "ocf": 230633000,
      "capex": -48275000,
      "gross_margin": 0.5686975328183766,
      "op_margin": -0.01725890541410906,
      "fcf_margin": 0.11710010319254753,
      "incr_op_margin_yoy": 1.1318394252943937,
      "rev_growth_yoy": 0.14397845568201267,
      "rev_growth_yoy_accel": -0.010851248722762552,
      "op_leverage_ratio": 5.42052549384064,
      "fcf_margin_change": 0.06476704136855843
    },
    {
      "date": "2025-03-31T00:00:00",
      "quarter_label": "2025-03 (Q1)",
      "revenue": 1363217000,
      "gross_profit": 723638000,
      "operating_income": -193846000,
      "net_income": -139587000,
      "opex": 1557063000,
      "cogs": 639579000,
      "rd": 424165000,
      "sga": null,
      "fcf": 114396000,
      "ocf": 151610000,
      "capex": -37214000,
      "gross_margin": 0.5308311149288778,
      "op_margin": -0.14219746379336526,
      "fcf_margin": 0.0839162070308689,
      "incr_op_margin_yoy": 0.8274916292655126,
      "rev_growth_yoy": 0.14098410325643448,
      "rev_growth_yoy_accel": -0.0029943524255781895,
      "fcf_margin_change": -0.03318389616167863
    },
    {
      "date": "2025-06-30T00:00:00",
      "quarter_label": "2025-06 (Q2)",
      "revenue": 1344930000,
      "gross_profit": 691597000,
      "operating_income": -259676000,
      "net_income": -262570000,
      "opex": 1604606000,
      "cogs": 653333000,
      "rd": 443325000,
      "sga": null,
      "fcf": 23793000,
      "ocf": 88494000,
      "capex": -64701000,
      "gross_margin": 0.5142252756649045,
      "op_margin": -0.19307770664644255,
      "fcf_margin": 0.017690883540407307,
      "incr_op_margin_yoy": -0.0527079750744254,
      "rev_growth_yoy": 0.08745536753861678,
      "rev_growth_yoy_accel": -0.0535287357178177,
      "fcf_margin_change": -0.06622532349046159
    },
    {
      "date": "2025-09-30T00:00:00",
      "quarter_label": "2025-09 (Q3)",
      "revenue": 1506839000,
      "gross_profit": 832619000,
      "operating_income": -128362000,
      "net_income": -103541000,
      "opex": 1635201000,
      "cogs": 674220000,
      "rd": 453418000,
      "sga": null,
      "fcf": 93444000,
      "ocf": 146488000,
      "capex": -53044000,
      "gross_margin": 0.5525600279791006,
      "op_margin": -0.0851862740478578,
      "fcf_margin": 0.062013260872594886,
      "incr_op_margin_yoy": 0.33402599337131794,
      "rev_growth_yoy": 0.0978198625356447,
      "rev_growth_yoy_accel": 0.01036449499702792,
      "op_leverage_ratio": 6.31377736249122,
      "fcf_margin_change": 0.04432237733218758
    }
  ],
  "signals": [
    {
      "quarter": "2025-09 (Q3)",
      "signal": "OPERATING LEVERAGE",
      "detail": "Rev growth +12.0% vs OpEx growth +1.9% (leverage: 6.3x)",
      "severity": "MEDIUM"
    },
    {
      "quarter": "2025-09 (Q3)",
      "signal": "GROSS MARGIN INFLECTION",
      "detail": "GM: +53.1% -> +51.4% -> +55.3% (reversal +3.8%)",
      "severity": "MEDIUM"
    },
    {
      "quarter": "2025-06 (Q2)",
      "signal": "YoY REVENUE GROWTH DECELERATION",
      "detail": "YoY growth: +8.7% vs prior quarter YoY: +14.1% (decel: -5.4%)",
      "severity": "WARNING"
    },
    {
      "quarter": "2024-12 (Q4)",
      "signal": "FCF MARGIN EXPANSION",
      "detail": "FCF margin: +5.2% -> +11.7% (+6.5%)",
      "severity": "MEDIUM"
    },
    {
      "quarter": "2024-12 (Q4)",
      "signal": "OPERATING LEVERAGE",
      "detail": "Rev growth +13.5% vs OpEx growth +2.5% (leverage: 5.4x)",
      "severity": "MEDIUM"
    },
    {
      "quarter": "2024-09 (Q3)",
      "signal": "FCF TURNED POSITIVE",
      "detail": "FCF margin: -5.9% -> +5.2%",
      "severity": "HIGH"
    },
    {
      "quarter": "2024-09 (Q3)",
      "signal": "OPERATING LEVERAGE",
      "detail": "Rev growth +11.0% vs OpEx growth +3.7% (leverage: 3.0x)",
      "severity": "MEDIUM"
    },
    {
      "quarter": "2024-06 (Q2)",
      "signal": "YoY REVENUE GROWTH DECELERATION",
      "detail": "YoY growth: +15.8% vs prior quarter YoY: +20.9% (decel: -5.0%)",
      "severity": "WARNING"
    },
    {
      "quarter": "2024-03 (Q1)",
      "signal": "YoY REVENUE GROWTH ACCELERATION",
      "detail": "YoY growth: +20.9% vs prior quarter YoY: +4.7% (accel: +16.1%)",
      "severity": "HIGH"
    },
    {
      "quarter": "2023-12 (Q4)",
      "signal": "FCF TURNED POSITIVE",
      "detail": "FCF margin: -5.1% -> +8.1%",
      "severity": "HIGH"
    },
    {
      "quarter": "2023-12 (Q4)",
      "signal": "OPERATING LEVERAGE",
      "detail": "Rev growth +14.5% vs OpEx growth +2.6% (leverage: 5.5x)",
      "severity": "MEDIUM"
    },
    {
      "quarter": "2023-09 (Q3)",
      "signal": "FCF MARGIN EXPANSION",
      "detail": "FCF margin: -11.1% -> -5.1% (+6.0%)",
      "severity": "MEDIUM"
    },
    {
      "quarter": "2023-09 (Q3)",
      "signal": "OPERATING LEVERAGE",
      "detail": "Rev growth +11.3% vs OpEx growth +6.6% (leverage: 1.7x)",
      "severity": "MEDIUM"
    },
    {
      "quarter": "2023-09 (Q3)",
      "signal": "YoY REVENUE GROWTH ACCELERATION",
      "detail": "YoY growth: +5.3% vs prior quarter YoY: -3.9% (accel: +9.2%)",
      "severity": "MEDIUM"
    },
    {
      "quarter": "2023-03 (Q1)",
      "signal": "YoY REVENUE GROWTH DECELERATION",
      "detail": "YoY growth: -7.0% vs prior quarter YoY: +0.1% (decel: -7.1%)",
      "severity": "WARNING"
    },
    {
      "quarter": "2022-12 (Q4)",
      "signal": "OPERATING LEVERAGE",
      "detail": "Rev growth +15.2% vs OpEx growth +1.5% (leverage: 10.0x)",
      "severity": "MEDIUM"
    },
    {
      "quarter": "2022-12 (Q4)",
      "signal": "GROSS MARGIN INFLECTION",
      "detail": "GM: +59.8% -> +58.6% -> +63.0% (reversal +4.3%)",
      "severity": "MEDIUM"
    },
    {
      "quarter": "2022-12 (Q4)",
      "signal": "YoY REVENUE GROWTH DECELERATION",
      "detail": "YoY growth: +0.1% vs prior quarter YoY: +5.7% (decel: -5.6%)",
      "severity": "WARNING"
    },
    {
      "quarter": "2022-09 (Q3)",
      "signal": "FCF TURNED POSITIVE",
      "detail": "FCF margin: -13.3% -> +1.6%",
      "severity": "HIGH"
    },
    {
      "quarter": "2022-09 (Q3)",
      "signal": "YoY REVENUE GROWTH DECELERATION",
      "detail": "YoY growth: +5.7% vs prior quarter YoY: +13.1% (decel: -7.4%)",
      "severity": "WARNING"
    },
    {
      "quarter": "2022-06 (Q2)",
      "signal": "YoY REVENUE GROWTH DECELERATION",
      "detail": "YoY growth: +13.1% vs prior quarter YoY: +38.1% (decel: -25.0%)",
      "severity": "WARNING"
    },
    {
      "quarter": "2021-12 (Q4)",
      "signal": "FCF MARGIN EXPANSION",
      "detail": "FCF margin: +4.8% -> +12.4% (+7.6%)",
      "severity": "MEDIUM"
    },
    {
      "quarter": "2021-12 (Q4)",
      "signal": "OPERATING LEVERAGE",
      "detail": "Rev growth +21.6% vs OpEx growth +6.0% (leverage: 3.6x)",
      "severity": "MEDIUM"
    },
    {
      "quarter": "2021-09 (Q3)",
      "signal": "FCF TURNED POSITIVE",
      "detail": "FCF margin: -11.8% -> +4.8%",
      "severity": "HIGH"
    },
    {
      "quarter": "2021-06 (Q2)",
      "signal": "OPERATING LEVERAGE",
      "detail": "Rev growth +27.6% vs OpEx growth +9.5% (leverage: 2.9x)",
      "severity": "MEDIUM"
    },
    {
      "quarter": "2021-06 (Q2)",
      "signal": "GROSS MARGIN INFLECTION",
      "detail": "GM: +57.7% -> +46.4% -> +54.7% (reversal +8.3%)",
      "severity": "HIGH"
    },
    {
      "quarter": "2021-03 (Q1)",
      "signal": "FCF TURNED POSITIVE",
      "detail": "FCF margin: -7.6% -> +16.4%",
      "severity": "HIGH"
    }
  ],
  "data_quality": {
    "n_quarters": 20,
    "coverage": {
      "revenue": [
        20,
        20
      ],
      "gross_profit": [
        20,
        20
      ],
      "op_income": [
        20,
        20
      ],
      "fcf": [
        20,
        20
      ]
    },
    "gaps": [],
    "warnings": []
  },
  "market_cap": null,
  "source": "SEC EDGAR",
  "last_updated": "2026-02-02T20:31:16.352073"
}