{
  "ticker": "SNBR",
  "name": "SLEEP NUMBER CORP",
  "quarters": [
    {
      "date": "2021-01-02T00:00:00",
      "quarter_label": "2021-01 (Q1)",
      "revenue": 567896000,
      "gross_profit": 355899000,
      "operating_income": 74592000,
      "net_income": 61359000,
      "opex": 281307000,
      "cogs": 211997000,
      "rd": 12511000,
      "sga": null,
      "fcf": -16647000,
      "ocf": -7621000,
      "capex": -9026000,
      "gross_margin": 0.6266974939073352,
      "op_margin": 0.13134799329454688,
      "fcf_margin": -0.029313465845859102
    },
    {
      "date": "2021-04-03T00:00:00",
      "quarter_label": "2021-04 (Q2)",
      "revenue": 568256000,
      "gross_profit": 355918000,
      "operating_income": 76423000,
      "net_income": 66634000,
      "opex": 279495000,
      "cogs": 212338000,
      "rd": 13286000,
      "sga": null,
      "fcf": 100052000,
      "ocf": 111598000,
      "capex": -11546000,
      "gross_margin": 0.6263339058452528,
      "op_margin": 0.13448692138754365,
      "fcf_margin": 0.1760685324923978,
      "fcf_margin_change": 0.20538199833825688
    },
    {
      "date": "2021-07-03T00:00:00",
      "quarter_label": "2021-07 (Q3)",
      "revenue": 484316000,
      "gross_profit": 292851000,
      "operating_income": 29721000,
      "net_income": 22250000,
      "opex": 263130000,
      "cogs": 191465000,
      "rd": 15916000,
      "sga": null,
      "fcf": 29356000,
      "ocf": 49822000,
      "capex": -20466000,
      "gross_margin": 0.6046692655208583,
      "op_margin": 0.06136695876246087,
      "fcf_margin": 0.06061331857712733,
      "fcf_margin_change": -0.11545521391527046
    },
    {
      "date": "2021-10-02T00:00:00",
      "quarter_label": "2021-10 (Q4)",
      "revenue": 640393000,
      "gross_profit": 390354000,
      "operating_income": 72735000,
      "net_income": 53721000,
      "opex": 317619000,
      "cogs": 250039000,
      "rd": 14431000,
      "sga": null,
      "fcf": 113906000,
      "ocf": 131264000,
      "capex": -17358000,
      "gross_margin": 0.60955382085688,
      "op_margin": 0.11357869308377824,
      "fcf_margin": 0.17786890237713404,
      "op_leverage_ratio": 1.5562222491132227,
      "fcf_margin_change": 0.11725558380000671
    },
    {
      "date": "2022-01-01T00:00:00",
      "quarter_label": "2022-01 (Q1)",
      "revenue": 491984000,
      "gross_profit": 279724000,
      "operating_income": 14657000,
      "net_income": 11141000,
      "opex": 265067000,
      "cogs": 212260000,
      "rd": 14907000,
      "sga": null,
      "fcf": -10204000,
      "ocf": 7326000,
      "capex": -17530000,
      "gross_margin": 0.5685632053074897,
      "op_margin": 0.02979161923965007,
      "fcf_margin": -0.020740511886565418,
      "incr_op_margin_yoy": 0.78953261671409,
      "rev_growth_yoy": -0.13367236254525477,
      "fcf_margin_change": -0.19860941426369946
    },
    {
      "date": "2022-04-02T00:00:00",
      "quarter_label": "2022-04 (Q2)",
      "revenue": 527130000,
      "gross_profit": 302298000,
      "operating_income": 4415000,
      "net_income": 2074000,
      "opex": 297883000,
      "cogs": 224832000,
      "rd": 16305000,
      "sga": null,
      "fcf": 4954000,
      "ocf": 24558000,
      "capex": -19604000,
      "gross_margin": 0.573479027943771,
      "op_margin": 0.008375543034924972,
      "fcf_margin": 0.009398061199324645,
      "incr_op_margin_yoy": 1.7509118319311385,
      "rev_growth_yoy": -0.07237231107106656,
      "rev_growth_yoy_accel": 0.06130005147418821,
      "op_leverage_ratio": 0.577025419427727,
      "fcf_margin_change": 0.03013857308589006
    },
    {
      "date": "2022-07-02T00:00:00",
      "quarter_label": "2022-07 (Q3)",
      "revenue": 549073000,
      "gross_profit": 324945000,
      "operating_income": 49911000,
      "net_income": 34933000,
      "opex": 275034000,
      "cogs": 224128000,
      "rd": 15817000,
      "sga": null,
      "fcf": -12822000,
      "ocf": 4133000,
      "capex": -16955000,
      "gross_margin": 0.591806553955485,
      "op_margin": 0.09090048135675949,
      "fcf_margin": -0.023352086152478815,
      "incr_op_margin_yoy": 0.3117809657643189,
      "rev_growth_yoy": 0.13370815748395676,
      "rev_growth_yoy_accel": 0.20608046855502332,
      "op_leverage_ratio": Infinity,
      "fcf_margin_change": -0.03275014735180346
    },
    {
      "date": "2022-10-01T00:00:00",
      "quarter_label": "2022-10 (Q4)",
      "revenue": 540566000,
      "gross_profit": 303087000,
      "operating_income": 12642000,
      "net_income": 5033000,
      "opex": 290445000,
      "cogs": 237479000,
      "rd": 14786000,
      "sga": null,
      "fcf": 35182000,
      "ocf": 51431000,
      "capex": -16249000,
      "gross_margin": 0.5606845417580832,
      "op_margin": 0.023386598491211063,
      "fcf_margin": 0.06508363456081219,
      "incr_op_margin_yoy": 0.6019714105402346,
      "rev_growth_yoy": -0.15588396500274052,
      "rev_growth_yoy_accel": -0.2895921224866973,
      "fcf_margin_change": 0.088435720713291
    },
    {
      "date": "2022-12-31T00:00:00",
      "quarter_label": "2022-12 (Q4)",
      "revenue": 497528000,
      "gross_profit": 271966000,
      "operating_income": 912000,
      "net_income": -5430000,
      "opex": 271054000,
      "cogs": 225562000,
      "rd": 14613000,
      "sga": null,
      "fcf": -60630000,
      "ocf": -43984000,
      "capex": -16646000,
      "gross_margin": 0.5466345612709235,
      "op_margin": 0.001833062661799939,
      "fcf_margin": -0.12186248814137093,
      "incr_op_margin_yoy": -2.479256854256854,
      "rev_growth_yoy": 0.011268659143386777,
      "rev_growth_yoy_accel": 0.1671526241461273,
      "fcf_margin_change": -0.18694612270218314
    },
    {
      "date": "2023-04-01T00:00:00",
      "quarter_label": "2023-04 (Q2)",
      "revenue": 526527000,
      "gross_profit": 310265000,
      "operating_income": 25933000,
      "net_income": 11465000,
      "opex": 284332000,
      "cogs": 216262000,
      "rd": 14443000,
      "sga": null,
      "fcf": 3025000,
      "ocf": 18581000,
      "capex": -15556000,
      "gross_margin": 0.589267027142008,
      "op_margin": 0.049252934797265856,
      "fcf_margin": 0.005745194453465824,
      "rev_growth_yoy": -0.0011439303397643844,
      "rev_growth_yoy_accel": -0.012412589483151161,
      "op_leverage_ratio": 1.1898402363432725,
      "fcf_margin_change": 0.12760768259483676
    },
    {
      "date": "2023-07-01T00:00:00",
      "quarter_label": "2023-07 (Q3)",
      "revenue": 458789000,
      "gross_profit": 264245000,
      "operating_income": 11226000,
      "net_income": 754000,
      "opex": 253019000,
      "cogs": 194544000,
      "rd": 15445000,
      "sga": null,
      "fcf": -14204000,
      "ocf": 139000,
      "capex": -14343000,
      "gross_margin": 0.5759619345712299,
      "op_margin": 0.024468764508303383,
      "fcf_margin": -0.03095976581827376,
      "incr_op_margin_yoy": 0.4284812369855124,
      "rev_growth_yoy": -0.16442986633835574,
      "rev_growth_yoy_accel": -0.16328593599859137,
      "fcf_margin_change": -0.036704960271739584
    },
    {
      "date": "2023-09-30T00:00:00",
      "quarter_label": "2023-09 (Q3)",
      "revenue": 472648000,
      "gross_profit": 271111000,
      "operating_income": 5387000,
      "net_income": -2318000,
      "opex": 265724000,
      "cogs": 201537000,
      "rd": 12633000,
      "sga": null,
      "fcf": -5027000,
      "ocf": 13096000,
      "capex": -18123000,
      "gross_margin": 0.5736002268072646,
      "op_margin": 0.0113974881941741,
      "fcf_margin": -0.010635822007075033,
      "incr_op_margin_yoy": 0.10681998881003563,
      "rev_growth_yoy": -0.1256423822437963,
      "rev_growth_yoy_accel": 0.03878748409455943,
      "op_leverage_ratio": 0.601585505226454,
      "fcf_margin_change": 0.02032394381119873
    },
    {
      "date": "2023-12-30T00:00:00",
      "quarter_label": "2023-12 (Q4)",
      "revenue": 429518000,
      "gross_profit": 242909000,
      "operating_income": -19604000,
      "net_income": -25188000,
      "opex": 262513000,
      "cogs": 186609000,
      "rd": 13276000,
      "sga": null,
      "fcf": -49878000,
      "ocf": -40844000,
      "capex": -9034000,
      "gross_margin": 0.565538580455301,
      "op_margin": -0.045641859014057616,
      "fcf_margin": -0.11612551744047979,
      "incr_op_margin_yoy": 0.30166152036465227,
      "rev_growth_yoy": -0.13669582415462045,
      "rev_growth_yoy_accel": -0.011053441910824136,
      "fcf_margin_change": -0.10548969543340475
    },
    {
      "date": "2024-03-30T00:00:00",
      "quarter_label": "2024-03 (Q1)",
      "revenue": 470449000,
      "gross_profit": 276174000,
      "operating_income": 5542000,
      "net_income": -7482000,
      "opex": 270632000,
      "cogs": 194275000,
      "rd": 12441000,
      "sga": null,
      "fcf": 24437000,
      "ocf": 33745000,
      "capex": -9308000,
      "gross_margin": 0.5870434414782474,
      "op_margin": 0.011780235477171809,
      "fcf_margin": 0.051943993929203805,
      "incr_op_margin_yoy": 0.3636185313313599,
      "rev_growth_yoy": -0.10650545935915917,
      "rev_growth_yoy_accel": 0.030190364795461277,
      "op_leverage_ratio": 3.081195537371637,
      "fcf_margin_change": 0.1680695113696836
    },
    {
      "date": "2024-06-29T00:00:00",
      "quarter_label": "2024-06 (Q2)",
      "revenue": 408413000,
      "gross_profit": 241490000,
      "operating_income": 6120000,
      "net_income": -5051000,
      "opex": 235370000,
      "cogs": 166923000,
      "rd": 11578000,
      "sga": null,
      "fcf": -14994000,
      "ocf": -10227000,
      "capex": -4767000,
      "gross_margin": 0.59128871999667,
      "op_margin": 0.014984831530827863,
      "fcf_margin": -0.03671283725052826,
      "incr_op_margin_yoy": 0.10135778942353502,
      "rev_growth_yoy": -0.10980210946644318,
      "rev_growth_yoy_accel": -0.003296650107284013,
      "fcf_margin_change": -0.08865683117973207
    },
    {
      "date": "2024-09-28T00:00:00",
      "quarter_label": "2024-09 (Q3)",
      "revenue": 426617000,
      "gross_profit": 259528000,
      "operating_income": 8432000,
      "net_income": -3136000,
      "opex": 251096000,
      "cogs": 167089000,
      "rd": 10583000,
      "sga": null,
      "fcf": 24163000,
      "ocf": 27306000,
      "capex": -3143000,
      "gross_margin": 0.6083395645274333,
      "op_margin": 0.019764800746336877,
      "fcf_margin": 0.056638624339864566,
      "incr_op_margin_yoy": -0.06615107210358237,
      "rev_growth_yoy": -0.09738960071765881,
      "rev_growth_yoy_accel": 0.01241250874878437,
      "op_leverage_ratio": 0.6671140776823217,
      "fcf_margin_change": 0.09335146159039283
    },
    {
      "date": "2024-12-28T00:00:00",
      "quarter_label": "2024-12 (Q4)",
      "revenue": 376817000,
      "gross_profit": 225581000,
      "operating_income": 2778000,
      "net_income": -4665000,
      "opex": 222803000,
      "cogs": 151236000,
      "rd": 10653000,
      "sga": null,
      "fcf": -29968000,
      "ocf": -23681000,
      "capex": -6287000,
      "gross_margin": 0.5986486809246929,
      "op_margin": 0.007372278851538014,
      "fcf_margin": -0.07952932059859295,
      "incr_op_margin_yoy": -0.42469782357071023,
      "rev_growth_yoy": -0.12269800101509133,
      "rev_growth_yoy_accel": -0.025308400297432518,
      "fcf_margin_change": -0.13616794493845752
    },
    {
      "date": "2025-03-29T00:00:00",
      "quarter_label": "2025-03 (Q1)",
      "revenue": 393261000,
      "gross_profit": 240535000,
      "operating_income": 1850000,
      "net_income": -8646000,
      "opex": 238685000,
      "cogs": 152726000,
      "rd": 10903000,
      "sga": null,
      "fcf": -7225000,
      "ocf": -2626000,
      "capex": -4599000,
      "gross_margin": 0.6116421409699919,
      "op_margin": 0.0047042549350177106,
      "fcf_margin": -0.018372022651623222,
      "incr_op_margin_yoy": 0.04783126910918796,
      "rev_growth_yoy": -0.16407304511222257,
      "rev_growth_yoy_accel": -0.04137504409713123,
      "op_leverage_ratio": 0.6121992920092532,
      "fcf_margin_change": 0.06115729794696973
    },
    {
      "date": "2025-06-28T00:00:00",
      "quarter_label": "2025-06 (Q2)",
      "revenue": 327925000,
      "gross_profit": 193745000,
      "operating_income": -75000,
      "net_income": -25012000,
      "opex": 193820000,
      "cogs": 134180000,
      "rd": 9420000,
      "sga": null,
      "fcf": 369000,
      "ocf": 3822000,
      "capex": -3453000,
      "gross_margin": 0.5908210718914386,
      "op_margin": -0.00022871083326980255,
      "fcf_margin": 0.0011252572996874285,
      "incr_op_margin_yoy": 0.07696799522910247,
      "rev_growth_yoy": -0.1970750196492276,
      "rev_growth_yoy_accel": -0.03300197453700504,
      "fcf_margin_change": 0.01949727995131065
    },
    {
      "date": "2025-09-27T00:00:00",
      "quarter_label": "2025-09 (Q3)",
      "revenue": 342879000,
      "gross_profit": 205389000,
      "operating_income": -40315000,
      "net_income": -39790000,
      "opex": 245704000,
      "cogs": 137490000,
      "rd": 7328000,
      "sga": null,
      "fcf": -10191000,
      "ocf": -6355000,
      "capex": -3836000,
      "gross_margin": 0.599013062917239,
      "op_margin": -0.11757792107419819,
      "fcf_margin": -0.029721855231728978,
      "incr_op_margin_yoy": 0.5821371420382622,
      "rev_growth_yoy": -0.19628378615948264,
      "rev_growth_yoy_accel": 0.0007912334897449691,
      "op_leverage_ratio": 0.17035229455834727,
      "fcf_margin_change": -0.030847112531416407
    }
  ],
  "signals": [
    {
      "quarter": "2025-06 (Q2)",
      "signal": "FCF TURNED POSITIVE",
      "detail": "FCF margin: -1.8% -> +0.1%",
      "severity": "HIGH"
    },
    {
      "quarter": "2025-03 (Q1)",
      "signal": "FCF MARGIN EXPANSION",
      "detail": "FCF margin: -8.0% -> -1.8% (+6.1%)",
      "severity": "MEDIUM"
    },
    {
      "quarter": "2024-12 (Q4)",
      "signal": "OP MARGIN TURNED POSITIVE (YoY)",
      "detail": "Op margin: -4.6% (year-ago) -> +0.7%",
      "severity": "HIGH"
    },
    {
      "quarter": "2024-09 (Q3)",
      "signal": "FCF TURNED POSITIVE",
      "detail": "FCF margin: -3.7% -> +5.7%",
      "severity": "HIGH"
    },
    {
      "quarter": "2024-03 (Q1)",
      "signal": "FCF TURNED POSITIVE",
      "detail": "FCF margin: -11.6% -> +5.2%",
      "severity": "HIGH"
    },
    {
      "quarter": "2024-03 (Q1)",
      "signal": "OPERATING LEVERAGE",
      "detail": "Rev growth +9.5% vs OpEx growth +3.1% (leverage: 3.1x)",
      "severity": "MEDIUM"
    },
    {
      "quarter": "2024-03 (Q1)",
      "signal": "GROSS MARGIN INFLECTION",
      "detail": "GM: +57.4% -> +56.6% -> +58.7% (reversal +2.2%)",
      "severity": "MEDIUM"
    },
    {
      "quarter": "2024-03 (Q1)",
      "signal": "INCREMENTAL MARGIN (YoY)",
      "detail": "YoY Incr OPM: +36.4% vs year-ago OPM: +4.9%",
      "severity": "HIGH"
    },
    {
      "quarter": "2024-03 (Q1)",
      "signal": "OP MARGIN TURNED POSITIVE (QoQ)",
      "detail": "Op margin: -4.6% -> +1.2%",
      "severity": "HIGH"
    },
    {
      "quarter": "2023-07 (Q3)",
      "signal": "YoY REVENUE GROWTH DECELERATION",
      "detail": "YoY growth: -16.4% vs prior quarter YoY: -0.1% (decel: -16.3%)",
      "severity": "WARNING"
    },
    {
      "quarter": "2023-07 (Q3)",
      "signal": "INCREMENTAL MARGIN (YoY)",
      "detail": "YoY Incr OPM: +42.8% vs year-ago OPM: +9.1%",
      "severity": "HIGH"
    },
    {
      "quarter": "2023-04 (Q2)",
      "signal": "FCF TURNED POSITIVE",
      "detail": "FCF margin: -12.2% -> +0.6%",
      "severity": "HIGH"
    },
    {
      "quarter": "2023-04 (Q2)",
      "signal": "GROSS MARGIN INFLECTION",
      "detail": "GM: +56.1% -> +54.7% -> +58.9% (reversal +4.3%)",
      "severity": "MEDIUM"
    },
    {
      "quarter": "2022-12 (Q4)",
      "signal": "YoY REVENUE GROWTH ACCELERATION",
      "detail": "YoY growth: +1.1% vs prior quarter YoY: -15.6% (accel: +16.7%)",
      "severity": "HIGH"
    },
    {
      "quarter": "2022-10 (Q4)",
      "signal": "FCF TURNED POSITIVE",
      "detail": "FCF margin: -2.3% -> +6.5%",
      "severity": "HIGH"
    },
    {
      "quarter": "2022-10 (Q4)",
      "signal": "YoY REVENUE GROWTH DECELERATION",
      "detail": "YoY growth: -15.6% vs prior quarter YoY: +13.4% (decel: -29.0%)",
      "severity": "WARNING"
    },
    {
      "quarter": "2022-10 (Q4)",
      "signal": "INCREMENTAL MARGIN (YoY)",
      "detail": "YoY Incr OPM: +60.2% vs year-ago OPM: +11.4%",
      "severity": "HIGH"
    },
    {
      "quarter": "2022-07 (Q3)",
      "signal": "YoY REVENUE GROWTH ACCELERATION",
      "detail": "YoY growth: +13.4% vs prior quarter YoY: -7.2% (accel: +20.6%)",
      "severity": "HIGH"
    },
    {
      "quarter": "2022-07 (Q3)",
      "signal": "INCREMENTAL MARGIN (YoY)",
      "detail": "YoY Incr OPM: +31.2% vs year-ago OPM: +6.1%",
      "severity": "HIGH"
    },
    {
      "quarter": "2022-04 (Q2)",
      "signal": "FCF TURNED POSITIVE",
      "detail": "FCF margin: -2.1% -> +0.9%",
      "severity": "HIGH"
    },
    {
      "quarter": "2022-04 (Q2)",
      "signal": "YoY REVENUE GROWTH ACCELERATION",
      "detail": "YoY growth: -7.2% vs prior quarter YoY: -13.4% (accel: +6.1%)",
      "severity": "MEDIUM"
    },
    {
      "quarter": "2022-04 (Q2)",
      "signal": "INCREMENTAL MARGIN (YoY)",
      "detail": "YoY Incr OPM: +175.1% vs year-ago OPM: +13.4%",
      "severity": "HIGH"
    },
    {
      "quarter": "2022-01 (Q1)",
      "signal": "INCREMENTAL MARGIN (YoY)",
      "detail": "YoY Incr OPM: +79.0% vs year-ago OPM: +13.1%",
      "severity": "HIGH"
    },
    {
      "quarter": "2021-10 (Q4)",
      "signal": "FCF MARGIN EXPANSION",
      "detail": "FCF margin: +6.1% -> +17.8% (+11.7%)",
      "severity": "MEDIUM"
    },
    {
      "quarter": "2021-10 (Q4)",
      "signal": "OPERATING LEVERAGE",
      "detail": "Rev growth +32.2% vs OpEx growth +20.7% (leverage: 1.6x)",
      "severity": "MEDIUM"
    },
    {
      "quarter": "2021-04 (Q2)",
      "signal": "FCF TURNED POSITIVE",
      "detail": "FCF margin: -2.9% -> +17.6%",
      "severity": "HIGH"
    }
  ],
  "data_quality": {
    "n_quarters": 20,
    "coverage": {
      "revenue": [
        20,
        20
      ],
      "gross_profit": [
        20,
        20
      ],
      "op_income": [
        20,
        20
      ],
      "fcf": [
        20,
        20
      ]
    },
    "gaps": [],
    "warnings": []
  },
  "market_cap": null,
  "source": "SEC EDGAR",
  "last_updated": "2026-02-02T22:55:38.572230"
}