{
  "ticker": "SNCR",
  "name": "SYNCHRONOSS TECHNOLOGIES, INC",
  "quarters": [
    {
      "date": "2020-12-31T00:00:00",
      "quarter_label": "2020-12 (Q4)",
      "revenue": 69377000,
      "gross_profit": 40963000,
      "operating_income": -2380000,
      "net_income": -10892000,
      "opex": 71756000,
      "cogs": 28414000,
      "rd": 17274000,
      "sga": 15043000,
      "fcf": -9539000,
      "ocf": -9225000,
      "capex": -314000,
      "gross_margin": 0.5904406359456303,
      "op_margin": -0.03430531732418525,
      "fcf_margin": -0.13749513527537946
    },
    {
      "date": "2021-03-31T00:00:00",
      "quarter_label": "2021-03 (Q1)",
      "revenue": 65499000,
      "gross_profit": 36862000,
      "operating_income": -9043000,
      "net_income": null,
      "opex": 74542000,
      "cogs": 28637000,
      "rd": 17397000,
      "sga": 17928000,
      "fcf": 1540000,
      "ocf": 2261000,
      "capex": -721000,
      "gross_margin": 0.5627872181254676,
      "op_margin": -0.13806317653704636,
      "fcf_margin": 0.02351180934060062,
      "fcf_margin_change": 0.16100694461598009
    },
    {
      "date": "2021-06-30T00:00:00",
      "quarter_label": "2021-06 (Q2)",
      "revenue": 71532000,
      "gross_profit": 44390000,
      "operating_income": -4078000,
      "net_income": null,
      "opex": 75610000,
      "cogs": 27142000,
      "rd": 17197000,
      "sga": 21909000,
      "fcf": 5377000,
      "ocf": 5906000,
      "capex": -529000,
      "gross_margin": 0.6205614270536264,
      "op_margin": -0.05700945031594252,
      "fcf_margin": 0.0751691550634681,
      "op_leverage_ratio": 6.428778224764045,
      "fcf_margin_change": 0.051657345722867475
    },
    {
      "date": "2021-09-30T00:00:00",
      "quarter_label": "2021-09 (Q3)",
      "revenue": 69753000,
      "gross_profit": 42508000,
      "operating_income": -10513000,
      "net_income": null,
      "opex": 80266000,
      "cogs": 27245000,
      "rd": 15368000,
      "sga": 27953000,
      "fcf": -2752000,
      "ocf": -2616000,
      "capex": -136000,
      "gross_margin": 0.6094074806818345,
      "op_margin": -0.15071753186242887,
      "fcf_margin": -0.039453500207876364,
      "fcf_margin_change": -0.11462265527134446
    },
    {
      "date": "2021-12-31T00:00:00",
      "quarter_label": "2021-12 (Q4)",
      "revenue": 73831000,
      "gross_profit": 96695000,
      "operating_income": 4617000,
      "net_income": null,
      "opex": 69214000,
      "cogs": -22864000,
      "rd": 14375000,
      "sga": 17201000,
      "fcf": -741000,
      "ocf": -606000,
      "capex": -135000,
      "gross_margin": 1.309680215627582,
      "op_margin": 0.06253470764313093,
      "fcf_margin": -0.010036434560008668,
      "incr_op_margin_yoy": 1.5709474629546476,
      "rev_growth_yoy": 0.06419995099240382,
      "op_leverage_ratio": Infinity,
      "fcf_margin_change": 0.029417065647867696
    },
    {
      "date": "2022-03-31T00:00:00",
      "quarter_label": "2022-03 (Q1)",
      "revenue": 65866000,
      "gross_profit": 41027000,
      "operating_income": -1380000,
      "net_income": -3037000,
      "opex": 67246000,
      "cogs": 24839000,
      "rd": 15791000,
      "sga": 17897000,
      "fcf": -2847000,
      "ocf": -2693000,
      "capex": -154000,
      "gross_margin": 0.622885859168615,
      "op_margin": -0.02095162906507151,
      "fcf_margin": -0.043224121701636656,
      "rev_growth_yoy": 0.005603138979221057,
      "rev_growth_yoy_accel": -0.05859681201318276,
      "fcf_margin_change": -0.03318768714162799
    },
    {
      "date": "2022-06-30T00:00:00",
      "quarter_label": "2022-06 (Q2)",
      "revenue": 65236000,
      "gross_profit": 42920000,
      "operating_income": 4894000,
      "net_income": 7921000,
      "opex": 60342000,
      "cogs": 22316000,
      "rd": 13460000,
      "sga": 15288000,
      "fcf": 9002000,
      "ocf": 9421000,
      "capex": -419000,
      "gross_margin": 0.6579189404623215,
      "op_margin": 0.0750199276473113,
      "fcf_margin": 0.1379912931510209,
      "incr_op_margin_yoy": -1.4250317662007623,
      "rev_growth_yoy": -0.08801655203265671,
      "rev_growth_yoy_accel": -0.09361969101187777,
      "fcf_margin_change": 0.18121541485265757
    },
    {
      "date": "2022-09-30T00:00:00",
      "quarter_label": "2022-09 (Q3)",
      "revenue": 59896000,
      "gross_profit": 37456000,
      "operating_income": 1280000,
      "net_income": 1086000,
      "opex": 58616000,
      "cogs": 22440000,
      "rd": 12911000,
      "sga": 15338000,
      "fcf": 3902000,
      "ocf": 4350000,
      "capex": -448000,
      "gross_margin": 0.6253506077200481,
      "op_margin": 0.021370375317216507,
      "fcf_margin": 0.0651462535060772,
      "incr_op_margin_yoy": -1.1964086436035304,
      "rev_growth_yoy": -0.14131291844078392,
      "rev_growth_yoy_accel": -0.05329636640812721,
      "fcf_margin_change": -0.07284503964494371
    },
    {
      "date": "2022-12-31T00:00:00",
      "quarter_label": "2022-12 (Q4)",
      "revenue": 41252000,
      "gross_profit": 64347000,
      "operating_income": -3472000,
      "net_income": -13686000,
      "opex": 65102000,
      "cogs": -23095000,
      "rd": 13458000,
      "sga": 21803000,
      "fcf": 5894000,
      "ocf": 6281000,
      "capex": -387000,
      "gross_margin": 1.559851643556676,
      "op_margin": -0.08416561621254727,
      "fcf_margin": 0.14287792107049355,
      "incr_op_margin_yoy": 0.2482887749777464,
      "rev_growth_yoy": -0.4412645094878845,
      "rev_growth_yoy_accel": -0.29995159104710056,
      "fcf_margin_change": 0.07773166756441635
    },
    {
      "date": "2023-03-31T00:00:00",
      "quarter_label": "2023-03 (Q1)",
      "revenue": 57708000,
      "gross_profit": 37327000,
      "operating_income": -3582000,
      "net_income": -10931000,
      "opex": 61290000,
      "cogs": 20381000,
      "rd": 14735000,
      "sga": 18309000,
      "fcf": 419000,
      "ocf": 1295000,
      "capex": -876000,
      "gross_margin": 0.6468253968253969,
      "op_margin": -0.06207111665626949,
      "fcf_margin": 0.007260691758508352,
      "incr_op_margin_yoy": 0.26991909781809265,
      "rev_growth_yoy": -0.12385752892235752,
      "rev_growth_yoy_accel": 0.31740698056552696,
      "op_leverage_ratio": Infinity,
      "fcf_margin_change": -0.1356172293119852
    },
    {
      "date": "2023-06-30T00:00:00",
      "quarter_label": "2023-06 (Q2)",
      "revenue": 59713000,
      "gross_profit": 37931000,
      "operating_income": -3947000,
      "net_income": -8518000,
      "opex": 63660000,
      "cogs": 21782000,
      "rd": 15043000,
      "sga": 19875000,
      "fcf": 11143000,
      "ocf": 11261000,
      "capex": -118000,
      "gross_margin": 0.6352218109959306,
      "op_margin": -0.06609950931957866,
      "fcf_margin": 0.18660928106107547,
      "incr_op_margin_yoy": 1.6007604562737643,
      "rev_growth_yoy": -0.0846618431540867,
      "rev_growth_yoy_accel": 0.039195685768270816,
      "op_leverage_ratio": 0.8985032020657471,
      "fcf_margin_change": 0.1793485893025671
    },
    {
      "date": "2023-09-30T00:00:00",
      "quarter_label": "2023-09 (Q3)",
      "revenue": 55648000,
      "gross_profit": 37751000,
      "operating_income": -2935000,
      "net_income": -2679000,
      "opex": 58583000,
      "cogs": 17897000,
      "rd": 10856000,
      "sga": 22264000,
      "fcf": 6445000,
      "ocf": 6680000,
      "capex": -235000,
      "gross_margin": 0.6783891604370328,
      "op_margin": -0.05274223691776883,
      "fcf_margin": 0.11581728004600345,
      "incr_op_margin_yoy": 0.992231638418079,
      "rev_growth_yoy": -0.07092293308401229,
      "rev_growth_yoy_accel": 0.013738910070074412,
      "fcf_margin_change": -0.07079200101507202
    },
    {
      "date": "2023-12-31T00:00:00",
      "quarter_label": "2023-12 (Q4)",
      "revenue": 41402000,
      "gross_profit": 59244000,
      "operating_income": -182000,
      "net_income": -32443000,
      "opex": -8691000,
      "cogs": -17842000,
      "rd": 5931000,
      "sga": 4768000,
      "fcf": -480000,
      "ocf": -407000,
      "capex": -73000,
      "gross_margin": 1.4309453649582147,
      "op_margin": -0.004395922902275253,
      "fcf_margin": -0.01159364281918748,
      "rev_growth_yoy": 0.00363618733637157,
      "rev_growth_yoy_accel": 0.07455912042038386,
      "fcf_margin_change": -0.12741092286519093
    },
    {
      "date": "2024-03-31T00:00:00",
      "quarter_label": "2024-03 (Q1)",
      "revenue": 42965000,
      "gross_profit": 32742000,
      "operating_income": 4576000,
      "net_income": null,
      "opex": 38389000,
      "cogs": 10223000,
      "rd": 10331000,
      "sga": 13257000,
      "fcf": 10000,
      "ocf": 527000,
      "capex": -517000,
      "gross_margin": 0.7620621436052601,
      "op_margin": 0.1065052950075643,
      "fcf_margin": 0.0002327475852438031,
      "incr_op_margin_yoy": -0.5533473512853557,
      "rev_growth_yoy": -0.2554758439037915,
      "rev_growth_yoy_accel": -0.2591120312401631,
      "op_leverage_ratio": Infinity,
      "fcf_margin_change": 0.011826390404431283
    },
    {
      "date": "2024-06-30T00:00:00",
      "quarter_label": "2024-06 (Q2)",
      "revenue": 43458000,
      "gross_profit": 33057000,
      "operating_income": 4297000,
      "net_income": null,
      "opex": 39161000,
      "cogs": 10401000,
      "rd": 11896000,
      "sga": 12788000,
      "fcf": 10934000,
      "ocf": 11313000,
      "capex": -379000,
      "gross_margin": 0.7606654701090708,
      "op_margin": 0.09887707671775048,
      "fcf_margin": 0.2515992452482857,
      "incr_op_margin_yoy": -0.507167025530606,
      "rev_growth_yoy": -0.2722187798301877,
      "rev_growth_yoy_accel": -0.016742935926396196,
      "op_leverage_ratio": 0.5705866445094181,
      "fcf_margin_change": 0.2513664976630419
    },
    {
      "date": "2024-09-30T00:00:00",
      "quarter_label": "2024-09 (Q3)",
      "revenue": 42964000,
      "gross_profit": 33989000,
      "operating_income": 5515000,
      "net_income": null,
      "opex": 37449000,
      "cogs": 8975000,
      "rd": 10333000,
      "sga": 13755000,
      "fcf": 3223000,
      "ocf": 3365000,
      "capex": -142000,
      "gross_margin": 0.7911041802439251,
      "op_margin": 0.12836328088632343,
      "fcf_margin": 0.07501629271017596,
      "incr_op_margin_yoy": -0.6661936297697887,
      "rev_growth_yoy": -0.22793271995399655,
      "rev_growth_yoy_accel": 0.044286059876191164,
      "fcf_margin_change": -0.17658295253810974
    },
    {
      "date": "2024-12-31T00:00:00",
      "quarter_label": "2024-12 (Q4)",
      "revenue": 44207000,
      "gross_profit": 34765000,
      "operating_income": 7294000,
      "net_income": null,
      "opex": 36913000,
      "cogs": 9442000,
      "rd": 10259000,
      "sga": 11888000,
      "fcf": 12217000,
      "ocf": 13075000,
      "capex": -858000,
      "gross_margin": 0.7864139163480897,
      "op_margin": 0.1649964937679553,
      "fcf_margin": 0.27635894767796954,
      "incr_op_margin_yoy": 2.6652406417112298,
      "rev_growth_yoy": 0.06775035022462683,
      "rev_growth_yoy_accel": 0.2956830701786234,
      "op_leverage_ratio": Infinity,
      "fcf_margin_change": 0.20134265496779358
    },
    {
      "date": "2025-03-31T00:00:00",
      "quarter_label": "2025-03 (Q1)",
      "revenue": 42213000,
      "gross_profit": 33502000,
      "operating_income": 8229000,
      "net_income": null,
      "opex": 33984000,
      "cogs": 8711000,
      "rd": 9698000,
      "sga": 11379000,
      "fcf": -31000,
      "ocf": 293000,
      "capex": -324000,
      "gross_margin": 0.7936417691232559,
      "op_margin": 0.19493994740956577,
      "fcf_margin": -0.0007343709283869898,
      "rev_growth_yoy": -0.017502618410333994,
      "rev_growth_yoy_accel": -0.08525296863496082,
      "fcf_margin_change": -0.2770933186063565
    },
    {
      "date": "2025-06-30T00:00:00",
      "quarter_label": "2025-06 (Q2)",
      "revenue": 42486000,
      "gross_profit": 33564000,
      "operating_income": 6860000,
      "net_income": null,
      "opex": 35626000,
      "cogs": 8922000,
      "rd": 10404000,
      "sga": 11851000,
      "fcf": 1954000,
      "ocf": 2285000,
      "capex": -331000,
      "gross_margin": 0.790001412229911,
      "op_margin": 0.16146495316104129,
      "fcf_margin": 0.04599162076919456,
      "rev_growth_yoy": -0.0223664227530029,
      "rev_growth_yoy_accel": -0.0048638043426689065,
      "fcf_margin_change": 0.04672599169758155
    },
    {
      "date": "2025-09-30T00:00:00",
      "quarter_label": "2025-09 (Q3)",
      "revenue": 42003000,
      "gross_profit": 33338000,
      "operating_income": 5869000,
      "net_income": null,
      "opex": 36134000,
      "cogs": 8665000,
      "rd": 10837000,
      "sga": 12174000,
      "fcf": 39000000,
      "ocf": 39358000,
      "capex": -358000,
      "gross_margin": 0.7937052115325096,
      "op_margin": 0.1397281146584768,
      "fcf_margin": 0.9285051067780873,
      "rev_growth_yoy": -0.022367563541569685,
      "rev_growth_yoy_accel": -1.140788566784956e-06,
      "fcf_margin_change": 0.8825134860088927
    }
  ],
  "signals": [
    {
      "quarter": "2025-09 (Q3)",
      "signal": "FCF MARGIN EXPANSION",
      "detail": "FCF margin: +4.6% -> +92.9% (+88.3%)",
      "severity": "MEDIUM"
    },
    {
      "quarter": "2025-06 (Q2)",
      "signal": "FCF TURNED POSITIVE",
      "detail": "FCF margin: -0.1% -> +4.6%",
      "severity": "HIGH"
    },
    {
      "quarter": "2025-03 (Q1)",
      "signal": "YoY REVENUE GROWTH DECELERATION",
      "detail": "YoY growth: -1.8% vs prior quarter YoY: +6.8% (decel: -8.5%)",
      "severity": "WARNING"
    },
    {
      "quarter": "2024-12 (Q4)",
      "signal": "FCF MARGIN EXPANSION",
      "detail": "FCF margin: +7.5% -> +27.6% (+20.1%)",
      "severity": "MEDIUM"
    },
    {
      "quarter": "2024-12 (Q4)",
      "signal": "YoY REVENUE GROWTH ACCELERATION",
      "detail": "YoY growth: +6.8% vs prior quarter YoY: -22.8% (accel: +29.6%)",
      "severity": "HIGH"
    },
    {
      "quarter": "2024-12 (Q4)",
      "signal": "OP MARGIN TURNED POSITIVE (YoY)",
      "detail": "Op margin: -0.4% (year-ago) -> +16.5%",
      "severity": "HIGH"
    },
    {
      "quarter": "2024-09 (Q3)",
      "signal": "GROSS MARGIN INFLECTION",
      "detail": "GM: +76.2% -> +76.1% -> +79.1% (reversal +3.0%)",
      "severity": "MEDIUM"
    },
    {
      "quarter": "2024-09 (Q3)",
      "signal": "OP MARGIN TURNED POSITIVE (YoY)",
      "detail": "Op margin: -5.3% (year-ago) -> +12.8%",
      "severity": "HIGH"
    },
    {
      "quarter": "2024-06 (Q2)",
      "signal": "FCF MARGIN EXPANSION",
      "detail": "FCF margin: +0.0% -> +25.2% (+25.1%)",
      "severity": "MEDIUM"
    },
    {
      "quarter": "2024-06 (Q2)",
      "signal": "OP MARGIN TURNED POSITIVE (YoY)",
      "detail": "Op margin: -6.6% (year-ago) -> +9.9%",
      "severity": "HIGH"
    },
    {
      "quarter": "2024-03 (Q1)",
      "signal": "FCF TURNED POSITIVE",
      "detail": "FCF margin: -1.2% -> +0.0%",
      "severity": "HIGH"
    },
    {
      "quarter": "2024-03 (Q1)",
      "signal": "YoY REVENUE GROWTH DECELERATION",
      "detail": "YoY growth: -25.5% vs prior quarter YoY: +0.4% (decel: -25.9%)",
      "severity": "WARNING"
    },
    {
      "quarter": "2024-03 (Q1)",
      "signal": "OP MARGIN TURNED POSITIVE (YoY)",
      "detail": "Op margin: -6.2% (year-ago) -> +10.7%",
      "severity": "HIGH"
    },
    {
      "quarter": "2024-03 (Q1)",
      "signal": "OP MARGIN TURNED POSITIVE (QoQ)",
      "detail": "Op margin: -0.4% -> +10.7%",
      "severity": "HIGH"
    },
    {
      "quarter": "2023-12 (Q4)",
      "signal": "YoY REVENUE GROWTH ACCELERATION",
      "detail": "YoY growth: +0.4% vs prior quarter YoY: -7.1% (accel: +7.5%)",
      "severity": "MEDIUM"
    },
    {
      "quarter": "2023-09 (Q3)",
      "signal": "GROSS MARGIN INFLECTION",
      "detail": "GM: +64.7% -> +63.5% -> +67.8% (reversal +4.3%)",
      "severity": "MEDIUM"
    },
    {
      "quarter": "2023-06 (Q2)",
      "signal": "FCF MARGIN EXPANSION",
      "detail": "FCF margin: +0.7% -> +18.7% (+17.9%)",
      "severity": "MEDIUM"
    },
    {
      "quarter": "2023-03 (Q1)",
      "signal": "YoY REVENUE GROWTH ACCELERATION",
      "detail": "YoY growth: -12.4% vs prior quarter YoY: -44.1% (accel: +31.7%)",
      "severity": "HIGH"
    },
    {
      "quarter": "2022-12 (Q4)",
      "signal": "FCF MARGIN EXPANSION",
      "detail": "FCF margin: +6.5% -> +14.3% (+7.8%)",
      "severity": "MEDIUM"
    },
    {
      "quarter": "2022-12 (Q4)",
      "signal": "GROSS MARGIN INFLECTION",
      "detail": "GM: +65.8% -> +62.5% -> +156.0% (reversal +93.5%)",
      "severity": "HIGH"
    },
    {
      "quarter": "2022-12 (Q4)",
      "signal": "YoY REVENUE GROWTH DECELERATION",
      "detail": "YoY growth: -44.1% vs prior quarter YoY: -14.1% (decel: -30.0%)",
      "severity": "WARNING"
    },
    {
      "quarter": "2022-09 (Q3)",
      "signal": "YoY REVENUE GROWTH DECELERATION",
      "detail": "YoY growth: -14.1% vs prior quarter YoY: -8.8% (decel: -5.3%)",
      "severity": "WARNING"
    },
    {
      "quarter": "2022-09 (Q3)",
      "signal": "OP MARGIN TURNED POSITIVE (YoY)",
      "detail": "Op margin: -15.1% (year-ago) -> +2.1%",
      "severity": "HIGH"
    },
    {
      "quarter": "2022-06 (Q2)",
      "signal": "FCF TURNED POSITIVE",
      "detail": "FCF margin: -4.3% -> +13.8%",
      "severity": "HIGH"
    },
    {
      "quarter": "2022-06 (Q2)",
      "signal": "GROSS MARGIN INFLECTION",
      "detail": "GM: +131.0% -> +62.3% -> +65.8% (reversal +3.5%)",
      "severity": "MEDIUM"
    },
    {
      "quarter": "2022-06 (Q2)",
      "signal": "YoY REVENUE GROWTH DECELERATION",
      "detail": "YoY growth: -8.8% vs prior quarter YoY: +0.6% (decel: -9.4%)",
      "severity": "WARNING"
    },
    {
      "quarter": "2022-06 (Q2)",
      "signal": "OP MARGIN TURNED POSITIVE (YoY)",
      "detail": "Op margin: -5.7% (year-ago) -> +7.5%",
      "severity": "HIGH"
    },
    {
      "quarter": "2022-06 (Q2)",
      "signal": "OP MARGIN TURNED POSITIVE (QoQ)",
      "detail": "Op margin: -2.1% -> +7.5%",
      "severity": "HIGH"
    },
    {
      "quarter": "2022-03 (Q1)",
      "signal": "YoY REVENUE GROWTH DECELERATION",
      "detail": "YoY growth: +0.6% vs prior quarter YoY: +6.4% (decel: -5.9%)",
      "severity": "WARNING"
    },
    {
      "quarter": "2021-12 (Q4)",
      "signal": "GROSS MARGIN INFLECTION",
      "detail": "GM: +62.1% -> +60.9% -> +131.0% (reversal +70.0%)",
      "severity": "HIGH"
    },
    {
      "quarter": "2021-12 (Q4)",
      "signal": "OP MARGIN TURNED POSITIVE (YoY)",
      "detail": "Op margin: -3.4% (year-ago) -> +6.3%",
      "severity": "HIGH"
    },
    {
      "quarter": "2021-12 (Q4)",
      "signal": "OP MARGIN TURNED POSITIVE (QoQ)",
      "detail": "Op margin: -15.1% -> +6.3%",
      "severity": "HIGH"
    },
    {
      "quarter": "2021-06 (Q2)",
      "signal": "FCF MARGIN EXPANSION",
      "detail": "FCF margin: +2.4% -> +7.5% (+5.2%)",
      "severity": "MEDIUM"
    },
    {
      "quarter": "2021-06 (Q2)",
      "signal": "OPERATING LEVERAGE",
      "detail": "Rev growth +9.2% vs OpEx growth +1.4% (leverage: 6.4x)",
      "severity": "MEDIUM"
    },
    {
      "quarter": "2021-06 (Q2)",
      "signal": "GROSS MARGIN INFLECTION",
      "detail": "GM: +59.0% -> +56.3% -> +62.1% (reversal +5.8%)",
      "severity": "HIGH"
    },
    {
      "quarter": "2021-03 (Q1)",
      "signal": "FCF TURNED POSITIVE",
      "detail": "FCF margin: -13.7% -> +2.4%",
      "severity": "HIGH"
    }
  ],
  "data_quality": {
    "n_quarters": 20,
    "coverage": {
      "revenue": [
        20,
        20
      ],
      "gross_profit": [
        20,
        20
      ],
      "op_income": [
        20,
        20
      ],
      "fcf": [
        20,
        20
      ]
    },
    "gaps": [],
    "warnings": []
  },
  "market_cap": null,
  "source": "SEC EDGAR",
  "last_updated": "2026-02-02T23:21:28.593279"
}