{
  "ticker": "SND",
  "name": "SMART SAND, INC.",
  "quarters": [
    {
      "date": "2020-12-31T00:00:00",
      "quarter_label": "2020-12 (Q4)",
      "revenue": 25337000,
      "gross_profit": -7663000,
      "operating_income": -20957000,
      "net_income": -2884000,
      "opex": 13294000,
      "cogs": 32999000,
      "rd": null,
      "sga": 5134000,
      "fcf": 2141000,
      "ocf": 3317000,
      "capex": -1176000,
      "gross_margin": -0.3024430674507637,
      "op_margin": -0.8271302837747169,
      "fcf_margin": 0.08450092749733591
    },
    {
      "date": "2021-03-31T00:00:00",
      "quarter_label": "2021-03 (Q1)",
      "revenue": 27450000,
      "gross_profit": -4977000,
      "operating_income": -11067000,
      "net_income": -3912000,
      "opex": 6090000,
      "cogs": 32427000,
      "rd": null,
      "sga": 3154000,
      "fcf": 1701000,
      "ocf": 3914000,
      "capex": -2213000,
      "gross_margin": -0.18131147540983605,
      "op_margin": -0.40316939890710385,
      "fcf_margin": 0.061967213114754095,
      "op_leverage_ratio": Infinity,
      "fcf_margin_change": -0.022533714382581817
    },
    {
      "date": "2021-06-30T00:00:00",
      "quarter_label": "2021-06 (Q2)",
      "revenue": 29639000,
      "gross_profit": -2360000,
      "operating_income": -28669000,
      "net_income": -27267000,
      "opex": 26309000,
      "cogs": 31999000,
      "rd": null,
      "sga": 3855000,
      "fcf": 29736000,
      "ocf": 32566000,
      "capex": -2830000,
      "gross_margin": -0.07962481865110159,
      "op_margin": -0.9672728499611998,
      "fcf_margin": 1.00327271500388,
      "op_leverage_ratio": 0.024019337975939418,
      "fcf_margin_change": 0.941305501889126
    },
    {
      "date": "2021-09-30T00:00:00",
      "quarter_label": "2021-09 (Q3)",
      "revenue": 34479000,
      "gross_profit": -2047000,
      "operating_income": -8756000,
      "net_income": -7262000,
      "opex": 6709000,
      "cogs": 36526000,
      "rd": null,
      "sga": 3867000,
      "fcf": -869000,
      "ocf": 1064000,
      "capex": -1933000,
      "gross_margin": -0.05936947127236869,
      "op_margin": -0.2539516807331999,
      "fcf_margin": -0.02520374720844572,
      "op_leverage_ratio": Infinity,
      "fcf_margin_change": -1.0284764622123257
    },
    {
      "date": "2021-12-31T00:00:00",
      "quarter_label": "2021-12 (Q4)",
      "revenue": 35080000,
      "gross_profit": -6522000,
      "operating_income": -14993000,
      "net_income": -12233000,
      "opex": 8471000,
      "cogs": 39432000,
      "rd": null,
      "sga": 3873000,
      "fcf": -9350000,
      "ocf": -5106000,
      "capex": -4244000,
      "gross_margin": -0.18591790193842644,
      "op_margin": -0.4273945267958951,
      "fcf_margin": -0.26653363740022806,
      "incr_op_margin_yoy": 0.6121317869239454,
      "rev_growth_yoy": 0.38453644867190273,
      "op_leverage_ratio": 0.06636998177409736,
      "fcf_margin_change": -0.24132989019178233
    },
    {
      "date": "2022-03-31T00:00:00",
      "quarter_label": "2022-03 (Q1)",
      "revenue": 41605000,
      "gross_profit": -1981000,
      "operating_income": -9948000,
      "net_income": -5923000,
      "opex": 7967000,
      "cogs": 43586000,
      "rd": null,
      "sga": 4048000,
      "fcf": -12430000,
      "ocf": -8662000,
      "capex": -3768000,
      "gross_margin": -0.04761446941473381,
      "op_margin": -0.23910587669751232,
      "fcf_margin": -0.2987621680086528,
      "incr_op_margin_yoy": 0.0790533380430943,
      "rev_growth_yoy": 0.5156648451730419,
      "rev_growth_yoy_accel": 0.13112839650113917,
      "op_leverage_ratio": Infinity,
      "fcf_margin_change": -0.03222853060842473
    },
    {
      "date": "2022-06-30T00:00:00",
      "quarter_label": "2022-06 (Q2)",
      "revenue": 68714000,
      "gross_profit": 8971000,
      "operating_income": 1387000,
      "net_income": -90000,
      "opex": 7584000,
      "cogs": 59743000,
      "rd": null,
      "sga": 3795000,
      "fcf": -3656000,
      "ocf": -2287000,
      "capex": -1369000,
      "gross_margin": 0.1305556364059726,
      "op_margin": 0.02018511511482376,
      "fcf_margin": -0.05320604243676689,
      "incr_op_margin_yoy": 0.7691874600127959,
      "rev_growth_yoy": 1.3183643172846586,
      "rev_growth_yoy_accel": 0.8026994721116167,
      "op_leverage_ratio": Infinity,
      "fcf_margin_change": 0.2455561255718859
    },
    {
      "date": "2022-09-30T00:00:00",
      "quarter_label": "2022-09 (Q3)",
      "revenue": 71592000,
      "gross_profit": 11429000,
      "operating_income": 3777000,
      "net_income": 2683000,
      "opex": 7652000,
      "cogs": 60163000,
      "rd": null,
      "sga": 3542000,
      "fcf": 6383000,
      "ocf": 10781000,
      "capex": -4398000,
      "gross_margin": 0.1596407419823444,
      "op_margin": 0.05275729131746564,
      "fcf_margin": 0.08915800648117109,
      "incr_op_margin_yoy": 0.3376983806213456,
      "rev_growth_yoy": 1.076394326981641,
      "rev_growth_yoy_accel": -0.2419699903030177,
      "op_leverage_ratio": 4.67127000405774,
      "fcf_margin_change": 0.14236404891793797
    },
    {
      "date": "2022-12-31T00:00:00",
      "quarter_label": "2022-12 (Q4)",
      "revenue": 73829000,
      "gross_profit": 11172000,
      "operating_income": 1656000,
      "net_income": 2627000,
      "opex": 9516000,
      "cogs": 62657000,
      "rd": null,
      "sga": 4147000,
      "fcf": 2392000,
      "ocf": 5588000,
      "capex": -3196000,
      "gross_margin": 0.15132265099080308,
      "op_margin": 0.022430210350946105,
      "fcf_margin": 0.03239919272914438,
      "incr_op_margin_yoy": 0.42966270097292836,
      "rev_growth_yoy": 1.1045895096921323,
      "rev_growth_yoy_accel": 0.028195182710491373,
      "op_leverage_ratio": 0.12827160897925632,
      "fcf_margin_change": -0.05675881375202671
    },
    {
      "date": "2023-03-31T00:00:00",
      "quarter_label": "2023-03 (Q1)",
      "revenue": 82350000,
      "gross_profit": 11637000,
      "operating_income": -1608000,
      "net_income": -3599000,
      "opex": 13245000,
      "cogs": 70713000,
      "rd": null,
      "sga": 5619000,
      "fcf": 1087000,
      "ocf": 5105000,
      "capex": -4018000,
      "gross_margin": 0.14131147540983607,
      "op_margin": -0.0195264116575592,
      "fcf_margin": 0.013199757134183364,
      "incr_op_margin_yoy": 0.20468769174131796,
      "rev_growth_yoy": 0.9793294075231342,
      "rev_growth_yoy_accel": -0.12526010216899808,
      "op_leverage_ratio": 0.2945273496090698,
      "fcf_margin_change": -0.019199435594961012
    },
    {
      "date": "2023-06-30T00:00:00",
      "quarter_label": "2023-06 (Q2)",
      "revenue": 74776000,
      "gross_profit": 12689000,
      "operating_income": 3083000,
      "net_income": 6307000,
      "opex": 9606000,
      "cogs": 62087000,
      "rd": null,
      "sga": 4590000,
      "fcf": 10841000,
      "ocf": 16068000,
      "capex": -5227000,
      "gross_margin": 0.16969348454049427,
      "op_margin": 0.041229806354980206,
      "fcf_margin": 0.14497967262223174,
      "incr_op_margin_yoy": 0.27977565160013196,
      "rev_growth_yoy": 0.0882207410425823,
      "rev_growth_yoy_accel": -0.891108666480552,
      "fcf_margin_change": 0.13177991548804838
    },
    {
      "date": "2023-09-30T00:00:00",
      "quarter_label": "2023-09 (Q3)",
      "revenue": 76900000,
      "gross_profit": 14398000,
      "operating_income": 4926000,
      "net_income": 6727000,
      "opex": 9472000,
      "cogs": 62502000,
      "rd": null,
      "sga": 4625000,
      "fcf": 5596000,
      "ocf": 12477000,
      "capex": -6881000,
      "gross_margin": 0.1872301690507152,
      "op_margin": 0.06405721716514955,
      "fcf_margin": 0.07276983094928478,
      "incr_op_margin_yoy": 0.21646571213263,
      "rev_growth_yoy": 0.07414236227511453,
      "rev_growth_yoy_accel": -0.014078378767467772,
      "op_leverage_ratio": Infinity,
      "fcf_margin_change": -0.07220984167294696
    },
    {
      "date": "2023-12-31T00:00:00",
      "quarter_label": "2023-12 (Q4)",
      "revenue": 61947000,
      "gross_profit": 2831000,
      "operating_income": -7905000,
      "net_income": -4786000,
      "opex": 10736000,
      "cogs": 59116000,
      "rd": null,
      "sga": 5579000,
      "fcf": -9564000,
      "ocf": -2659000,
      "capex": -6905000,
      "gross_margin": 0.04570035675658224,
      "op_margin": -0.12760908518572328,
      "fcf_margin": -0.15439004310136084,
      "incr_op_margin_yoy": 0.8046625147281602,
      "rev_growth_yoy": -0.16093946823064106,
      "rev_growth_yoy_accel": -0.2350818305057556,
      "fcf_margin_change": -0.22715987405064564
    },
    {
      "date": "2024-03-31T00:00:00",
      "quarter_label": "2024-03 (Q1)",
      "revenue": 83052000,
      "gross_profit": 11811000,
      "operating_income": 784000,
      "net_income": -216000,
      "opex": 11027000,
      "cogs": 71241000,
      "rd": null,
      "sga": 10350000,
      "fcf": -5509000,
      "ocf": -3863000,
      "capex": -1646000,
      "gross_margin": 0.14221210807686752,
      "op_margin": 0.009439868997736358,
      "fcf_margin": -0.06633193661802245,
      "rev_growth_yoy": 0.008524590163934427,
      "rev_growth_yoy_accel": 0.16946405839457548,
      "op_leverage_ratio": 12.569401279011538,
      "fcf_margin_change": 0.0880581064833384
    },
    {
      "date": "2024-06-30T00:00:00",
      "quarter_label": "2024-06 (Q2)",
      "revenue": 73800000,
      "gross_profit": 13073000,
      "operating_income": 3528000,
      "net_income": -430000,
      "opex": 9545000,
      "cogs": 60727000,
      "rd": null,
      "sga": 8871000,
      "fcf": 13528000,
      "ocf": 14882000,
      "capex": -1354000,
      "gross_margin": 0.17714092140921409,
      "op_margin": 0.04780487804878049,
      "fcf_margin": 0.18330623306233063,
      "rev_growth_yoy": -0.013052316251203594,
      "rev_growth_yoy_accel": -0.02157690641513802,
      "fcf_margin_change": 0.24963816968035307
    },
    {
      "date": "2024-09-30T00:00:00",
      "quarter_label": "2024-09 (Q3)",
      "revenue": 63158000,
      "gross_profit": 6487000,
      "operating_income": -4912000,
      "net_income": -98000,
      "opex": 11399000,
      "cogs": 56671000,
      "rd": null,
      "sga": 9703000,
      "fcf": 3675000,
      "ocf": 5810000,
      "capex": -2135000,
      "gross_margin": 0.10271066214889642,
      "op_margin": -0.07777320371132715,
      "fcf_margin": 0.05818740302099497,
      "incr_op_margin_yoy": 0.7159074370542862,
      "rev_growth_yoy": -0.17869960988296488,
      "rev_growth_yoy_accel": -0.16564729363176128,
      "fcf_margin_change": -0.12511883004133567
    },
    {
      "date": "2024-12-31T00:00:00",
      "quarter_label": "2024-12 (Q4)",
      "revenue": 91363000,
      "gross_profit": 13452000,
      "operating_income": 3604000,
      "net_income": 3736000,
      "opex": 9848000,
      "cogs": 77911000,
      "rd": null,
      "sga": 9237000,
      "fcf": -840000,
      "ocf": 1035000,
      "capex": -1875000,
      "gross_margin": 0.14723684642579601,
      "op_margin": 0.039447040924663154,
      "fcf_margin": -0.009194093889211169,
      "incr_op_margin_yoy": 0.39124966004895295,
      "rev_growth_yoy": 0.47485753950958076,
      "rev_growth_yoy_accel": 0.6535571493925456,
      "op_leverage_ratio": Infinity,
      "fcf_margin_change": -0.06738149691020613
    },
    {
      "date": "2025-03-31T00:00:00",
      "quarter_label": "2025-03 (Q1)",
      "revenue": 65558000,
      "gross_profit": 2772000,
      "operating_income": -7050000,
      "net_income": -24231000,
      "opex": 9822000,
      "cogs": 62786000,
      "rd": null,
      "sga": 9243000,
      "fcf": 5188000,
      "ocf": 8724000,
      "capex": -3536000,
      "gross_margin": 0.042283169102169074,
      "op_margin": -0.10753836297629579,
      "fcf_margin": 0.07913603221574789,
      "incr_op_margin_yoy": 0.4478106779467246,
      "rev_growth_yoy": -0.21063911766122428,
      "rev_growth_yoy_accel": -0.685496657170805,
      "fcf_margin_change": 0.08833012610495905
    },
    {
      "date": "2025-06-30T00:00:00",
      "quarter_label": "2025-06 (Q2)",
      "revenue": 85770000,
      "gross_profit": 8957000,
      "operating_income": -77000,
      "net_income": 21396000,
      "opex": 9034000,
      "cogs": 76813000,
      "rd": null,
      "sga": 9110000,
      "fcf": -7813000,
      "ocf": -5137000,
      "capex": -2676000,
      "gross_margin": 0.10443045353853328,
      "op_margin": -0.0008977497959659555,
      "fcf_margin": -0.09109245656989623,
      "incr_op_margin_yoy": -0.30116959064327486,
      "rev_growth_yoy": 0.16219512195121952,
      "rev_growth_yoy_accel": 0.3728342396124438,
      "op_leverage_ratio": Infinity,
      "fcf_margin_change": -0.17022848878564412
    },
    {
      "date": "2025-09-30T00:00:00",
      "quarter_label": "2025-09 (Q3)",
      "revenue": 92780000,
      "gross_profit": 14935000,
      "operating_income": 5370000,
      "net_income": 3002000,
      "opex": 9565000,
      "cogs": 77845000,
      "rd": null,
      "sga": 9086000,
      "fcf": 14774000,
      "ocf": 18159000,
      "capex": -3385000,
      "gross_margin": 0.16097219228281956,
      "op_margin": 0.05787885320112093,
      "fcf_margin": 0.1592369045052813,
      "incr_op_margin_yoy": 0.34710688002160556,
      "rev_growth_yoy": 0.46901421830963613,
      "rev_growth_yoy_accel": 0.30681909635841664,
      "op_leverage_ratio": 1.390490970574086,
      "fcf_margin_change": 0.25032936107517756
    }
  ],
  "signals": [
    {
      "quarter": "2025-09 (Q3)",
      "signal": "FCF TURNED POSITIVE",
      "detail": "FCF margin: -9.1% -> +15.9%",
      "severity": "HIGH"
    },
    {
      "quarter": "2025-09 (Q3)",
      "signal": "YoY REVENUE GROWTH ACCELERATION",
      "detail": "YoY growth: +46.9% vs prior quarter YoY: +16.2% (accel: +30.7%)",
      "severity": "HIGH"
    },
    {
      "quarter": "2025-09 (Q3)",
      "signal": "OP MARGIN TURNED POSITIVE (YoY)",
      "detail": "Op margin: -7.8% (year-ago) -> +5.8%",
      "severity": "HIGH"
    },
    {
      "quarter": "2025-09 (Q3)",
      "signal": "OP MARGIN TURNED POSITIVE (QoQ)",
      "detail": "Op margin: -0.1% -> +5.8%",
      "severity": "HIGH"
    },
    {
      "quarter": "2025-06 (Q2)",
      "signal": "GROSS MARGIN INFLECTION",
      "detail": "GM: +14.7% -> +4.2% -> +10.4% (reversal +6.2%)",
      "severity": "HIGH"
    },
    {
      "quarter": "2025-06 (Q2)",
      "signal": "YoY REVENUE GROWTH ACCELERATION",
      "detail": "YoY growth: +16.2% vs prior quarter YoY: -21.1% (accel: +37.3%)",
      "severity": "HIGH"
    },
    {
      "quarter": "2025-03 (Q1)",
      "signal": "FCF TURNED POSITIVE",
      "detail": "FCF margin: -0.9% -> +7.9%",
      "severity": "HIGH"
    },
    {
      "quarter": "2025-03 (Q1)",
      "signal": "YoY REVENUE GROWTH DECELERATION",
      "detail": "YoY growth: -21.1% vs prior quarter YoY: +47.5% (decel: -68.5%)",
      "severity": "WARNING"
    },
    {
      "quarter": "2024-12 (Q4)",
      "signal": "GROSS MARGIN INFLECTION",
      "detail": "GM: +17.7% -> +10.3% -> +14.7% (reversal +4.5%)",
      "severity": "MEDIUM"
    },
    {
      "quarter": "2024-12 (Q4)",
      "signal": "YoY REVENUE GROWTH ACCELERATION",
      "detail": "YoY growth: +47.5% vs prior quarter YoY: -17.9% (accel: +65.4%)",
      "severity": "HIGH"
    },
    {
      "quarter": "2024-12 (Q4)",
      "signal": "OP MARGIN TURNED POSITIVE (YoY)",
      "detail": "Op margin: -12.8% (year-ago) -> +3.9%",
      "severity": "HIGH"
    },
    {
      "quarter": "2024-12 (Q4)",
      "signal": "OP MARGIN TURNED POSITIVE (QoQ)",
      "detail": "Op margin: -7.8% -> +3.9%",
      "severity": "HIGH"
    },
    {
      "quarter": "2024-09 (Q3)",
      "signal": "YoY REVENUE GROWTH DECELERATION",
      "detail": "YoY growth: -17.9% vs prior quarter YoY: -1.3% (decel: -16.6%)",
      "severity": "WARNING"
    },
    {
      "quarter": "2024-06 (Q2)",
      "signal": "FCF TURNED POSITIVE",
      "detail": "FCF margin: -6.6% -> +18.3%",
      "severity": "HIGH"
    },
    {
      "quarter": "2024-03 (Q1)",
      "signal": "FCF MARGIN EXPANSION",
      "detail": "FCF margin: -15.4% -> -6.6% (+8.8%)",
      "severity": "MEDIUM"
    },
    {
      "quarter": "2024-03 (Q1)",
      "signal": "OPERATING LEVERAGE",
      "detail": "Rev growth +34.1% vs OpEx growth +2.7% (leverage: 12.6x)",
      "severity": "MEDIUM"
    },
    {
      "quarter": "2024-03 (Q1)",
      "signal": "GROSS MARGIN INFLECTION",
      "detail": "GM: +18.7% -> +4.6% -> +14.2% (reversal +9.7%)",
      "severity": "HIGH"
    },
    {
      "quarter": "2024-03 (Q1)",
      "signal": "YoY REVENUE GROWTH ACCELERATION",
      "detail": "YoY growth: +0.9% vs prior quarter YoY: -16.1% (accel: +16.9%)",
      "severity": "HIGH"
    },
    {
      "quarter": "2024-03 (Q1)",
      "signal": "OP MARGIN TURNED POSITIVE (YoY)",
      "detail": "Op margin: -2.0% (year-ago) -> +0.9%",
      "severity": "HIGH"
    },
    {
      "quarter": "2024-03 (Q1)",
      "signal": "OP MARGIN TURNED POSITIVE (QoQ)",
      "detail": "Op margin: -12.8% -> +0.9%",
      "severity": "HIGH"
    },
    {
      "quarter": "2023-12 (Q4)",
      "signal": "YoY REVENUE GROWTH DECELERATION",
      "detail": "YoY growth: -16.1% vs prior quarter YoY: +7.4% (decel: -23.5%)",
      "severity": "WARNING"
    },
    {
      "quarter": "2023-09 (Q3)",
      "signal": "INCREMENTAL MARGIN (YoY)",
      "detail": "YoY Incr OPM: +21.6% vs year-ago OPM: +5.3%",
      "severity": "MEDIUM"
    },
    {
      "quarter": "2023-06 (Q2)",
      "signal": "FCF MARGIN EXPANSION",
      "detail": "FCF margin: +1.3% -> +14.5% (+13.2%)",
      "severity": "MEDIUM"
    },
    {
      "quarter": "2023-06 (Q2)",
      "signal": "GROSS MARGIN INFLECTION",
      "detail": "GM: +15.1% -> +14.1% -> +17.0% (reversal +2.8%)",
      "severity": "MEDIUM"
    },
    {
      "quarter": "2023-06 (Q2)",
      "signal": "YoY REVENUE GROWTH DECELERATION",
      "detail": "YoY growth: +8.8% vs prior quarter YoY: +97.9% (decel: -89.1%)",
      "severity": "WARNING"
    },
    {
      "quarter": "2023-06 (Q2)",
      "signal": "INCREMENTAL MARGIN (YoY)",
      "detail": "YoY Incr OPM: +28.0% vs year-ago OPM: +2.0%",
      "severity": "HIGH"
    },
    {
      "quarter": "2023-06 (Q2)",
      "signal": "OP MARGIN TURNED POSITIVE (QoQ)",
      "detail": "Op margin: -2.0% -> +4.1%",
      "severity": "HIGH"
    },
    {
      "quarter": "2023-03 (Q1)",
      "signal": "YoY REVENUE GROWTH DECELERATION",
      "detail": "YoY growth: +97.9% vs prior quarter YoY: +110.5% (decel: -12.5%)",
      "severity": "WARNING"
    },
    {
      "quarter": "2022-12 (Q4)",
      "signal": "OP MARGIN TURNED POSITIVE (YoY)",
      "detail": "Op margin: -42.7% (year-ago) -> +2.2%",
      "severity": "HIGH"
    },
    {
      "quarter": "2022-09 (Q3)",
      "signal": "FCF TURNED POSITIVE",
      "detail": "FCF margin: -5.3% -> +8.9%",
      "severity": "HIGH"
    },
    {
      "quarter": "2022-09 (Q3)",
      "signal": "OPERATING LEVERAGE",
      "detail": "Rev growth +4.2% vs OpEx growth +0.9% (leverage: 4.7x)",
      "severity": "MEDIUM"
    },
    {
      "quarter": "2022-09 (Q3)",
      "signal": "YoY REVENUE GROWTH DECELERATION",
      "detail": "YoY growth: +107.6% vs prior quarter YoY: +131.8% (decel: -24.2%)",
      "severity": "WARNING"
    },
    {
      "quarter": "2022-09 (Q3)",
      "signal": "OP MARGIN TURNED POSITIVE (YoY)",
      "detail": "Op margin: -25.4% (year-ago) -> +5.3%",
      "severity": "HIGH"
    },
    {
      "quarter": "2022-06 (Q2)",
      "signal": "FCF MARGIN EXPANSION",
      "detail": "FCF margin: -29.9% -> -5.3% (+24.6%)",
      "severity": "MEDIUM"
    },
    {
      "quarter": "2022-06 (Q2)",
      "signal": "YoY REVENUE GROWTH ACCELERATION",
      "detail": "YoY growth: +131.8% vs prior quarter YoY: +51.6% (accel: +80.3%)",
      "severity": "HIGH"
    },
    {
      "quarter": "2022-06 (Q2)",
      "signal": "OP MARGIN TURNED POSITIVE (YoY)",
      "detail": "Op margin: -96.7% (year-ago) -> +2.0%",
      "severity": "HIGH"
    },
    {
      "quarter": "2022-06 (Q2)",
      "signal": "OP MARGIN TURNED POSITIVE (QoQ)",
      "detail": "Op margin: -23.9% -> +2.0%",
      "severity": "HIGH"
    },
    {
      "quarter": "2022-03 (Q1)",
      "signal": "GROSS MARGIN INFLECTION",
      "detail": "GM: -5.9% -> -18.6% -> -4.8% (reversal +13.8%)",
      "severity": "HIGH"
    },
    {
      "quarter": "2022-03 (Q1)",
      "signal": "YoY REVENUE GROWTH ACCELERATION",
      "detail": "YoY growth: +51.6% vs prior quarter YoY: +38.5% (accel: +13.1%)",
      "severity": "MEDIUM"
    },
    {
      "quarter": "2021-06 (Q2)",
      "signal": "FCF MARGIN EXPANSION",
      "detail": "FCF margin: +6.2% -> +100.3% (+94.1%)",
      "severity": "MEDIUM"
    }
  ],
  "data_quality": {
    "n_quarters": 20,
    "coverage": {
      "revenue": [
        20,
        20
      ],
      "gross_profit": [
        20,
        20
      ],
      "op_income": [
        20,
        20
      ],
      "fcf": [
        20,
        20
      ]
    },
    "gaps": [],
    "warnings": []
  },
  "market_cap": null,
  "source": "SEC EDGAR",
  "last_updated": "2026-02-02T23:03:45.934170"
}