{
  "ticker": "SNOA",
  "name": "SONOMA PHARMACEUTICALS, INC.",
  "sector": "Healthcare",
  "industry": "Drug Manufacturers - Specialty & Generic",
  "quarters": [
    {
      "date": "2021-03-31T00:00:00",
      "quarter_label": "2021-03 (Q1)",
      "revenue": 2157000,
      "gross_profit": -194000,
      "operating_income": -2814000,
      "net_income": -3660000,
      "opex": 2620000,
      "cogs": 2351000,
      "rd": 130000,
      "sga": 2490000,
      "fcf": -1481000,
      "ocf": -1476000,
      "capex": -5000,
      "gross_margin": -0.0899397311080204,
      "op_margin": -1.3045897079276774,
      "fcf_margin": -0.6866017617060732
    },
    {
      "date": "2021-06-30T00:00:00",
      "quarter_label": "2021-06 (Q2)",
      "revenue": 3684000,
      "gross_profit": 1453000,
      "operating_income": -904000,
      "net_income": -1098000,
      "opex": 2357000,
      "cogs": 2231000,
      "rd": 84000,
      "sga": 2273000,
      "fcf": -1272000,
      "ocf": -1223000,
      "capex": -49000,
      "gross_margin": 0.3944082519001086,
      "op_margin": -0.24538545059717698,
      "fcf_margin": -0.34527687296416937,
      "op_leverage_ratio": null,
      "fcf_margin_change": 0.34132488874190386
    },
    {
      "date": "2021-09-30T00:00:00",
      "quarter_label": "2021-09 (Q3)",
      "revenue": 3744000,
      "gross_profit": 1241000,
      "operating_income": -964000,
      "net_income": -100000,
      "opex": 2205000,
      "cogs": 2503000,
      "rd": 10000,
      "sga": 2195000,
      "fcf": -1329000,
      "ocf": -1304000,
      "capex": -25000,
      "gross_margin": 0.3314636752136752,
      "op_margin": -0.25747863247863245,
      "fcf_margin": -0.35496794871794873,
      "op_leverage_ratio": null,
      "fcf_margin_change": -0.009691075753779366
    },
    {
      "date": "2021-12-31T00:00:00",
      "quarter_label": "2021-12 (Q4)",
      "revenue": 2902000,
      "gross_profit": 1203000,
      "operating_income": -958000,
      "net_income": -944000,
      "opex": 2161000,
      "cogs": 1699000,
      "rd": 26000,
      "sga": 2135000,
      "fcf": -327000,
      "ocf": -326000,
      "capex": -1000,
      "gross_margin": 0.41454169538249486,
      "op_margin": -0.3301171605789111,
      "fcf_margin": -0.11268090971743625,
      "fcf_margin_change": 0.2422870390005125
    },
    {
      "date": "2022-03-31T00:00:00",
      "quarter_label": "2022-03 (Q1)",
      "revenue": 2298000,
      "gross_profit": 96000,
      "operating_income": -3060000,
      "net_income": -2944000,
      "opex": 3156000,
      "cogs": 2202000,
      "rd": 4000,
      "sga": 3152000,
      "fcf": -1457000,
      "ocf": -1395000,
      "capex": -62000,
      "gross_margin": 0.04177545691906005,
      "op_margin": -1.3315926892950392,
      "fcf_margin": -0.634029590948651,
      "rev_growth_yoy": 0.06536856745479833,
      "fcf_margin_change": -0.5213486812312147
    },
    {
      "date": "2022-06-30T00:00:00",
      "quarter_label": "2022-06 (Q2)",
      "revenue": 3983000,
      "gross_profit": 1446000,
      "operating_income": -855000,
      "net_income": -887000,
      "opex": 2301000,
      "cogs": 2537000,
      "rd": 6000,
      "sga": 2295000,
      "fcf": -1556000,
      "ocf": -1533000,
      "capex": -23000,
      "gross_margin": 0.3630429324629676,
      "op_margin": -0.21466231483806175,
      "fcf_margin": -0.39066030630178256,
      "rev_growth_yoy": 0.08116178067318132,
      "rev_growth_yoy_accel": 0.015793213218382993,
      "op_leverage_ratio": null,
      "fcf_margin_change": 0.2433692846468684
    },
    {
      "date": "2022-09-30T00:00:00",
      "quarter_label": "2022-09 (Q3)",
      "revenue": 3331000,
      "gross_profit": 1336000,
      "operating_income": -731000,
      "net_income": -1017000,
      "opex": 2067000,
      "cogs": 1995000,
      "rd": 0,
      "sga": 2067000,
      "fcf": -1855000,
      "ocf": -1830000,
      "capex": -25000,
      "gross_margin": 0.4010807565295707,
      "op_margin": -0.2194536175322726,
      "fcf_margin": -0.5568898228760132,
      "rev_growth_yoy": -0.11030982905982906,
      "rev_growth_yoy_accel": -0.19147160973301036,
      "fcf_margin_change": -0.16622951657423063
    },
    {
      "date": "2022-12-31T00:00:00",
      "quarter_label": "2022-12 (Q4)",
      "revenue": 2944000,
      "gross_profit": 831000,
      "operating_income": -1834000,
      "net_income": -1939000,
      "opex": 2665000,
      "cogs": 2113000,
      "rd": 0,
      "sga": 2665000,
      "fcf": -379000,
      "ocf": -348000,
      "capex": -31000,
      "gross_margin": 0.28226902173913043,
      "op_margin": -0.6229619565217391,
      "fcf_margin": -0.12873641304347827,
      "rev_growth_yoy": 0.014472777394900068,
      "rev_growth_yoy_accel": 0.12478260645472912,
      "fcf_margin_change": 0.4281534098325349
    },
    {
      "date": "2023-03-31T00:00:00",
      "quarter_label": "2023-03 (Q1)",
      "revenue": 3014000,
      "gross_profit": 864000,
      "operating_income": -1147000,
      "net_income": -1308000,
      "opex": 2011000,
      "cogs": 2150000,
      "rd": 201000,
      "sga": 1810000,
      "fcf": -2631000,
      "ocf": -2441000,
      "capex": -190000,
      "gross_margin": 0.28666224286662245,
      "op_margin": -0.380557398805574,
      "fcf_margin": -0.8729263437292635,
      "rev_growth_yoy": 0.31157528285465624,
      "rev_growth_yoy_accel": 0.2971025054597562,
      "op_leverage_ratio": null,
      "fcf_margin_change": -0.7441899306857852
    },
    {
      "date": "2023-06-30T00:00:00",
      "quarter_label": "2023-06 (Q2)",
      "revenue": 3427000,
      "gross_profit": 1204000,
      "operating_income": -1240000,
      "net_income": -1418000,
      "opex": 2444000,
      "cogs": 2223000,
      "rd": 325000,
      "sga": 2119000,
      "fcf": -232000,
      "ocf": -215000,
      "capex": -17000,
      "gross_margin": 0.3513276918587686,
      "op_margin": -0.3618325065655092,
      "fcf_margin": -0.06769769477677269,
      "rev_growth_yoy": -0.13959327140346472,
      "rev_growth_yoy_accel": -0.45116855425812097,
      "op_leverage_ratio": 0.636401182472557,
      "fcf_margin_change": 0.8052286489524908
    },
    {
      "date": "2023-09-30T00:00:00",
      "quarter_label": "2023-09 (Q3)",
      "revenue": 2731000,
      "gross_profit": 990000,
      "operating_income": -1208000,
      "net_income": -1484000,
      "opex": 2198000,
      "cogs": 1741000,
      "rd": 536000,
      "sga": 1662000,
      "fcf": -1233000,
      "ocf": -1231000,
      "capex": -2000,
      "gross_margin": 0.3625045770779934,
      "op_margin": -0.4423288172830465,
      "fcf_margin": -0.45148297326986453,
      "rev_growth_yoy": -0.18012608826178325,
      "rev_growth_yoy_accel": -0.04053281685831853,
      "fcf_margin_change": -0.38378527849309185
    },
    {
      "date": "2023-12-31T00:00:00",
      "quarter_label": "2023-12 (Q4)",
      "revenue": 3138000,
      "gross_profit": 1460000,
      "operating_income": -844000,
      "net_income": -866000,
      "opex": 2304000,
      "cogs": 1678000,
      "rd": 601000,
      "sga": 1703000,
      "fcf": -1105000,
      "ocf": -1104000,
      "capex": -1000,
      "gross_margin": 0.46526449968132566,
      "op_margin": -0.26896112173358827,
      "fcf_margin": -0.3521351179094965,
      "rev_growth_yoy": 0.06589673913043478,
      "rev_growth_yoy_accel": 0.24602282739221804,
      "op_leverage_ratio": 3.09025652363154,
      "fcf_margin_change": 0.09934785536036805
    },
    {
      "date": "2024-03-31T00:00:00",
      "quarter_label": "2024-03 (Q1)",
      "revenue": 3439000,
      "gross_profit": 1091000,
      "operating_income": -1409000,
      "net_income": -1067000,
      "opex": 2500000,
      "cogs": 2348000,
      "rd": 409000,
      "sga": 2091000,
      "fcf": 170000,
      "ocf": 152000,
      "capex": 18000,
      "gross_margin": 0.3172433847048561,
      "op_margin": -0.4097121256179122,
      "fcf_margin": 0.04943297470194824,
      "rev_growth_yoy": 0.14100862641008627,
      "rev_growth_yoy_accel": 0.07511188727965148,
      "op_leverage_ratio": 1.127560775744332,
      "fcf_margin_change": 0.4015680926114447
    },
    {
      "date": "2024-06-30T00:00:00",
      "quarter_label": "2024-06 (Q2)",
      "revenue": 3391000,
      "gross_profit": 1306000,
      "operating_income": -1173000,
      "net_income": -1143000,
      "opex": 2479000,
      "cogs": 2085000,
      "rd": 470000,
      "sga": 2009000,
      "fcf": -917000,
      "ocf": -912000,
      "capex": -5000,
      "gross_margin": 0.3851371276909466,
      "op_margin": -0.34591565909761135,
      "fcf_margin": -0.27042170451194336,
      "rev_growth_yoy": -0.01050481470674059,
      "rev_growth_yoy_accel": -0.15151344111682685,
      "fcf_margin_change": -0.3198546792138916
    },
    {
      "date": "2024-09-30T00:00:00",
      "quarter_label": "2024-09 (Q3)",
      "revenue": 3579000,
      "gross_profit": 1361000,
      "operating_income": -850000,
      "net_income": -610000,
      "opex": 2211000,
      "cogs": 2218000,
      "rd": 506000,
      "sga": 1705000,
      "fcf": 328000,
      "ocf": 354000,
      "capex": -26000,
      "gross_margin": 0.3802738195026544,
      "op_margin": -0.23749650740430286,
      "fcf_margin": 0.09164571109248393,
      "rev_growth_yoy": 0.31050897107286707,
      "rev_growth_yoy_accel": 0.32101378577960765,
      "op_leverage_ratio": null,
      "fcf_margin_change": 0.3620674156044273
    },
    {
      "date": "2024-12-31T00:00:00",
      "quarter_label": "2024-12 (Q4)",
      "revenue": 3564000,
      "gross_profit": 1270000,
      "operating_income": -1031000,
      "net_income": -928000,
      "opex": 2301000,
      "cogs": 2294000,
      "rd": 427000,
      "sga": 1874000,
      "fcf": 563000,
      "ocf": 565000,
      "capex": -2000,
      "gross_margin": 0.356341189674523,
      "op_margin": -0.2892817059483726,
      "fcf_margin": 0.1579685746352413,
      "rev_growth_yoy": 0.13575525812619502,
      "rev_growth_yoy_accel": -0.17475371294667205,
      "fcf_margin_change": 0.06632286354275738
    },
    {
      "date": "2025-03-31T00:00:00",
      "quarter_label": "2025-03 (Q1)",
      "revenue": 3754000,
      "gross_profit": 1528000,
      "operating_income": -656000,
      "net_income": -776000,
      "opex": 2184000,
      "cogs": 2226000,
      "rd": 411000,
      "sga": 1773000,
      "fcf": -142000,
      "ocf": -95000,
      "capex": -47000,
      "gross_margin": 0.4070324986680874,
      "op_margin": -0.17474693660095897,
      "fcf_margin": -0.03782631859350027,
      "rev_growth_yoy": 0.0915963943006688,
      "rev_growth_yoy_accel": -0.04415886382552622,
      "op_leverage_ratio": null,
      "fcf_margin_change": -0.19579489322874158
    },
    {
      "date": "2025-06-30T00:00:00",
      "quarter_label": "2025-06 (Q2)",
      "revenue": 4015000,
      "gross_profit": 1464000,
      "operating_income": -1095000,
      "net_income": -1241000,
      "opex": 2559000,
      "cogs": 2551000,
      "rd": 594000,
      "sga": 1965000,
      "fcf": -2121000,
      "ocf": -2015000,
      "capex": -106000,
      "gross_margin": 0.36463262764632626,
      "op_margin": -0.2727272727272727,
      "fcf_margin": -0.5282689912826899,
      "rev_growth_yoy": 0.1840165143025656,
      "rev_growth_yoy_accel": 0.09242012000189681,
      "op_leverage_ratio": 0.4049184869472563,
      "fcf_margin_change": -0.4904426726891896
    },
    {
      "date": "2025-09-30T00:00:00",
      "quarter_label": "2025-09 (Q3)",
      "revenue": 5604000,
      "gross_profit": 2120000,
      "operating_income": -337000,
      "net_income": -534000,
      "opex": 2457000,
      "cogs": 3484000,
      "rd": 575000,
      "sga": 1882000,
      "fcf": -645000,
      "ocf": -635000,
      "capex": -10000,
      "gross_margin": 0.3783012134189864,
      "op_margin": -0.06013561741613133,
      "fcf_margin": -0.11509635974304068,
      "incr_op_margin_yoy": 0.25333333333333335,
      "rev_growth_yoy": 0.5658005029337804,
      "rev_growth_yoy_accel": 0.38178398863121477,
      "op_leverage_ratio": null,
      "fcf_margin_change": 0.4131726315396492
    },
    {
      "date": "2025-12-31T00:00:00",
      "quarter_label": "2025-12 (Q4)",
      "revenue": 4349000,
      "gross_profit": 1650000,
      "operating_income": -678000,
      "net_income": -819000,
      "opex": 2328000,
      "cogs": 2699000,
      "rd": 557000,
      "sga": 1771000,
      "fcf": -811000,
      "ocf": -764000,
      "capex": -47000,
      "gross_margin": 0.37939756265808233,
      "op_margin": -0.15589790756495747,
      "fcf_margin": -0.18647965049436652,
      "rev_growth_yoy": 0.2202581369248036,
      "rev_growth_yoy_accel": -0.3455423660089768,
      "fcf_margin_change": -0.07138329075132584
    }
  ],
  "signals": [
    {
      "quarter": "2025-12 (Q4)",
      "signal": "YoY REVENUE GROWTH DECELERATION",
      "detail": "YoY growth: +22.0% vs prior quarter YoY: +56.6% (decel: -34.6%)",
      "severity": "WARNING"
    },
    {
      "quarter": "2025-09 (Q3)",
      "signal": "FCF MARGIN EXPANSION",
      "detail": "FCF margin: -52.8% -> -11.5% (+41.3%)",
      "severity": "MEDIUM"
    },
    {
      "quarter": "2025-09 (Q3)",
      "signal": "YoY REVENUE GROWTH ACCELERATION",
      "detail": "YoY growth: +56.6% vs prior quarter YoY: +18.4% (accel: +38.2%)",
      "severity": "HIGH"
    },
    {
      "quarter": "2025-06 (Q2)",
      "signal": "YoY REVENUE GROWTH ACCELERATION",
      "detail": "YoY growth: +18.4% vs prior quarter YoY: +9.2% (accel: +9.2%)",
      "severity": "MEDIUM"
    },
    {
      "quarter": "2025-03 (Q1)",
      "signal": "GROSS MARGIN INFLECTION",
      "detail": "GM: +38.0% -> +35.6% -> +40.7% (reversal +5.1%)",
      "severity": "HIGH"
    },
    {
      "quarter": "2024-12 (Q4)",
      "signal": "FCF MARGIN EXPANSION",
      "detail": "FCF margin: +9.2% -> +15.8% (+6.6%)",
      "severity": "MEDIUM"
    },
    {
      "quarter": "2024-12 (Q4)",
      "signal": "YoY REVENUE GROWTH DECELERATION",
      "detail": "YoY growth: +13.6% vs prior quarter YoY: +31.1% (decel: -17.5%)",
      "severity": "WARNING"
    },
    {
      "quarter": "2024-09 (Q3)",
      "signal": "FCF TURNED POSITIVE",
      "detail": "FCF margin: -27.0% -> +9.2%",
      "severity": "HIGH"
    },
    {
      "quarter": "2024-09 (Q3)",
      "signal": "YoY REVENUE GROWTH ACCELERATION",
      "detail": "YoY growth: +31.1% vs prior quarter YoY: -1.1% (accel: +32.1%)",
      "severity": "HIGH"
    },
    {
      "quarter": "2024-06 (Q2)",
      "signal": "GROSS MARGIN INFLECTION",
      "detail": "GM: +46.5% -> +31.7% -> +38.5% (reversal +6.8%)",
      "severity": "HIGH"
    },
    {
      "quarter": "2024-06 (Q2)",
      "signal": "YoY REVENUE GROWTH DECELERATION",
      "detail": "YoY growth: -1.1% vs prior quarter YoY: +14.1% (decel: -15.2%)",
      "severity": "WARNING"
    },
    {
      "quarter": "2024-03 (Q1)",
      "signal": "FCF TURNED POSITIVE",
      "detail": "FCF margin: -35.2% -> +4.9%",
      "severity": "HIGH"
    },
    {
      "quarter": "2024-03 (Q1)",
      "signal": "YoY REVENUE GROWTH ACCELERATION",
      "detail": "YoY growth: +14.1% vs prior quarter YoY: +6.6% (accel: +7.5%)",
      "severity": "MEDIUM"
    },
    {
      "quarter": "2023-12 (Q4)",
      "signal": "FCF MARGIN EXPANSION",
      "detail": "FCF margin: -45.1% -> -35.2% (+9.9%)",
      "severity": "MEDIUM"
    },
    {
      "quarter": "2023-12 (Q4)",
      "signal": "OPERATING LEVERAGE",
      "detail": "Rev growth +14.9% vs OpEx growth +4.8% (leverage: 3.1x)",
      "severity": "MEDIUM"
    },
    {
      "quarter": "2023-12 (Q4)",
      "signal": "YoY REVENUE GROWTH ACCELERATION",
      "detail": "YoY growth: +6.6% vs prior quarter YoY: -18.0% (accel: +24.6%)",
      "severity": "HIGH"
    },
    {
      "quarter": "2023-06 (Q2)",
      "signal": "FCF MARGIN EXPANSION",
      "detail": "FCF margin: -87.3% -> -6.8% (+80.5%)",
      "severity": "MEDIUM"
    },
    {
      "quarter": "2023-06 (Q2)",
      "signal": "YoY REVENUE GROWTH DECELERATION",
      "detail": "YoY growth: -14.0% vs prior quarter YoY: +31.2% (decel: -45.1%)",
      "severity": "WARNING"
    },
    {
      "quarter": "2023-03 (Q1)",
      "signal": "YoY REVENUE GROWTH ACCELERATION",
      "detail": "YoY growth: +31.2% vs prior quarter YoY: +1.4% (accel: +29.7%)",
      "severity": "HIGH"
    },
    {
      "quarter": "2022-12 (Q4)",
      "signal": "FCF MARGIN EXPANSION",
      "detail": "FCF margin: -55.7% -> -12.9% (+42.8%)",
      "severity": "MEDIUM"
    },
    {
      "quarter": "2022-12 (Q4)",
      "signal": "YoY REVENUE GROWTH ACCELERATION",
      "detail": "YoY growth: +1.4% vs prior quarter YoY: -11.0% (accel: +12.5%)",
      "severity": "MEDIUM"
    },
    {
      "quarter": "2022-09 (Q3)",
      "signal": "YoY REVENUE GROWTH DECELERATION",
      "detail": "YoY growth: -11.0% vs prior quarter YoY: +8.1% (decel: -19.1%)",
      "severity": "WARNING"
    },
    {
      "quarter": "2022-06 (Q2)",
      "signal": "FCF MARGIN EXPANSION",
      "detail": "FCF margin: -63.4% -> -39.1% (+24.3%)",
      "severity": "MEDIUM"
    },
    {
      "quarter": "2022-06 (Q2)",
      "signal": "GROSS MARGIN INFLECTION",
      "detail": "GM: +41.5% -> +4.2% -> +36.3% (reversal +32.1%)",
      "severity": "HIGH"
    },
    {
      "quarter": "2021-12 (Q4)",
      "signal": "FCF MARGIN EXPANSION",
      "detail": "FCF margin: -35.5% -> -11.3% (+24.2%)",
      "severity": "MEDIUM"
    },
    {
      "quarter": "2021-12 (Q4)",
      "signal": "GROSS MARGIN INFLECTION",
      "detail": "GM: +39.4% -> +33.1% -> +41.5% (reversal +8.3%)",
      "severity": "HIGH"
    },
    {
      "quarter": "2021-06 (Q2)",
      "signal": "FCF MARGIN EXPANSION",
      "detail": "FCF margin: -68.7% -> -34.5% (+34.1%)",
      "severity": "MEDIUM"
    }
  ],
  "data_quality": {
    "n_quarters": 20,
    "coverage": {
      "revenue": [
        20,
        20
      ],
      "gross_profit": [
        20,
        20
      ],
      "op_income": [
        20,
        20
      ],
      "fcf": [
        20,
        20
      ]
    },
    "gaps": [],
    "warnings": []
  },
  "market_cap": null,
  "source": "SEC EDGAR",
  "last_updated": "2026-02-24T11:05:29.134054"
}