{
  "ticker": "SNOW",
  "name": "SNOWFLAKE INC.",
  "quarters": [
    {
      "date": "2021-01-31T00:00:00",
      "quarter_label": "2021-01 (Q1)",
      "revenue": 190465000,
      "gross_profit": 107561000,
      "operating_income": -200397000,
      "net_income": -198935000,
      "opex": 307958000,
      "cogs": 82904000,
      "rd": 93997000,
      "sga": null,
      "fcf": 8595000,
      "ocf": 19614000,
      "capex": -11019000,
      "gross_margin": 0.564728427795133,
      "op_margin": -1.0521460635812354,
      "fcf_margin": 0.04512640117606909
    },
    {
      "date": "2021-04-30T00:00:00",
      "quarter_label": "2021-04 (Q2)",
      "revenue": 228914000,
      "gross_profit": 131568000,
      "operating_income": -205595000,
      "net_income": -203220000,
      "opex": 337163000,
      "cogs": 97346000,
      "rd": 109796000,
      "sga": null,
      "fcf": 15424000,
      "ocf": 21854000,
      "capex": -6430000,
      "gross_margin": 0.5747485955424307,
      "op_margin": -0.8981320495906759,
      "fcf_margin": 0.0673790157002193,
      "op_leverage_ratio": 2.128649454508816,
      "fcf_margin_change": 0.022252614524150206
    },
    {
      "date": "2021-07-31T00:00:00",
      "quarter_label": "2021-07 (Q3)",
      "revenue": 272198000,
      "gross_profit": 166077000,
      "operating_income": -200141000,
      "net_income": -189719000,
      "opex": 366218000,
      "cogs": 106121000,
      "rd": 118087000,
      "sga": null,
      "fcf": -9608000,
      "ocf": -6111000,
      "capex": -3497000,
      "gross_margin": 0.610133064901285,
      "op_margin": -0.7352772614053006,
      "fcf_margin": -0.035297834664472186,
      "op_leverage_ratio": 2.1941891531213695,
      "fcf_margin_change": -0.10267685036469149
    },
    {
      "date": "2021-10-31T00:00:00",
      "quarter_label": "2021-10 (Q4)",
      "revenue": 334441000,
      "gross_profit": 213655000,
      "operating_income": -157271000,
      "net_income": -154856000,
      "opex": 370926000,
      "cogs": 120786000,
      "rd": 115900000,
      "sga": null,
      "fcf": 13256000,
      "ocf": 15538000,
      "capex": -2282000,
      "gross_margin": 0.6388421276099522,
      "op_margin": -0.4702503580601661,
      "fcf_margin": 0.039636288612939205,
      "op_leverage_ratio": 17.787250412128465,
      "fcf_margin_change": 0.07493412327741139
    },
    {
      "date": "2022-01-31T00:00:00",
      "quarter_label": "2022-01 (Q1)",
      "revenue": 383774000,
      "gross_profit": 249594000,
      "operating_income": -152029000,
      "net_income": -132153000,
      "opex": 401623000,
      "cogs": 134180000,
      "rd": 123149000,
      "sga": null,
      "fcf": 74886000,
      "ocf": 78898000,
      "capex": -4012000,
      "gross_margin": 0.650367143162382,
      "op_margin": -0.3961420002397244,
      "fcf_margin": 0.1951304674105072,
      "incr_op_margin_yoy": 0.25021080239409443,
      "rev_growth_yoy": 1.0149318772477882,
      "op_leverage_ratio": 1.7824171611416078,
      "fcf_margin_change": 0.155494178797568
    },
    {
      "date": "2022-04-30T00:00:00",
      "quarter_label": "2022-04 (Q2)",
      "revenue": 422371000,
      "gross_profit": 274441000,
      "operating_income": -188766000,
      "net_income": -165794000,
      "opex": 463207000,
      "cogs": 147930000,
      "rd": 150798000,
      "sga": null,
      "fcf": 177200000,
      "ocf": 184613000,
      "capex": -7413000,
      "gross_margin": 0.6497628861830003,
      "op_margin": -0.44691988796579313,
      "fcf_margin": 0.4195363791548189,
      "incr_op_margin_yoy": 0.08699090754017688,
      "rev_growth_yoy": 0.845107769730117,
      "rev_growth_yoy_accel": -0.16982410751767119,
      "op_leverage_ratio": 0.6558864868779407,
      "fcf_margin_change": 0.22440591174431168
    },
    {
      "date": "2022-07-31T00:00:00",
      "quarter_label": "2022-07 (Q3)",
      "revenue": 497248000,
      "gross_profit": 324016000,
      "operating_income": -207732000,
      "net_income": -222806000,
      "opex": 531748000,
      "cogs": 173232000,
      "rd": 183748000,
      "sga": null,
      "fcf": 60585000,
      "ocf": 64433000,
      "capex": -3848000,
      "gross_margin": 0.6516185082695154,
      "op_margin": -0.41776336958620247,
      "fcf_margin": 0.12184061072141064,
      "incr_op_margin_yoy": -0.033730282159520106,
      "rev_growth_yoy": 0.8267878529599777,
      "rev_growth_yoy_accel": -0.018319916770139333,
      "op_leverage_ratio": 1.1980612491784361,
      "fcf_margin_change": -0.2976957684334083
    },
    {
      "date": "2022-10-31T00:00:00",
      "quarter_label": "2022-10 (Q4)",
      "revenue": 557028000,
      "gross_profit": 366307000,
      "operating_income": -206019000,
      "net_income": -200936000,
      "opex": 572326000,
      "cogs": 190721000,
      "rd": 211387000,
      "sga": null,
      "fcf": 70772000,
      "ocf": 79277000,
      "capex": -8505000,
      "gross_margin": 0.6576096713271146,
      "op_margin": -0.369853939119757,
      "fcf_margin": 0.12705285910223543,
      "incr_op_margin_yoy": -0.21900650082888937,
      "rev_growth_yoy": 0.6655493794122133,
      "rev_growth_yoy_accel": -0.16123847354776444,
      "op_leverage_ratio": 1.5754263063289176,
      "fcf_margin_change": 0.005212248380824791
    },
    {
      "date": "2023-01-31T00:00:00",
      "quarter_label": "2023-01 (Q1)",
      "revenue": 589012000,
      "gross_profit": 383355000,
      "operating_income": -239750000,
      "net_income": -207169000,
      "opex": 623105000,
      "cogs": 205657000,
      "rd": 242125000,
      "sga": null,
      "fcf": 211954000,
      "ocf": 217316000,
      "capex": -5362000,
      "gross_margin": 0.6508441254167997,
      "op_margin": -0.40703754762211974,
      "fcf_margin": 0.35984665847215336,
      "incr_op_margin_yoy": -0.4274111032070084,
      "rev_growth_yoy": 0.5347887037683636,
      "rev_growth_yoy_accel": -0.13076067564384963,
      "op_leverage_ratio": 0.6471650902249501,
      "fcf_margin_change": 0.23279379936991793
    },
    {
      "date": "2023-04-30T00:00:00",
      "quarter_label": "2023-04 (Q2)",
      "revenue": 623599000,
      "gross_profit": 414185000,
      "operating_income": -273238000,
      "net_income": -225627000,
      "opex": 687423000,
      "cogs": 209414000,
      "rd": 277412000,
      "sga": null,
      "fcf": 292474000,
      "ocf": 299444000,
      "capex": -6970000,
      "gross_margin": 0.664184836730014,
      "op_margin": -0.4381629861497533,
      "fcf_margin": 0.4690097322157348,
      "incr_op_margin_yoy": -0.4197825352336653,
      "rev_growth_yoy": 0.4764247545404396,
      "rev_growth_yoy_accel": -0.05836394922792404,
      "op_leverage_ratio": 0.5688757956621335,
      "fcf_margin_change": 0.10916307374358142
    },
    {
      "date": "2023-07-31T00:00:00",
      "quarter_label": "2023-07 (Q3)",
      "revenue": 674018000,
      "gross_profit": 455626000,
      "operating_income": -285407000,
      "net_income": -226867000,
      "opex": 741033000,
      "cogs": 218392000,
      "rd": 313996000,
      "sga": null,
      "fcf": 76893000,
      "ocf": 83191000,
      "capex": -6298000,
      "gross_margin": 0.6759849143494684,
      "op_margin": -0.4234412137361317,
      "fcf_margin": 0.11408152304537861,
      "incr_op_margin_yoy": -0.43941279628896307,
      "rev_growth_yoy": 0.35549665358131155,
      "rev_growth_yoy_accel": -0.12092810095912804,
      "op_leverage_ratio": 1.0367333497812905,
      "fcf_margin_change": -0.35492820917035617
    },
    {
      "date": "2023-10-31T00:00:00",
      "quarter_label": "2023-10 (Q4)",
      "revenue": 734173000,
      "gross_profit": 505225000,
      "operating_income": -260623000,
      "net_income": -214251000,
      "opex": 765848000,
      "cogs": 228948000,
      "rd": 332065000,
      "sga": null,
      "fcf": 112161000,
      "ocf": 120907000,
      "capex": -8746000,
      "gross_margin": 0.6881552440637289,
      "op_margin": -0.3549885381238482,
      "fcf_margin": 0.1527718943627728,
      "incr_op_margin_yoy": -0.308244658330746,
      "rev_growth_yoy": 0.3180181247621304,
      "rev_growth_yoy_accel": -0.03747852881918112,
      "op_leverage_ratio": 2.665161343340289,
      "fcf_margin_change": 0.038690371317394195
    },
    {
      "date": "2024-01-31T00:00:00",
      "quarter_label": "2024-01 (Q1)",
      "revenue": 774699000,
      "gross_profit": 532895000,
      "operating_income": -275505000,
      "net_income": -169352000,
      "opex": 808400000,
      "cogs": 241804000,
      "rd": 364476000,
      "sga": null,
      "fcf": 331508000,
      "ocf": 344580000,
      "capex": -13072000,
      "gross_margin": 0.6878736128483449,
      "op_margin": -0.35562844407957156,
      "fcf_margin": 0.4279184560713258,
      "incr_op_margin_yoy": -0.1925552138814241,
      "rev_growth_yoy": 0.3152516417322567,
      "rev_growth_yoy_accel": -0.002766483029873701,
      "op_leverage_ratio": 0.9934772729115845,
      "fcf_margin_change": 0.275146561708553
    },
    {
      "date": "2024-04-30T00:00:00",
      "quarter_label": "2024-04 (Q2)",
      "revenue": 828709000,
      "gross_profit": 556192000,
      "operating_income": -348572000,
      "net_income": -316988000,
      "opex": 904764000,
      "cogs": 272517000,
      "rd": 410794000,
      "sga": null,
      "fcf": 338949000,
      "ocf": 355468000,
      "capex": -16519000,
      "gross_margin": 0.6711547720611216,
      "op_margin": -0.4206205073192158,
      "fcf_margin": 0.4090084698006176,
      "incr_op_margin_yoy": -0.3672858466188874,
      "rev_growth_yoy": 0.32891329203542663,
      "rev_growth_yoy_accel": 0.013661650303169903,
      "op_leverage_ratio": 0.5848610071673734,
      "fcf_margin_change": -0.018909986270708168
    },
    {
      "date": "2024-07-31T00:00:00",
      "quarter_label": "2024-07 (Q3)",
      "revenue": 868823000,
      "gross_profit": 580745000,
      "operating_income": -355303000,
      "net_income": -316899000,
      "opex": 936048000,
      "cogs": 288078000,
      "rd": 437660000,
      "sga": null,
      "fcf": 64822000,
      "ocf": 69865000,
      "capex": -5043000,
      "gross_margin": 0.6684272861100592,
      "op_margin": -0.4089475071447234,
      "fcf_margin": 0.07460898249701033,
      "incr_op_margin_yoy": -0.35879982546649214,
      "rev_growth_yoy": 0.2890204712633787,
      "rev_growth_yoy_accel": -0.03989282077204792,
      "op_leverage_ratio": 1.3999320277797869,
      "fcf_margin_change": -0.3343994873036073
    },
    {
      "date": "2024-10-31T00:00:00",
      "quarter_label": "2024-10 (Q4)",
      "revenue": 942094000,
      "gross_profit": 621200000,
      "operating_income": -365457000,
      "net_income": -324279000,
      "opex": 986657000,
      "cogs": 320894000,
      "rd": 442435000,
      "sga": null,
      "fcf": 88266000,
      "ocf": 101706000,
      "capex": -13440000,
      "gross_margin": 0.6593821847926004,
      "op_margin": -0.3879198890981155,
      "fcf_margin": 0.09369128770589771,
      "incr_op_margin_yoy": -0.5042011148465042,
      "rev_growth_yoy": 0.28320436736300575,
      "rev_growth_yoy_accel": -0.00581610390037296,
      "op_leverage_ratio": 1.5598081067907124,
      "fcf_margin_change": 0.019082305208887387
    },
    {
      "date": "2025-01-31T00:00:00",
      "quarter_label": "2025-01 (Q1)",
      "revenue": 986770000,
      "gross_profit": 653586000,
      "operating_income": -386678000,
      "net_income": -327474000,
      "opex": 1040264000,
      "cogs": 333184000,
      "rd": 492490000,
      "sga": null,
      "fcf": 421448000,
      "ocf": 432725000,
      "capex": -11277000,
      "gross_margin": 0.6623488756245123,
      "op_margin": -0.39186233874155074,
      "fcf_margin": 0.42709851333137405,
      "incr_op_margin_yoy": -0.5242253773500384,
      "rev_growth_yoy": 0.2737463195382981,
      "rev_growth_yoy_accel": -0.00945804782470766,
      "op_leverage_ratio": 0.8728201065745447,
      "fcf_margin_change": 0.3334072256254763
    },
    {
      "date": "2025-04-30T00:00:00",
      "quarter_label": "2025-04 (Q2)",
      "revenue": 1042074000,
      "gross_profit": 693288000,
      "operating_income": -447257000,
      "net_income": -430092000,
      "opex": 1140545000,
      "cogs": 348786000,
      "rd": 472404000,
      "sga": null,
      "fcf": 183384000,
      "ocf": 228373000,
      "capex": -44989000,
      "gross_margin": 0.6652963225260394,
      "op_margin": -0.42919888606759216,
      "fcf_margin": 0.17597982484929092,
      "incr_op_margin_yoy": -0.46251728259086544,
      "rev_growth_yoy": 0.25746673440254664,
      "rev_growth_yoy_accel": -0.01627958513575145,
      "op_leverage_ratio": 0.5813872717593637,
      "fcf_margin_change": -0.25111868848208313
    },
    {
      "date": "2025-07-31T00:00:00",
      "quarter_label": "2025-07 (Q3)",
      "revenue": 1144969000,
      "gross_profit": 773154000,
      "operating_income": -340276000,
      "net_income": -298017000,
      "opex": 1113430000,
      "cogs": 371815000,
      "rd": 492003000,
      "sga": null,
      "fcf": 58231000,
      "ocf": 74896000,
      "capex": -16665000,
      "gross_margin": 0.6752619503235459,
      "op_margin": -0.29719232573108967,
      "fcf_margin": 0.050858145504376104,
      "incr_op_margin_yoy": 0.054416866440216406,
      "rev_growth_yoy": 0.31783919164202606,
      "rev_growth_yoy_accel": 0.06037245723947943,
      "op_leverage_ratio": Infinity,
      "fcf_margin_change": -0.1251216793449148
    },
    {
      "date": "2025-10-31T00:00:00",
      "quarter_label": "2025-10 (Q4)",
      "revenue": 1212909000,
      "gross_profit": 822036000,
      "operating_income": -329473000,
      "net_income": -293957000,
      "opex": 1151509000,
      "cogs": 390873000,
      "rd": 494027000,
      "sga": null,
      "fcf": 113614000,
      "ocf": 137519000,
      "capex": -23905000,
      "gross_margin": 0.6777392203372223,
      "op_margin": -0.27163868023075105,
      "fcf_margin": 0.09367067108909242,
      "incr_op_margin_yoy": 0.1328729944796263,
      "rev_growth_yoy": 0.28746069925081785,
      "rev_growth_yoy_accel": -0.03037849239120821,
      "op_leverage_ratio": 1.7350388275729913,
      "fcf_margin_change": 0.04281252558471632
    }
  ],
  "signals": [
    {
      "quarter": "2025-10 (Q4)",
      "signal": "OPERATING LEVERAGE",
      "detail": "Rev growth +5.9% vs OpEx growth +3.4% (leverage: 1.7x)",
      "severity": "MEDIUM"
    },
    {
      "quarter": "2025-07 (Q3)",
      "signal": "YoY REVENUE GROWTH ACCELERATION",
      "detail": "YoY growth: +31.8% vs prior quarter YoY: +25.7% (accel: +6.0%)",
      "severity": "MEDIUM"
    },
    {
      "quarter": "2025-01 (Q1)",
      "signal": "FCF MARGIN EXPANSION",
      "detail": "FCF margin: +9.4% -> +42.7% (+33.3%)",
      "severity": "MEDIUM"
    },
    {
      "quarter": "2024-10 (Q4)",
      "signal": "OPERATING LEVERAGE",
      "detail": "Rev growth +8.4% vs OpEx growth +5.4% (leverage: 1.6x)",
      "severity": "MEDIUM"
    },
    {
      "quarter": "2024-01 (Q1)",
      "signal": "FCF MARGIN EXPANSION",
      "detail": "FCF margin: +15.3% -> +42.8% (+27.5%)",
      "severity": "MEDIUM"
    },
    {
      "quarter": "2023-10 (Q4)",
      "signal": "OPERATING LEVERAGE",
      "detail": "Rev growth +8.9% vs OpEx growth +3.3% (leverage: 2.7x)",
      "severity": "MEDIUM"
    },
    {
      "quarter": "2023-07 (Q3)",
      "signal": "YoY REVENUE GROWTH DECELERATION",
      "detail": "YoY growth: +35.5% vs prior quarter YoY: +47.6% (decel: -12.1%)",
      "severity": "WARNING"
    },
    {
      "quarter": "2023-04 (Q2)",
      "signal": "FCF MARGIN EXPANSION",
      "detail": "FCF margin: +36.0% -> +46.9% (+10.9%)",
      "severity": "MEDIUM"
    },
    {
      "quarter": "2023-04 (Q2)",
      "signal": "YoY REVENUE GROWTH DECELERATION",
      "detail": "YoY growth: +47.6% vs prior quarter YoY: +53.5% (decel: -5.8%)",
      "severity": "WARNING"
    },
    {
      "quarter": "2023-01 (Q1)",
      "signal": "FCF MARGIN EXPANSION",
      "detail": "FCF margin: +12.7% -> +36.0% (+23.3%)",
      "severity": "MEDIUM"
    },
    {
      "quarter": "2023-01 (Q1)",
      "signal": "YoY REVENUE GROWTH DECELERATION",
      "detail": "YoY growth: +53.5% vs prior quarter YoY: +66.6% (decel: -13.1%)",
      "severity": "WARNING"
    },
    {
      "quarter": "2022-10 (Q4)",
      "signal": "OPERATING LEVERAGE",
      "detail": "Rev growth +12.0% vs OpEx growth +7.6% (leverage: 1.6x)",
      "severity": "MEDIUM"
    },
    {
      "quarter": "2022-10 (Q4)",
      "signal": "YoY REVENUE GROWTH DECELERATION",
      "detail": "YoY growth: +66.6% vs prior quarter YoY: +82.7% (decel: -16.1%)",
      "severity": "WARNING"
    },
    {
      "quarter": "2022-04 (Q2)",
      "signal": "FCF MARGIN EXPANSION",
      "detail": "FCF margin: +19.5% -> +42.0% (+22.4%)",
      "severity": "MEDIUM"
    },
    {
      "quarter": "2022-04 (Q2)",
      "signal": "YoY REVENUE GROWTH DECELERATION",
      "detail": "YoY growth: +84.5% vs prior quarter YoY: +101.5% (decel: -17.0%)",
      "severity": "WARNING"
    },
    {
      "quarter": "2022-01 (Q1)",
      "signal": "FCF MARGIN EXPANSION",
      "detail": "FCF margin: +4.0% -> +19.5% (+15.5%)",
      "severity": "MEDIUM"
    },
    {
      "quarter": "2022-01 (Q1)",
      "signal": "OPERATING LEVERAGE",
      "detail": "Rev growth +14.8% vs OpEx growth +8.3% (leverage: 1.8x)",
      "severity": "MEDIUM"
    },
    {
      "quarter": "2021-10 (Q4)",
      "signal": "FCF TURNED POSITIVE",
      "detail": "FCF margin: -3.5% -> +4.0%",
      "severity": "HIGH"
    },
    {
      "quarter": "2021-10 (Q4)",
      "signal": "OPERATING LEVERAGE",
      "detail": "Rev growth +22.9% vs OpEx growth +1.3% (leverage: 17.8x)",
      "severity": "MEDIUM"
    },
    {
      "quarter": "2021-07 (Q3)",
      "signal": "OPERATING LEVERAGE",
      "detail": "Rev growth +18.9% vs OpEx growth +8.6% (leverage: 2.2x)",
      "severity": "MEDIUM"
    },
    {
      "quarter": "2021-04 (Q2)",
      "signal": "OPERATING LEVERAGE",
      "detail": "Rev growth +20.2% vs OpEx growth +9.5% (leverage: 2.1x)",
      "severity": "MEDIUM"
    }
  ],
  "data_quality": {
    "n_quarters": 20,
    "coverage": {
      "revenue": [
        20,
        20
      ],
      "gross_profit": [
        20,
        20
      ],
      "op_income": [
        20,
        20
      ],
      "fcf": [
        20,
        20
      ]
    },
    "gaps": [],
    "warnings": []
  },
  "market_cap": null,
  "source": "SEC EDGAR",
  "last_updated": "2026-02-02T19:54:20.437502"
}