{
  "ticker": "SNPS",
  "name": "SYNOPSYS, INC.",
  "quarters": [
    {
      "date": "2021-01-31T00:00:00",
      "quarter_label": "2021-01 (Q1)",
      "revenue": 970321000,
      "gross_profit": 762322000,
      "operating_income": 148348000,
      "net_income": 162345000,
      "opex": 613974000,
      "cogs": 207999000,
      "rd": 357468000,
      "sga": null,
      "fcf": 146179000,
      "ocf": 173958000,
      "capex": -27779000,
      "gross_margin": 0.7856389792656244,
      "op_margin": 0.1528854884105363,
      "fcf_margin": 0.1506501456734421
    },
    {
      "date": "2021-04-30T00:00:00",
      "quarter_label": "2021-04 (Q2)",
      "revenue": 1024323000,
      "gross_profit": 810337000,
      "operating_income": 194231000,
      "net_income": 195078000,
      "opex": 616106000,
      "cogs": 213986000,
      "rd": 362345000,
      "sga": null,
      "fcf": 510057000,
      "ocf": 526338000,
      "capex": -16281000,
      "gross_margin": 0.791095191653414,
      "op_margin": 0.18961889950728433,
      "fcf_margin": 0.4979454722777874,
      "op_leverage_ratio": 16.02718293300022,
      "fcf_margin_change": 0.3472953266043453
    },
    {
      "date": "2021-07-31T00:00:00",
      "quarter_label": "2021-07 (Q3)",
      "revenue": 1057130000,
      "gross_profit": 852064000,
      "operating_income": 201923000,
      "net_income": 198646000,
      "opex": 650141000,
      "cogs": 205066000,
      "rd": 371146000,
      "sga": null,
      "fcf": 398870000,
      "ocf": 421767000,
      "capex": -22897000,
      "gross_margin": 0.8060162893873034,
      "op_margin": 0.19101056634472582,
      "fcf_margin": 0.3773140484141023,
      "op_leverage_ratio": 0.5797747235621588,
      "fcf_margin_change": -0.12063142386368508
    },
    {
      "date": "2021-10-31T00:00:00",
      "quarter_label": "2021-10 (Q4)",
      "revenue": 1152419000,
      "gross_profit": 917693000,
      "operating_income": 190288000,
      "net_income": 201447000,
      "opex": 727405000,
      "cogs": 234726000,
      "rd": 413864000,
      "sga": null,
      "fcf": 343752000,
      "ocf": 370559000,
      "capex": -26807000,
      "gross_margin": 0.7963188736041318,
      "op_margin": 0.16512049870750134,
      "fcf_margin": 0.29828734167000026,
      "op_leverage_ratio": 0.758481056417014,
      "fcf_margin_change": -0.07902670674410206
    },
    {
      "date": "2022-01-31T00:00:00",
      "quarter_label": "2022-01 (Q1)",
      "revenue": 1270255000,
      "gross_profit": 1013271000,
      "operating_income": 347036000,
      "net_income": 313687000,
      "opex": 666235000,
      "cogs": 256984000,
      "rd": 383971000,
      "sga": null,
      "fcf": 113993000,
      "ocf": 155744000,
      "capex": -41751000,
      "gross_margin": 0.7976910147962417,
      "op_margin": 0.2732018374263435,
      "fcf_margin": 0.08974024900512102,
      "incr_op_margin_yoy": 0.6624390699287177,
      "rev_growth_yoy": 0.3091080168315434,
      "op_leverage_ratio": Infinity,
      "fcf_margin_change": -0.20854709266487925
    },
    {
      "date": "2022-04-30T00:00:00",
      "quarter_label": "2022-04 (Q2)",
      "revenue": 1279229000,
      "gross_profit": 1026418000,
      "operating_income": 363701000,
      "net_income": 294781000,
      "opex": 662717000,
      "cogs": 252811000,
      "rd": 389964000,
      "sga": null,
      "fcf": 724341000,
      "ocf": 749957000,
      "capex": -25616000,
      "gross_margin": 0.802372366480122,
      "op_margin": 0.2843126602039197,
      "fcf_margin": 0.5662324728410628,
      "incr_op_margin_yoy": 0.6648333111029163,
      "rev_growth_yoy": 0.24885314495525337,
      "rev_growth_yoy_accel": -0.06025487187629,
      "fcf_margin_change": 0.4764922238359418
    },
    {
      "date": "2022-07-31T00:00:00",
      "quarter_label": "2022-07 (Q3)",
      "revenue": 1247766000,
      "gross_profit": 976585000,
      "operating_income": 233928000,
      "net_income": 222626000,
      "opex": 742657000,
      "cogs": 271181000,
      "rd": 444826000,
      "sga": null,
      "fcf": 404127000,
      "ocf": 439694000,
      "capex": -35567000,
      "gross_margin": 0.7826667820729207,
      "op_margin": 0.18747745971600444,
      "fcf_margin": 0.32388043912079667,
      "incr_op_margin_yoy": 0.16788539415430453,
      "rev_growth_yoy": 0.18033354459716402,
      "rev_growth_yoy_accel": -0.06851960035808935,
      "fcf_margin_change": -0.24235203372026615
    },
    {
      "date": "2022-10-31T00:00:00",
      "quarter_label": "2022-10 (Q4)",
      "revenue": 1284292000,
      "gross_profit": 1001571000,
      "operating_income": 217373000,
      "net_income": 153500000,
      "opex": 784198000,
      "cogs": 282721000,
      "rd": 461618000,
      "sga": null,
      "fcf": 359850000,
      "ocf": 393505000,
      "capex": -33655000,
      "gross_margin": 0.7798623677481445,
      "op_margin": 0.16925512266680787,
      "fcf_margin": 0.28019328937655924,
      "incr_op_margin_yoy": 0.20538700112987496,
      "rev_growth_yoy": 0.11443146980395151,
      "rev_growth_yoy_accel": -0.06590207479321251,
      "op_leverage_ratio": 0.523335624766104,
      "fcf_margin_change": -0.04368714974423743
    },
    {
      "date": "2023-01-31T00:00:00",
      "quarter_label": "2023-01 (Q1)",
      "revenue": 1361340000,
      "gross_profit": 1076986000,
      "operating_income": 255932000,
      "net_income": 271536000,
      "opex": 821054000,
      "cogs": 284354000,
      "rd": 465329000,
      "sga": null,
      "fcf": 71251000,
      "ocf": 114751000,
      "capex": -43500000,
      "gross_margin": 0.7911219827522882,
      "op_margin": 0.18800005876562798,
      "fcf_margin": 0.052338871993770845,
      "incr_op_margin_yoy": -1.0002085963660317,
      "rev_growth_yoy": 0.07170607476451579,
      "rev_growth_yoy_accel": -0.04272539503943572,
      "op_leverage_ratio": 1.2764832596870748,
      "fcf_margin_change": -0.2278544173827884
    },
    {
      "date": "2023-04-30T00:00:00",
      "quarter_label": "2023-04 (Q2)",
      "revenue": 1394863000,
      "gross_profit": 1096849000,
      "operating_income": 287332000,
      "net_income": 272910000,
      "opex": 809517000,
      "cogs": 298014000,
      "rd": 485597000,
      "sga": null,
      "fcf": 655072000,
      "ocf": 702940000,
      "capex": -47868000,
      "gross_margin": 0.7863489102514011,
      "op_margin": 0.20599298999256557,
      "fcf_margin": 0.4696317846268773,
      "incr_op_margin_yoy": -0.6604372416417317,
      "rev_growth_yoy": 0.09039351046606979,
      "rev_growth_yoy_accel": 0.018687435701553998,
      "op_leverage_ratio": Infinity,
      "fcf_margin_change": 0.41729291263310647
    },
    {
      "date": "2023-07-31T00:00:00",
      "quarter_label": "2023-07 (Q3)",
      "revenue": 1487288000,
      "gross_profit": 1179806000,
      "operating_income": 295474000,
      "net_income": 336252000,
      "opex": 884332000,
      "cogs": 307482000,
      "rd": 507402000,
      "sga": null,
      "fcf": 514370000,
      "ocf": 559522000,
      "capex": -45152000,
      "gross_margin": 0.7932599469638698,
      "op_margin": 0.1986662973143063,
      "fcf_margin": 0.34584424805417646,
      "incr_op_margin_yoy": 0.2569534322525697,
      "rev_growth_yoy": 0.19196067211320073,
      "rev_growth_yoy_accel": 0.10156716164713094,
      "op_leverage_ratio": 0.716960448171127,
      "fcf_margin_change": -0.12378753657270086
    },
    {
      "date": "2023-10-31T00:00:00",
      "quarter_label": "2023-10 (Q4)",
      "revenue": 1599128000,
      "gross_profit": 1266785000,
      "operating_income": 430521000,
      "net_income": 349190000,
      "opex": 836264000,
      "cogs": 332343000,
      "rd": 488485000,
      "sga": null,
      "fcf": 272963000,
      "ocf": 326061000,
      "capex": -53098000,
      "gross_margin": 0.7921723589356199,
      "op_margin": 0.26922235118139387,
      "fcf_margin": 0.17069490372252877,
      "incr_op_margin_yoy": 0.677012793962571,
      "rev_growth_yoy": 0.24514362777312323,
      "rev_growth_yoy_accel": 0.05318295565992251,
      "op_leverage_ratio": Infinity,
      "fcf_margin_change": -0.1751493443316477
    },
    {
      "date": "2024-01-31T00:00:00",
      "quarter_label": "2024-01 (Q1)",
      "revenue": 1649230000,
      "gross_profit": 1320055000,
      "operating_income": 359620000,
      "net_income": 449112000,
      "opex": 960435000,
      "cogs": 329175000,
      "rd": 552056000,
      "sga": null,
      "fcf": -128181000,
      "ocf": -87790000,
      "capex": -40391000,
      "gross_margin": 0.8004068565330488,
      "op_margin": 0.21805327334574318,
      "fcf_margin": -0.07772172468364025,
      "incr_op_margin_yoy": 0.36016534092882696,
      "rev_growth_yoy": 0.2114754580046131,
      "rev_growth_yoy_accel": -0.03366816976851014,
      "op_leverage_ratio": 0.2110061229151914,
      "fcf_margin_change": -0.24841662840616902
    },
    {
      "date": "2024-04-30T00:00:00",
      "quarter_label": "2024-04 (Q2)",
      "revenue": 1454712000,
      "gross_profit": 1154315000,
      "operating_income": 332072000,
      "net_income": 292107000,
      "opex": 822243000,
      "cogs": 300397000,
      "rd": 493136000,
      "sga": null,
      "fcf": 438218000,
      "ocf": 476590000,
      "capex": -38372000,
      "gross_margin": 0.7935007066690863,
      "op_margin": 0.22827336269997087,
      "fcf_margin": 0.30124038297614925,
      "incr_op_margin_yoy": 0.7475479957894033,
      "rev_growth_yoy": 0.042906722739079035,
      "rev_growth_yoy_accel": -0.16856873526553406,
      "fcf_margin_change": 0.3789621076597895
    },
    {
      "date": "2024-07-31T00:00:00",
      "quarter_label": "2024-07 (Q3)",
      "revenue": 1525749000,
      "gross_profit": 1235073000,
      "operating_income": 360211000,
      "net_income": 408055000,
      "opex": 874862000,
      "cogs": 290676000,
      "rd": 508872000,
      "sga": null,
      "fcf": 415402000,
      "ocf": 455411000,
      "capex": -40009000,
      "gross_margin": 0.8094863571924347,
      "op_margin": 0.23608798039520262,
      "fcf_margin": 0.2722610337611232,
      "incr_op_margin_yoy": 1.6831855645979044,
      "rev_growth_yoy": 0.025859820021408093,
      "rev_growth_yoy_accel": -0.017046902717670943,
      "op_leverage_ratio": 0.7630714159055486,
      "fcf_margin_change": -0.02897934921502604
    },
    {
      "date": "2024-10-31T00:00:00",
      "quarter_label": "2024-10 (Q4)",
      "revenue": 1635986000,
      "gross_profit": 1260963000,
      "operating_income": 310802000,
      "net_income": 1114106000,
      "opex": 950161000,
      "cogs": 375023000,
      "rd": 554818000,
      "sga": null,
      "fcf": 542090000,
      "ocf": 562818000,
      "capex": -20728000,
      "gross_margin": 0.7707663757513817,
      "op_margin": 0.1899783983481521,
      "fcf_margin": 0.33135369129075676,
      "incr_op_margin_yoy": -3.2481143849367844,
      "rev_growth_yoy": 0.023048811602323267,
      "rev_growth_yoy_accel": -0.002811008419084826,
      "op_leverage_ratio": 0.8394496190254382,
      "fcf_margin_change": 0.05909265752963355
    },
    {
      "date": "2025-01-31T00:00:00",
      "quarter_label": "2025-01 (Q1)",
      "revenue": 1455315000,
      "gross_profit": 1185340000,
      "operating_income": 251839000,
      "net_income": 295683000,
      "opex": 933501000,
      "cogs": 269975000,
      "rd": 553216000,
      "sga": null,
      "fcf": -108170000,
      "ocf": -67455000,
      "capex": -40715000,
      "gross_margin": 0.8144903337078228,
      "op_margin": 0.17304775941978198,
      "fcf_margin": -0.07432755108000673,
      "incr_op_margin_yoy": 0.555815692442565,
      "rev_growth_yoy": -0.11757911267682494,
      "rev_growth_yoy_accel": -0.14062792427914822,
      "fcf_margin_change": -0.4056812423707635
    },
    {
      "date": "2025-04-30T00:00:00",
      "quarter_label": "2025-04 (Q2)",
      "revenue": 1604266000,
      "gross_profit": 1285919000,
      "operating_income": 376426000,
      "net_income": 345332000,
      "opex": 909493000,
      "cogs": 318347000,
      "rd": 553979000,
      "sga": null,
      "fcf": 219777000,
      "ocf": 275365000,
      "capex": -55588000,
      "gross_margin": 0.8015622097582321,
      "op_margin": 0.2346406393952125,
      "fcf_margin": 0.136995361118418,
      "incr_op_margin_yoy": 0.2965751501130027,
      "rev_growth_yoy": 0.10280660364388278,
      "rev_growth_yoy_accel": 0.22038571632070772,
      "op_leverage_ratio": Infinity,
      "fcf_margin_change": 0.21132291219842475
    },
    {
      "date": "2025-07-31T00:00:00",
      "quarter_label": "2025-07 (Q3)",
      "revenue": 1739737000,
      "gross_profit": 1359173000,
      "operating_income": 165269000,
      "net_income": 242509000,
      "opex": 1193904000,
      "cogs": 380564000,
      "rd": 625301000,
      "sga": null,
      "fcf": 632355000,
      "ocf": 670960000,
      "capex": -38605000,
      "gross_margin": 0.7812519938358499,
      "op_margin": 0.09499654258086136,
      "fcf_margin": 0.3634773531861425,
      "incr_op_margin_yoy": -0.9109950090659289,
      "rev_growth_yoy": 0.14025111600925186,
      "rev_growth_yoy_accel": 0.03744451236536908,
      "op_leverage_ratio": 0.27003678500004796,
      "fcf_margin_change": 0.22648199206772449
    },
    {
      "date": "2025-10-31T00:00:00",
      "quarter_label": "2025-10 (Q4)",
      "revenue": 2254860000,
      "gross_profit": 1600197000,
      "operating_income": 121393000,
      "net_income": 448696000,
      "opex": 1478804000,
      "cogs": 654663000,
      "rd": 746842000,
      "sga": null,
      "fcf": 605192000,
      "ocf": 639738000,
      "capex": -34546000,
      "gross_margin": 0.7096657885633698,
      "op_margin": 0.053836158342424806,
      "fcf_margin": 0.2683944901235553,
      "incr_op_margin_yoy": -0.3060542210530738,
      "rev_growth_yoy": 0.3782880782598384,
      "rev_growth_yoy_accel": 0.23803696225058654,
      "op_leverage_ratio": 1.2408071843342348,
      "fcf_margin_change": -0.09508286306258718
    }
  ],
  "signals": [
    {
      "quarter": "2025-10 (Q4)",
      "signal": "YoY REVENUE GROWTH ACCELERATION",
      "detail": "YoY growth: +37.8% vs prior quarter YoY: +14.0% (accel: +23.8%)",
      "severity": "HIGH"
    },
    {
      "quarter": "2025-07 (Q3)",
      "signal": "FCF MARGIN EXPANSION",
      "detail": "FCF margin: +13.7% -> +36.3% (+22.6%)",
      "severity": "MEDIUM"
    },
    {
      "quarter": "2025-04 (Q2)",
      "signal": "FCF TURNED POSITIVE",
      "detail": "FCF margin: -7.4% -> +13.7%",
      "severity": "HIGH"
    },
    {
      "quarter": "2025-04 (Q2)",
      "signal": "YoY REVENUE GROWTH ACCELERATION",
      "detail": "YoY growth: +10.3% vs prior quarter YoY: -11.8% (accel: +22.0%)",
      "severity": "HIGH"
    },
    {
      "quarter": "2025-01 (Q1)",
      "signal": "GROSS MARGIN INFLECTION",
      "detail": "GM: +80.9% -> +77.1% -> +81.4% (reversal +4.4%)",
      "severity": "MEDIUM"
    },
    {
      "quarter": "2025-01 (Q1)",
      "signal": "YoY REVENUE GROWTH DECELERATION",
      "detail": "YoY growth: -11.8% vs prior quarter YoY: +2.3% (decel: -14.1%)",
      "severity": "WARNING"
    },
    {
      "quarter": "2025-01 (Q1)",
      "signal": "INCREMENTAL MARGIN (YoY)",
      "detail": "YoY Incr OPM: +55.6% vs year-ago OPM: +21.8%",
      "severity": "HIGH"
    },
    {
      "quarter": "2024-10 (Q4)",
      "signal": "FCF MARGIN EXPANSION",
      "detail": "FCF margin: +27.2% -> +33.1% (+5.9%)",
      "severity": "MEDIUM"
    },
    {
      "quarter": "2024-07 (Q3)",
      "signal": "INCREMENTAL MARGIN (YoY)",
      "detail": "YoY Incr OPM: +168.3% vs year-ago OPM: +19.9%",
      "severity": "HIGH"
    },
    {
      "quarter": "2024-04 (Q2)",
      "signal": "FCF TURNED POSITIVE",
      "detail": "FCF margin: -7.8% -> +30.1%",
      "severity": "HIGH"
    },
    {
      "quarter": "2024-04 (Q2)",
      "signal": "YoY REVENUE GROWTH DECELERATION",
      "detail": "YoY growth: +4.3% vs prior quarter YoY: +21.1% (decel: -16.9%)",
      "severity": "WARNING"
    },
    {
      "quarter": "2024-04 (Q2)",
      "signal": "INCREMENTAL MARGIN (YoY)",
      "detail": "YoY Incr OPM: +74.8% vs year-ago OPM: +20.6%",
      "severity": "HIGH"
    },
    {
      "quarter": "2024-01 (Q1)",
      "signal": "INCREMENTAL MARGIN (YoY)",
      "detail": "YoY Incr OPM: +36.0% vs year-ago OPM: +18.8%",
      "severity": "MEDIUM"
    },
    {
      "quarter": "2023-10 (Q4)",
      "signal": "YoY REVENUE GROWTH ACCELERATION",
      "detail": "YoY growth: +24.5% vs prior quarter YoY: +19.2% (accel: +5.3%)",
      "severity": "MEDIUM"
    },
    {
      "quarter": "2023-10 (Q4)",
      "signal": "INCREMENTAL MARGIN (YoY)",
      "detail": "YoY Incr OPM: +67.7% vs year-ago OPM: +16.9%",
      "severity": "HIGH"
    },
    {
      "quarter": "2023-07 (Q3)",
      "signal": "YoY REVENUE GROWTH ACCELERATION",
      "detail": "YoY growth: +19.2% vs prior quarter YoY: +9.0% (accel: +10.2%)",
      "severity": "MEDIUM"
    },
    {
      "quarter": "2023-04 (Q2)",
      "signal": "FCF MARGIN EXPANSION",
      "detail": "FCF margin: +5.2% -> +47.0% (+41.7%)",
      "severity": "MEDIUM"
    },
    {
      "quarter": "2022-10 (Q4)",
      "signal": "YoY REVENUE GROWTH DECELERATION",
      "detail": "YoY growth: +11.4% vs prior quarter YoY: +18.0% (decel: -6.6%)",
      "severity": "WARNING"
    },
    {
      "quarter": "2022-07 (Q3)",
      "signal": "YoY REVENUE GROWTH DECELERATION",
      "detail": "YoY growth: +18.0% vs prior quarter YoY: +24.9% (decel: -6.9%)",
      "severity": "WARNING"
    },
    {
      "quarter": "2022-04 (Q2)",
      "signal": "FCF MARGIN EXPANSION",
      "detail": "FCF margin: +9.0% -> +56.6% (+47.6%)",
      "severity": "MEDIUM"
    },
    {
      "quarter": "2022-04 (Q2)",
      "signal": "YoY REVENUE GROWTH DECELERATION",
      "detail": "YoY growth: +24.9% vs prior quarter YoY: +30.9% (decel: -6.0%)",
      "severity": "WARNING"
    },
    {
      "quarter": "2022-04 (Q2)",
      "signal": "INCREMENTAL MARGIN (YoY)",
      "detail": "YoY Incr OPM: +66.5% vs year-ago OPM: +19.0%",
      "severity": "HIGH"
    },
    {
      "quarter": "2022-01 (Q1)",
      "signal": "INCREMENTAL MARGIN (YoY)",
      "detail": "YoY Incr OPM: +66.2% vs year-ago OPM: +15.3%",
      "severity": "HIGH"
    },
    {
      "quarter": "2021-04 (Q2)",
      "signal": "FCF MARGIN EXPANSION",
      "detail": "FCF margin: +15.1% -> +49.8% (+34.7%)",
      "severity": "MEDIUM"
    },
    {
      "quarter": "2021-04 (Q2)",
      "signal": "OPERATING LEVERAGE",
      "detail": "Rev growth +5.6% vs OpEx growth +0.3% (leverage: 16.0x)",
      "severity": "MEDIUM"
    }
  ],
  "data_quality": {
    "n_quarters": 20,
    "coverage": {
      "revenue": [
        20,
        20
      ],
      "gross_profit": [
        20,
        20
      ],
      "op_income": [
        20,
        20
      ],
      "fcf": [
        20,
        20
      ]
    },
    "gaps": [],
    "warnings": []
  },
  "market_cap": null,
  "source": "SEC EDGAR",
  "last_updated": "2026-02-02T19:50:42.907095"
}