{
  "ticker": "SNWV",
  "name": "SANUWAVE Health, Inc.",
  "quarters": [
    {
      "date": "2020-12-31T00:00:00",
      "quarter_label": "2020-12 (Q4)",
      "revenue": 1858212,
      "gross_profit": 1360292,
      "operating_income": -13362546,
      "net_income": -18291135,
      "opex": 14722838,
      "cogs": 498391,
      "rd": 261691,
      "sga": null,
      "fcf": -2952000,
      "ocf": -2938000,
      "capex": -14000,
      "gross_margin": 0.7320434912701027,
      "op_margin": -7.191077229078275,
      "fcf_margin": -1.5886239029777012
    },
    {
      "date": "2021-03-31T00:00:00",
      "quarter_label": "2021-03 (Q1)",
      "revenue": 2116000,
      "gross_profit": 1061000,
      "operating_income": -4394000,
      "net_income": -4937000,
      "opex": 5455000,
      "cogs": 1055000,
      "rd": 354000,
      "sga": null,
      "fcf": -3445000,
      "ocf": -3344000,
      "capex": -101000,
      "gross_margin": 0.5014177693761814,
      "op_margin": -2.0765595463137996,
      "fcf_margin": -1.6280718336483933,
      "op_leverage_ratio": Infinity,
      "fcf_margin_change": -0.03944793067069208
    },
    {
      "date": "2021-06-30T00:00:00",
      "quarter_label": "2021-06 (Q2)",
      "revenue": 2909000,
      "gross_profit": 1861000,
      "operating_income": -4046000,
      "net_income": -8615000,
      "opex": 5907000,
      "cogs": 1048000,
      "rd": 272000,
      "sga": null,
      "fcf": -2081000,
      "ocf": -1905000,
      "capex": -176000,
      "gross_margin": 0.6397387418356824,
      "op_margin": -1.3908559642488827,
      "fcf_margin": -0.7153661051907872,
      "op_leverage_ratio": 4.522867281730432,
      "fcf_margin_change": 0.912705728457606
    },
    {
      "date": "2021-09-30T00:00:00",
      "quarter_label": "2021-09 (Q3)",
      "revenue": 3725000,
      "gross_profit": 2170000,
      "operating_income": -3335000,
      "net_income": -4252000,
      "opex": 5505000,
      "cogs": 1555000,
      "rd": 297000,
      "sga": null,
      "fcf": -1421000,
      "ocf": -1257000,
      "capex": -164000,
      "gross_margin": 0.5825503355704698,
      "op_margin": -0.8953020134228188,
      "fcf_margin": -0.3814765100671141,
      "op_leverage_ratio": Infinity,
      "fcf_margin_change": 0.33388959512367317
    },
    {
      "date": "2021-12-31T00:00:00",
      "quarter_label": "2021-12 (Q4)",
      "revenue": 4260000,
      "gross_profit": 2932000,
      "operating_income": -2367000,
      "net_income": -9455000,
      "opex": 5299000,
      "cogs": 1328000,
      "rd": 178000,
      "sga": null,
      "fcf": 9000,
      "ocf": 97000,
      "capex": -88000,
      "gross_margin": 0.6882629107981221,
      "op_margin": -0.5556338028169014,
      "fcf_margin": 0.002112676056338028,
      "incr_op_margin_yoy": 4.578066840204048,
      "rev_growth_yoy": 1.2925263640531865,
      "op_leverage_ratio": Infinity,
      "fcf_margin_change": 0.3835891861234521
    },
    {
      "date": "2022-03-31T00:00:00",
      "quarter_label": "2022-03 (Q1)",
      "revenue": 3195000,
      "gross_profit": 2306000,
      "operating_income": -1338000,
      "net_income": -4423000,
      "opex": 3644000,
      "cogs": 889000,
      "rd": 166000,
      "sga": null,
      "fcf": -3132000,
      "ocf": -3132000,
      "capex": null,
      "gross_margin": 0.7217527386541471,
      "op_margin": -0.4187793427230047,
      "fcf_margin": -0.9802816901408451,
      "incr_op_margin_yoy": 2.8322520852641335,
      "rev_growth_yoy": 0.5099243856332704,
      "rev_growth_yoy_accel": -0.7826019784199162,
      "fcf_margin_change": -0.9823943661971831
    },
    {
      "date": "2022-06-30T00:00:00",
      "quarter_label": "2022-06 (Q2)",
      "revenue": 3882000,
      "gross_profit": 2786000,
      "operating_income": -2068000,
      "net_income": 2702000,
      "opex": 4854000,
      "cogs": 1096000,
      "rd": 171000,
      "sga": null,
      "fcf": -2069000,
      "ocf": -2069000,
      "capex": null,
      "gross_margin": 0.717671303451829,
      "op_margin": -0.532715095311695,
      "fcf_margin": -0.5329726944873776,
      "rev_growth_yoy": 0.33447920247507734,
      "rev_growth_yoy_accel": -0.17544518315819302,
      "op_leverage_ratio": 0.6475582974430606,
      "fcf_margin_change": 0.4473089956534675
    },
    {
      "date": "2022-09-30T00:00:00",
      "quarter_label": "2022-09 (Q3)",
      "revenue": 4166000,
      "gross_profit": 3560000,
      "operating_income": -1840000,
      "net_income": -413000,
      "opex": 5400000,
      "cogs": 606000,
      "rd": 157000,
      "sga": null,
      "fcf": -7975000,
      "ocf": -7975000,
      "capex": null,
      "gross_margin": 0.8545367258761402,
      "op_margin": -0.44167066730676907,
      "fcf_margin": -1.914306289006241,
      "rev_growth_yoy": 0.11838926174496645,
      "rev_growth_yoy_accel": -0.2160899407301109,
      "op_leverage_ratio": 0.6503841341553861,
      "fcf_margin_change": -1.3813335945188634
    },
    {
      "date": "2022-12-31T00:00:00",
      "quarter_label": "2022-12 (Q4)",
      "revenue": 5500000,
      "gross_profit": 3759000,
      "operating_income": -3706000,
      "net_income": -8158000,
      "opex": 7465000,
      "cogs": 1741000,
      "rd": 73000,
      "sga": null,
      "fcf": -3993000,
      "ocf": -3993000,
      "capex": null,
      "gross_margin": 0.6834545454545454,
      "op_margin": -0.6738181818181819,
      "fcf_margin": -0.726,
      "incr_op_margin_yoy": -1.0798387096774194,
      "rev_growth_yoy": 0.29107981220657275,
      "rev_growth_yoy_accel": 0.1726905504616063,
      "op_leverage_ratio": 0.8373562530295403,
      "fcf_margin_change": 1.188306289006241
    },
    {
      "date": "2023-03-31T00:00:00",
      "quarter_label": "2023-03 (Q1)",
      "revenue": 3775000,
      "gross_profit": 2513000,
      "operating_income": -1978000,
      "net_income": -13080000,
      "opex": 4491000,
      "cogs": 1262000,
      "rd": 131000,
      "sga": null,
      "fcf": -389000,
      "ocf": -371000,
      "capex": -18000,
      "gross_margin": 0.6656953642384106,
      "op_margin": -0.5239735099337748,
      "fcf_margin": -0.10304635761589404,
      "rev_growth_yoy": 0.18153364632237873,
      "rev_growth_yoy_accel": -0.10954616588419402,
      "fcf_margin_change": 0.622953642384106
    },
    {
      "date": "2023-06-30T00:00:00",
      "quarter_label": "2023-06 (Q2)",
      "revenue": 4675000,
      "gross_profit": 3473000,
      "operating_income": 931000,
      "net_income": -7262000,
      "opex": 2542000,
      "cogs": 1202000,
      "rd": 139000,
      "sga": null,
      "fcf": -995000,
      "ocf": -844000,
      "capex": -151000,
      "gross_margin": 0.7428877005347594,
      "op_margin": 0.19914438502673798,
      "fcf_margin": -0.21283422459893048,
      "rev_growth_yoy": 0.20427614631633179,
      "rev_growth_yoy_accel": 0.022742499993953058,
      "op_leverage_ratio": Infinity,
      "fcf_margin_change": -0.10978786698303644
    },
    {
      "date": "2023-09-30T00:00:00",
      "quarter_label": "2023-09 (Q3)",
      "revenue": 4953000,
      "gross_profit": 3541000,
      "operating_income": -531000,
      "net_income": -23700000,
      "opex": 4072000,
      "cogs": 1412000,
      "rd": 165000,
      "sga": null,
      "fcf": -2038000,
      "ocf": -2038000,
      "capex": null,
      "gross_margin": 0.7149202503533212,
      "op_margin": -0.10720775287704422,
      "fcf_margin": -0.41146779729456895,
      "rev_growth_yoy": 0.18891022563610177,
      "rev_growth_yoy_accel": -0.015365920680230016,
      "op_leverage_ratio": 0.09879780504001956,
      "fcf_margin_change": -0.19863357269563847
    },
    {
      "date": "2023-12-31T00:00:00",
      "quarter_label": "2023-12 (Q4)",
      "revenue": 6994000,
      "gross_profit": 4835000,
      "operating_income": 1039000,
      "net_income": 18235000,
      "opex": 3796000,
      "cogs": 2159000,
      "rd": 143000,
      "sga": null,
      "fcf": -1116000,
      "ocf": -1285000,
      "capex": 169000,
      "gross_margin": 0.691306834429511,
      "op_margin": 0.14855590506148128,
      "fcf_margin": -0.15956534172147555,
      "incr_op_margin_yoy": 3.176037483266399,
      "rev_growth_yoy": 0.2716363636363636,
      "rev_growth_yoy_accel": 0.08272613800026185,
      "op_leverage_ratio": Infinity,
      "fcf_margin_change": 0.25190245557309343
    },
    {
      "date": "2024-03-31T00:00:00",
      "quarter_label": "2024-03 (Q1)",
      "revenue": 5786000,
      "gross_profit": 4202000,
      "operating_income": -1050000,
      "net_income": -4528000,
      "opex": 5252000,
      "cogs": 1584000,
      "rd": 163000,
      "sga": null,
      "fcf": 986000,
      "ocf": 1100000,
      "capex": -114000,
      "gross_margin": 0.7262357414448669,
      "op_margin": -0.1814725198755617,
      "fcf_margin": 0.17041133771171793,
      "incr_op_margin_yoy": 0.4614619592242665,
      "rev_growth_yoy": 0.5327152317880794,
      "rev_growth_yoy_accel": 0.2610788681517158,
      "fcf_margin_change": 0.3299766794331935
    },
    {
      "date": "2024-06-30T00:00:00",
      "quarter_label": "2024-06 (Q2)",
      "revenue": 7162000,
      "gross_profit": 5240000,
      "operating_income": 1992000,
      "net_income": 6561000,
      "opex": 3248000,
      "cogs": 1922000,
      "rd": 195000,
      "sga": null,
      "fcf": -760000,
      "ocf": -668000,
      "capex": -92000,
      "gross_margin": 0.7316392069254398,
      "op_margin": 0.27813459927394585,
      "fcf_margin": -0.10611561016475844,
      "incr_op_margin_yoy": 0.4266184157619622,
      "rev_growth_yoy": 0.5319786096256685,
      "rev_growth_yoy_accel": -0.0007366221624109937,
      "op_leverage_ratio": Infinity,
      "fcf_margin_change": -0.27652694787647636
    },
    {
      "date": "2024-09-30T00:00:00",
      "quarter_label": "2024-09 (Q3)",
      "revenue": 9360000,
      "gross_profit": 7067000,
      "operating_income": 1953000,
      "net_income": -20657000,
      "opex": 5114000,
      "cogs": 2293000,
      "rd": 161000,
      "sga": null,
      "fcf": 1234000,
      "ocf": 1282000,
      "capex": -48000,
      "gross_margin": 0.7550213675213675,
      "op_margin": 0.20865384615384616,
      "fcf_margin": 0.13183760683760684,
      "incr_op_margin_yoy": 0.5636487406398911,
      "rev_growth_yoy": 0.889763779527559,
      "rev_growth_yoy_accel": 0.3577851699018906,
      "op_leverage_ratio": 0.5341924585305379,
      "fcf_margin_change": 0.23795321700236527
    },
    {
      "date": "2024-12-31T00:00:00",
      "quarter_label": "2024-12 (Q4)",
      "revenue": 10326000,
      "gross_profit": 8041000,
      "operating_income": 2522000,
      "net_income": -12748000,
      "opex": 5519000,
      "cogs": 2285000,
      "rd": 154000,
      "sga": null,
      "fcf": 505000,
      "ocf": 741000,
      "capex": -236000,
      "gross_margin": 0.7787139260120085,
      "op_margin": 0.2442378462134418,
      "fcf_margin": 0.048905674995157855,
      "incr_op_margin_yoy": 0.445078031212485,
      "rev_growth_yoy": 0.476408350014298,
      "rev_growth_yoy_accel": -0.41335542951326104,
      "op_leverage_ratio": 1.303187717632162,
      "fcf_margin_change": -0.08293193184244899
    },
    {
      "date": "2025-03-31T00:00:00",
      "quarter_label": "2025-03 (Q1)",
      "revenue": 9342000,
      "gross_profit": 7384000,
      "operating_income": 986000,
      "net_income": -5676000,
      "opex": 6398000,
      "cogs": 1958000,
      "rd": 208000,
      "sga": null,
      "fcf": -1679000,
      "ocf": -1517000,
      "capex": -162000,
      "gross_margin": 0.7904089060158425,
      "op_margin": 0.10554485120959109,
      "fcf_margin": -0.1797259687433098,
      "incr_op_margin_yoy": 0.5725534308211474,
      "rev_growth_yoy": 0.614586933978569,
      "rev_growth_yoy_accel": 0.13817858396427102,
      "fcf_margin_change": -0.22863164373846764
    },
    {
      "date": "2025-06-30T00:00:00",
      "quarter_label": "2025-06 (Q2)",
      "revenue": 10164000,
      "gross_profit": 7958000,
      "operating_income": 1877000,
      "net_income": 1055000,
      "opex": 6081000,
      "cogs": 2206000,
      "rd": 194000,
      "sga": null,
      "fcf": -166000,
      "ocf": 993000,
      "capex": -1159000,
      "gross_margin": 0.7829594647776466,
      "op_margin": 0.18467138921684376,
      "fcf_margin": -0.01633215269578906,
      "incr_op_margin_yoy": -0.03830779480346436,
      "rev_growth_yoy": 0.4191566601507959,
      "rev_growth_yoy_accel": -0.19543027382777312,
      "op_leverage_ratio": Infinity,
      "fcf_margin_change": 0.16339381604752073
    },
    {
      "date": "2025-09-30T00:00:00",
      "quarter_label": "2025-09 (Q3)",
      "revenue": 11451000,
      "gross_profit": 8925000,
      "operating_income": 1467000,
      "net_income": 10325000,
      "opex": 7458000,
      "cogs": 2526000,
      "rd": 345000,
      "sga": null,
      "fcf": 556000,
      "ocf": 1081000,
      "capex": -525000,
      "gross_margin": 0.7794079119727535,
      "op_margin": 0.12811108200157192,
      "fcf_margin": 0.04855471137891887,
      "incr_op_margin_yoy": -0.23242467718794835,
      "rev_growth_yoy": 0.2233974358974359,
      "rev_growth_yoy_accel": -0.19575922425335998,
      "op_leverage_ratio": 0.5591842797725151,
      "fcf_margin_change": 0.06488686407470792
    }
  ],
  "signals": [
    {
      "quarter": "2025-09 (Q3)",
      "signal": "FCF TURNED POSITIVE",
      "detail": "FCF margin: -1.6% -> +4.9%",
      "severity": "HIGH"
    },
    {
      "quarter": "2025-09 (Q3)",
      "signal": "YoY REVENUE GROWTH DECELERATION",
      "detail": "YoY growth: +22.3% vs prior quarter YoY: +41.9% (decel: -19.6%)",
      "severity": "WARNING"
    },
    {
      "quarter": "2025-06 (Q2)",
      "signal": "FCF MARGIN EXPANSION",
      "detail": "FCF margin: -18.0% -> -1.6% (+16.3%)",
      "severity": "MEDIUM"
    },
    {
      "quarter": "2025-06 (Q2)",
      "signal": "YoY REVENUE GROWTH DECELERATION",
      "detail": "YoY growth: +41.9% vs prior quarter YoY: +61.5% (decel: -19.5%)",
      "severity": "WARNING"
    },
    {
      "quarter": "2025-03 (Q1)",
      "signal": "YoY REVENUE GROWTH ACCELERATION",
      "detail": "YoY growth: +61.5% vs prior quarter YoY: +47.6% (accel: +13.8%)",
      "severity": "MEDIUM"
    },
    {
      "quarter": "2025-03 (Q1)",
      "signal": "OP MARGIN TURNED POSITIVE (YoY)",
      "detail": "Op margin: -18.1% (year-ago) -> +10.6%",
      "severity": "HIGH"
    },
    {
      "quarter": "2024-12 (Q4)",
      "signal": "YoY REVENUE GROWTH DECELERATION",
      "detail": "YoY growth: +47.6% vs prior quarter YoY: +89.0% (decel: -41.3%)",
      "severity": "WARNING"
    },
    {
      "quarter": "2024-12 (Q4)",
      "signal": "INCREMENTAL MARGIN (YoY)",
      "detail": "YoY Incr OPM: +44.5% vs year-ago OPM: +14.9%",
      "severity": "HIGH"
    },
    {
      "quarter": "2024-09 (Q3)",
      "signal": "FCF TURNED POSITIVE",
      "detail": "FCF margin: -10.6% -> +13.2%",
      "severity": "HIGH"
    },
    {
      "quarter": "2024-09 (Q3)",
      "signal": "YoY REVENUE GROWTH ACCELERATION",
      "detail": "YoY growth: +89.0% vs prior quarter YoY: +53.2% (accel: +35.8%)",
      "severity": "HIGH"
    },
    {
      "quarter": "2024-09 (Q3)",
      "signal": "OP MARGIN TURNED POSITIVE (YoY)",
      "detail": "Op margin: -10.7% (year-ago) -> +20.9%",
      "severity": "HIGH"
    },
    {
      "quarter": "2024-06 (Q2)",
      "signal": "INCREMENTAL MARGIN (YoY)",
      "detail": "YoY Incr OPM: +42.7% vs year-ago OPM: +19.9%",
      "severity": "HIGH"
    },
    {
      "quarter": "2024-06 (Q2)",
      "signal": "OP MARGIN TURNED POSITIVE (QoQ)",
      "detail": "Op margin: -18.1% -> +27.8%",
      "severity": "HIGH"
    },
    {
      "quarter": "2024-03 (Q1)",
      "signal": "FCF TURNED POSITIVE",
      "detail": "FCF margin: -16.0% -> +17.0%",
      "severity": "HIGH"
    },
    {
      "quarter": "2024-03 (Q1)",
      "signal": "GROSS MARGIN INFLECTION",
      "detail": "GM: +71.5% -> +69.1% -> +72.6% (reversal +3.5%)",
      "severity": "MEDIUM"
    },
    {
      "quarter": "2024-03 (Q1)",
      "signal": "YoY REVENUE GROWTH ACCELERATION",
      "detail": "YoY growth: +53.3% vs prior quarter YoY: +27.2% (accel: +26.1%)",
      "severity": "HIGH"
    },
    {
      "quarter": "2023-12 (Q4)",
      "signal": "FCF MARGIN EXPANSION",
      "detail": "FCF margin: -41.1% -> -16.0% (+25.2%)",
      "severity": "MEDIUM"
    },
    {
      "quarter": "2023-12 (Q4)",
      "signal": "YoY REVENUE GROWTH ACCELERATION",
      "detail": "YoY growth: +27.2% vs prior quarter YoY: +18.9% (accel: +8.3%)",
      "severity": "MEDIUM"
    },
    {
      "quarter": "2023-12 (Q4)",
      "signal": "OP MARGIN TURNED POSITIVE (YoY)",
      "detail": "Op margin: -67.4% (year-ago) -> +14.9%",
      "severity": "HIGH"
    },
    {
      "quarter": "2023-12 (Q4)",
      "signal": "OP MARGIN TURNED POSITIVE (QoQ)",
      "detail": "Op margin: -10.7% -> +14.9%",
      "severity": "HIGH"
    },
    {
      "quarter": "2023-06 (Q2)",
      "signal": "GROSS MARGIN INFLECTION",
      "detail": "GM: +68.3% -> +66.6% -> +74.3% (reversal +7.7%)",
      "severity": "HIGH"
    },
    {
      "quarter": "2023-06 (Q2)",
      "signal": "OP MARGIN TURNED POSITIVE (YoY)",
      "detail": "Op margin: -53.3% (year-ago) -> +19.9%",
      "severity": "HIGH"
    },
    {
      "quarter": "2023-06 (Q2)",
      "signal": "OP MARGIN TURNED POSITIVE (QoQ)",
      "detail": "Op margin: -52.4% -> +19.9%",
      "severity": "HIGH"
    },
    {
      "quarter": "2023-03 (Q1)",
      "signal": "FCF MARGIN EXPANSION",
      "detail": "FCF margin: -72.6% -> -10.3% (+62.3%)",
      "severity": "MEDIUM"
    },
    {
      "quarter": "2023-03 (Q1)",
      "signal": "YoY REVENUE GROWTH DECELERATION",
      "detail": "YoY growth: +18.2% vs prior quarter YoY: +29.1% (decel: -11.0%)",
      "severity": "WARNING"
    },
    {
      "quarter": "2022-12 (Q4)",
      "signal": "FCF MARGIN EXPANSION",
      "detail": "FCF margin: -191.4% -> -72.6% (+118.8%)",
      "severity": "MEDIUM"
    },
    {
      "quarter": "2022-12 (Q4)",
      "signal": "YoY REVENUE GROWTH ACCELERATION",
      "detail": "YoY growth: +29.1% vs prior quarter YoY: +11.8% (accel: +17.3%)",
      "severity": "HIGH"
    },
    {
      "quarter": "2022-09 (Q3)",
      "signal": "GROSS MARGIN INFLECTION",
      "detail": "GM: +72.2% -> +71.8% -> +85.5% (reversal +13.7%)",
      "severity": "HIGH"
    },
    {
      "quarter": "2022-09 (Q3)",
      "signal": "YoY REVENUE GROWTH DECELERATION",
      "detail": "YoY growth: +11.8% vs prior quarter YoY: +33.4% (decel: -21.6%)",
      "severity": "WARNING"
    },
    {
      "quarter": "2022-06 (Q2)",
      "signal": "FCF MARGIN EXPANSION",
      "detail": "FCF margin: -98.0% -> -53.3% (+44.7%)",
      "severity": "MEDIUM"
    },
    {
      "quarter": "2022-06 (Q2)",
      "signal": "YoY REVENUE GROWTH DECELERATION",
      "detail": "YoY growth: +33.4% vs prior quarter YoY: +51.0% (decel: -17.5%)",
      "severity": "WARNING"
    },
    {
      "quarter": "2022-03 (Q1)",
      "signal": "YoY REVENUE GROWTH DECELERATION",
      "detail": "YoY growth: +51.0% vs prior quarter YoY: +129.3% (decel: -78.3%)",
      "severity": "WARNING"
    },
    {
      "quarter": "2021-12 (Q4)",
      "signal": "FCF TURNED POSITIVE",
      "detail": "FCF margin: -38.1% -> +0.2%",
      "severity": "HIGH"
    },
    {
      "quarter": "2021-12 (Q4)",
      "signal": "GROSS MARGIN INFLECTION",
      "detail": "GM: +64.0% -> +58.3% -> +68.8% (reversal +10.6%)",
      "severity": "HIGH"
    },
    {
      "quarter": "2021-09 (Q3)",
      "signal": "FCF MARGIN EXPANSION",
      "detail": "FCF margin: -71.5% -> -38.1% (+33.4%)",
      "severity": "MEDIUM"
    },
    {
      "quarter": "2021-06 (Q2)",
      "signal": "FCF MARGIN EXPANSION",
      "detail": "FCF margin: -162.8% -> -71.5% (+91.3%)",
      "severity": "MEDIUM"
    },
    {
      "quarter": "2021-06 (Q2)",
      "signal": "OPERATING LEVERAGE",
      "detail": "Rev growth +37.5% vs OpEx growth +8.3% (leverage: 4.5x)",
      "severity": "MEDIUM"
    },
    {
      "quarter": "2021-06 (Q2)",
      "signal": "GROSS MARGIN INFLECTION",
      "detail": "GM: +73.2% -> +50.1% -> +64.0% (reversal +13.8%)",
      "severity": "HIGH"
    }
  ],
  "data_quality": {
    "n_quarters": 20,
    "coverage": {
      "revenue": [
        20,
        20
      ],
      "gross_profit": [
        20,
        20
      ],
      "op_income": [
        20,
        20
      ],
      "fcf": [
        20,
        20
      ]
    },
    "gaps": [],
    "warnings": []
  },
  "market_cap": null,
  "source": "SEC EDGAR",
  "last_updated": "2026-02-02T22:56:27.384058"
}