{
  "ticker": "SNX",
  "name": "TD SYNNEX CORPORATION",
  "quarters": [
    {
      "date": "2021-02-28T00:00:00",
      "quarter_label": "2021-02 (Q1)",
      "revenue": 4939014000,
      "gross_profit": 304567000,
      "operating_income": 141748000,
      "net_income": 87822000,
      "opex": 162819000,
      "cogs": 4634447000,
      "rd": null,
      "sga": 162820000,
      "fcf": 20724000,
      "ocf": 24977000,
      "capex": -4253000,
      "gross_margin": 0.06166554700999025,
      "op_margin": 0.028699655437299833,
      "fcf_margin": 0.004195979197467349
    },
    {
      "date": "2021-05-31T00:00:00",
      "quarter_label": "2021-05 (Q2)",
      "revenue": 5856825000,
      "gross_profit": 329175000,
      "operating_income": 147901000,
      "net_income": 93102000,
      "opex": 181274000,
      "cogs": 5527650000,
      "rd": null,
      "sga": 181274000,
      "fcf": 274480000,
      "ocf": 279341000,
      "capex": -4861000,
      "gross_margin": 0.05620365983275922,
      "op_margin": 0.025252760668109428,
      "fcf_margin": 0.04686498230696666,
      "op_leverage_ratio": 1.6394721165116537,
      "fcf_margin_change": 0.04266900310949931
    },
    {
      "date": "2021-08-31T00:00:00",
      "quarter_label": "2021-08 (Q3)",
      "revenue": 5207064000,
      "gross_profit": 312622000,
      "operating_income": 148204000,
      "net_income": 94705000,
      "opex": 164418000,
      "cogs": 4894442000,
      "rd": null,
      "sga": 164418000,
      "fcf": -60524000,
      "ocf": -55527000,
      "capex": -4997000,
      "gross_margin": 0.060038055994702584,
      "op_margin": 0.028462104556425654,
      "fcf_margin": -0.011623440771997425,
      "fcf_margin_change": -0.05848842307896408
    },
    {
      "date": "2021-11-30T00:00:00",
      "quarter_label": "2021-11 (Q4)",
      "revenue": 15611265000,
      "gross_profit": 943169000,
      "operating_income": 185365000,
      "net_income": 119441000,
      "opex": 757804000,
      "cogs": 14668096000,
      "rd": null,
      "sga": 645655000,
      "fcf": 535420000,
      "ocf": 560996000,
      "capex": -25576000,
      "gross_margin": 0.06041592401384513,
      "op_margin": 0.011873797542992191,
      "fcf_margin": 0.03429702845989739,
      "op_leverage_ratio": 0.5536405401038653,
      "fcf_margin_change": 0.045920469231894814
    },
    {
      "date": "2022-02-28T00:00:00",
      "quarter_label": "2022-02 (Q1)",
      "revenue": 15469977000,
      "gross_profit": 968661000,
      "operating_income": 222440000,
      "net_income": 132324000,
      "opex": 746221000,
      "cogs": 14501316000,
      "rd": null,
      "sga": 652851000,
      "fcf": -1345665000,
      "ocf": -1320448000,
      "capex": -25217000,
      "gross_margin": 0.06261554235019225,
      "op_margin": 0.01437881905060363,
      "fcf_margin": -0.0869855850464419,
      "incr_op_margin_yoy": 0.007662357184238517,
      "rev_growth_yoy": 2.1321994632936856,
      "fcf_margin_change": -0.12128261350633929
    },
    {
      "date": "2022-05-31T00:00:00",
      "quarter_label": "2022-05 (Q2)",
      "revenue": 15269791000,
      "gross_profit": 955789000,
      "operating_income": 252737000,
      "net_income": 148917000,
      "opex": 703052000,
      "cogs": 14314002000,
      "rd": null,
      "sga": 670574000,
      "fcf": 1014682000,
      "ocf": 1035966000,
      "capex": -21284000,
      "gross_margin": 0.06259345658365592,
      "op_margin": 0.01655143806486939,
      "fcf_margin": 0.06645028736804584,
      "incr_op_margin_yoy": 0.011137403449667193,
      "rev_growth_yoy": 1.6071789749565677,
      "rev_growth_yoy_accel": -0.5250204883371179,
      "fcf_margin_change": 0.15343587241448775
    },
    {
      "date": "2022-08-31T00:00:00",
      "quarter_label": "2022-08 (Q3)",
      "revenue": 15356085000,
      "gross_profit": 916030000,
      "operating_income": 241534000,
      "net_income": 148835000,
      "opex": 674496000,
      "cogs": 14440055000,
      "rd": null,
      "sga": 628078000,
      "fcf": -99332000,
      "ocf": -67311000,
      "capex": -32021000,
      "gross_margin": 0.05965257420755355,
      "op_margin": 0.015728878812535877,
      "fcf_margin": -0.006468575812129198,
      "incr_op_margin_yoy": 0.009195960871496867,
      "rev_growth_yoy": 1.9490870479026186,
      "rev_growth_yoy_accel": 0.34190807294605086,
      "fcf_margin_change": -0.07291886318017504
    },
    {
      "date": "2022-11-30T00:00:00",
      "quarter_label": "2022-11 (Q4)",
      "revenue": 16247957000,
      "gross_profit": 1059719000,
      "operating_income": 334162000,
      "net_income": 221231000,
      "opex": 725557000,
      "cogs": 15188238000,
      "rd": null,
      "sga": 675504000,
      "fcf": 315420000,
      "ocf": 302189000,
      "capex": 13231000,
      "gross_margin": 0.06522167679296542,
      "op_margin": 0.020566401055837357,
      "fcf_margin": 0.019412902188256653,
      "incr_op_margin_yoy": 0.2337032662574683,
      "rev_growth_yoy": 0.04078413888944938,
      "rev_growth_yoy_accel": -1.9083029090131691,
      "op_leverage_ratio": 0.767206166337228,
      "fcf_margin_change": 0.02588147800038585
    },
    {
      "date": "2023-02-28T00:00:00",
      "quarter_label": "2023-02 (Q1)",
      "revenue": 15125371000,
      "gross_profit": 1003567000,
      "operating_income": 298162000,
      "net_income": 167020000,
      "opex": 705405000,
      "cogs": 14121804000,
      "rd": null,
      "sga": 654223000,
      "fcf": -140073000,
      "ocf": -102795000,
      "capex": -37278000,
      "gross_margin": 0.06634990969808277,
      "op_margin": 0.01971270655113187,
      "fcf_margin": -0.009260797635972037,
      "incr_op_margin_yoy": -0.2197350017121002,
      "rev_growth_yoy": -0.022275792653085394,
      "rev_growth_yoy_accel": -0.06305993154253478,
      "fcf_margin_change": -0.02867369982422869
    },
    {
      "date": "2023-05-31T00:00:00",
      "quarter_label": "2023-05 (Q2)",
      "revenue": 14062124000,
      "gross_profit": 963410000,
      "operating_income": 252883000,
      "net_income": 133087000,
      "opex": 710527000,
      "cogs": 13098714000,
      "rd": null,
      "sga": 673698000,
      "fcf": 677214000,
      "ocf": 707545000,
      "capex": -30331000,
      "gross_margin": 0.06851098738711164,
      "op_margin": 0.017983271943840064,
      "fcf_margin": 0.048158727657358166,
      "incr_op_margin_yoy": -0.00012089425313434912,
      "rev_growth_yoy": -0.07908863978557401,
      "rev_growth_yoy_accel": -0.05681284713248862,
      "fcf_margin_change": 0.057419525293330206
    },
    {
      "date": "2023-08-31T00:00:00",
      "quarter_label": "2023-08 (Q3)",
      "revenue": 13960615000,
      "gross_profit": 971273000,
      "operating_income": 240233000,
      "net_income": 139262000,
      "opex": 731040000,
      "cogs": 12989342000,
      "rd": null,
      "sga": 659454000,
      "fcf": 552147000,
      "ocf": 591955000,
      "capex": -39808000,
      "gross_margin": 0.06957236482776726,
      "op_margin": 0.01720790953693659,
      "fcf_margin": 0.039550334995986924,
      "incr_op_margin_yoy": 0.0009323023784101414,
      "rev_growth_yoy": -0.09087407369782077,
      "rev_growth_yoy_accel": -0.011785433912246762,
      "fcf_margin_change": -0.008608392661371242
    },
    {
      "date": "2023-11-30T00:00:00",
      "quarter_label": "2023-11 (Q4)",
      "revenue": 14407306000,
      "gross_profit": 1018579000,
      "operating_income": 286754000,
      "net_income": 187542000,
      "opex": 731825000,
      "cogs": 13388727000,
      "rd": null,
      "sga": 685187000,
      "fcf": 210668000,
      "ocf": 210668000,
      "capex": null,
      "gross_margin": 0.0706987829646986,
      "op_margin": 0.019903374024262413,
      "fcf_margin": 0.01462230343410489,
      "incr_op_margin_yoy": 0.02575610476945385,
      "rev_growth_yoy": -0.11328507331721767,
      "rev_growth_yoy_accel": -0.022410999619396896,
      "op_leverage_ratio": 29.79710942460693,
      "fcf_margin_change": -0.024928031561882034
    },
    {
      "date": "2024-02-29T00:00:00",
      "quarter_label": "2024-02 (Q1)",
      "revenue": 13975253000,
      "gross_profit": 1005766000,
      "operating_income": 302572000,
      "net_income": 172128000,
      "opex": 703194000,
      "cogs": 12969487000,
      "rd": null,
      "sga": 671545000,
      "fcf": 384709000,
      "ocf": 384709000,
      "capex": null,
      "gross_margin": 0.07196764165915279,
      "op_margin": 0.02165055616524438,
      "fcf_margin": 0.027527873735094455,
      "incr_op_margin_yoy": -0.003834389167024601,
      "rev_growth_yoy": -0.07603899434929563,
      "rev_growth_yoy_accel": 0.037246078967922036,
      "fcf_margin_change": 0.012905570300989565
    },
    {
      "date": "2024-05-31T00:00:00",
      "quarter_label": "2024-05 (Q2)",
      "revenue": 13947908000,
      "gross_profit": 973547000,
      "operating_income": 263948000,
      "net_income": 143605000,
      "opex": 709599000,
      "cogs": 12974361000,
      "rd": null,
      "sga": 671714000,
      "fcf": -114708000,
      "ocf": -114708000,
      "capex": null,
      "gross_margin": 0.06979878272784708,
      "op_margin": 0.01892384148217783,
      "fcf_margin": -0.008224029008507943,
      "incr_op_margin_yoy": -0.09687784548574631,
      "rev_growth_yoy": -0.008122243837417449,
      "rev_growth_yoy_accel": 0.06791675051187818,
      "fcf_margin_change": -0.0357519027436024
    },
    {
      "date": "2024-08-31T00:00:00",
      "quarter_label": "2024-08 (Q3)",
      "revenue": 14684712000,
      "gross_profit": 961048000,
      "operating_income": 302879000,
      "net_income": 178556000,
      "opex": 658169000,
      "cogs": 13723664000,
      "rd": null,
      "sga": 657513000,
      "fcf": 385782000,
      "ocf": 385782000,
      "capex": null,
      "gross_margin": 0.0654454782633803,
      "op_margin": 0.020625464088093796,
      "fcf_margin": 0.02627099530450444,
      "incr_op_margin_yoy": 0.08651603307291703,
      "rev_growth_yoy": 0.051867127630122314,
      "rev_growth_yoy_accel": 0.059989371467539764,
      "op_leverage_ratio": Infinity,
      "fcf_margin_change": 0.034495024313012386
    },
    {
      "date": "2024-11-30T00:00:00",
      "quarter_label": "2024-11 (Q4)",
      "revenue": 15844563000,
      "gross_profit": 1040945000,
      "operating_income": 324812000,
      "net_income": 194802000,
      "opex": 716133000,
      "cogs": 14803618000,
      "rd": null,
      "sga": 715009000,
      "fcf": 561941000,
      "ocf": 561941000,
      "capex": null,
      "gross_margin": 0.065697299445873,
      "op_margin": 0.020499902711106643,
      "fcf_margin": 0.03546585664748217,
      "incr_op_margin_yoy": 0.026479606639591945,
      "rev_growth_yoy": 0.09975890010248967,
      "rev_growth_yoy_accel": 0.04789177247236735,
      "op_leverage_ratio": 0.8968418028641957,
      "fcf_margin_change": 0.009194861342977728
    },
    {
      "date": "2025-02-28T00:00:00",
      "quarter_label": "2025-02 (Q1)",
      "revenue": 14531707000,
      "gross_profit": 998006000,
      "operating_income": 304459000,
      "net_income": 167537000,
      "opex": 693547000,
      "cogs": 13533701000,
      "rd": null,
      "sga": 692485000,
      "fcf": -747997000,
      "ocf": -747997000,
      "capex": null,
      "gross_margin": 0.06867782291509181,
      "op_margin": 0.020951358295346858,
      "fcf_margin": -0.05147344355346554,
      "incr_op_margin_yoy": 0.003391115887386918,
      "rev_growth_yoy": 0.03981709669227455,
      "rev_growth_yoy_accel": -0.059941803410215114,
      "fcf_margin_change": -0.0869393002009477
    },
    {
      "date": "2025-05-31T00:00:00",
      "quarter_label": "2025-05 (Q2)",
      "revenue": 14946315000,
      "gross_profit": 1046373000,
      "operating_income": 328139000,
      "net_income": 184921000,
      "opex": 718234000,
      "cogs": 13899942000,
      "rd": null,
      "sga": 717570000,
      "fcf": 573182000,
      "ocf": 573182000,
      "capex": null,
      "gross_margin": 0.07000876135689633,
      "op_margin": 0.021954508519323995,
      "fcf_margin": 0.03834938578505805,
      "incr_op_margin_yoy": 0.06429341941713149,
      "rev_growth_yoy": 0.07158112886893146,
      "rev_growth_yoy_accel": 0.03176403217665691,
      "op_leverage_ratio": 0.8015463216698349,
      "fcf_margin_change": 0.08982282933852359
    },
    {
      "date": "2025-08-31T00:00:00",
      "quarter_label": "2025-08 (Q3)",
      "revenue": 15650924000,
      "gross_profit": 1129853000,
      "operating_income": 383657000,
      "net_income": 226795000,
      "opex": 746196000,
      "cogs": 14521071000,
      "rd": null,
      "sga": 743892000,
      "fcf": 246141000,
      "ocf": 246141000,
      "capex": null,
      "gross_margin": 0.07219081761562449,
      "op_margin": 0.02451337697378123,
      "fcf_margin": 0.01572693088280283,
      "incr_op_margin_yoy": 0.08360277040649464,
      "rev_growth_yoy": 0.06579713650495836,
      "rev_growth_yoy_accel": -0.005783992363973103,
      "op_leverage_ratio": 1.2109097717484087,
      "fcf_margin_change": -0.022622454902255222
    },
    {
      "date": "2025-11-30T00:00:00",
      "quarter_label": "2025-11 (Q4)",
      "revenue": 17379140000,
      "gross_profit": 1194750000,
      "operating_income": 398664000,
      "net_income": 248407000,
      "opex": 796086000,
      "cogs": 16184390000,
      "rd": null,
      "sga": 792936000,
      "fcf": 1460378000,
      "ocf": 1460378000,
      "capex": null,
      "gross_margin": 0.06874620953626014,
      "op_margin": 0.02293922484081491,
      "fcf_margin": 0.08403051014031765,
      "incr_op_margin_yoy": 0.04812531401161362,
      "rev_growth_yoy": 0.0968519611427592,
      "rev_growth_yoy_accel": 0.031054824637800835,
      "op_leverage_ratio": 1.6515717730263335,
      "fcf_margin_change": 0.06830357925751482
    }
  ],
  "signals": [
    {
      "quarter": "2025-11 (Q4)",
      "signal": "FCF MARGIN EXPANSION",
      "detail": "FCF margin: +1.6% -> +8.4% (+6.8%)",
      "severity": "MEDIUM"
    },
    {
      "quarter": "2025-11 (Q4)",
      "signal": "OPERATING LEVERAGE",
      "detail": "Rev growth +11.0% vs OpEx growth +6.7% (leverage: 1.7x)",
      "severity": "MEDIUM"
    },
    {
      "quarter": "2025-05 (Q2)",
      "signal": "FCF TURNED POSITIVE",
      "detail": "FCF margin: -5.1% -> +3.8%",
      "severity": "HIGH"
    },
    {
      "quarter": "2025-02 (Q1)",
      "signal": "YoY REVENUE GROWTH DECELERATION",
      "detail": "YoY growth: +4.0% vs prior quarter YoY: +10.0% (decel: -6.0%)",
      "severity": "WARNING"
    },
    {
      "quarter": "2024-08 (Q3)",
      "signal": "FCF TURNED POSITIVE",
      "detail": "FCF margin: -0.8% -> +2.6%",
      "severity": "HIGH"
    },
    {
      "quarter": "2024-08 (Q3)",
      "signal": "YoY REVENUE GROWTH ACCELERATION",
      "detail": "YoY growth: +5.2% vs prior quarter YoY: -0.8% (accel: +6.0%)",
      "severity": "MEDIUM"
    },
    {
      "quarter": "2024-05 (Q2)",
      "signal": "YoY REVENUE GROWTH ACCELERATION",
      "detail": "YoY growth: -0.8% vs prior quarter YoY: -7.6% (accel: +6.8%)",
      "severity": "MEDIUM"
    },
    {
      "quarter": "2023-11 (Q4)",
      "signal": "OPERATING LEVERAGE",
      "detail": "Rev growth +3.2% vs OpEx growth +0.1% (leverage: 29.8x)",
      "severity": "MEDIUM"
    },
    {
      "quarter": "2023-05 (Q2)",
      "signal": "FCF TURNED POSITIVE",
      "detail": "FCF margin: -0.9% -> +4.8%",
      "severity": "HIGH"
    },
    {
      "quarter": "2023-05 (Q2)",
      "signal": "YoY REVENUE GROWTH DECELERATION",
      "detail": "YoY growth: -7.9% vs prior quarter YoY: -2.2% (decel: -5.7%)",
      "severity": "WARNING"
    },
    {
      "quarter": "2023-02 (Q1)",
      "signal": "YoY REVENUE GROWTH DECELERATION",
      "detail": "YoY growth: -2.2% vs prior quarter YoY: +4.1% (decel: -6.3%)",
      "severity": "WARNING"
    },
    {
      "quarter": "2022-11 (Q4)",
      "signal": "FCF TURNED POSITIVE",
      "detail": "FCF margin: -0.6% -> +1.9%",
      "severity": "HIGH"
    },
    {
      "quarter": "2022-11 (Q4)",
      "signal": "YoY REVENUE GROWTH DECELERATION",
      "detail": "YoY growth: +4.1% vs prior quarter YoY: +194.9% (decel: -190.8%)",
      "severity": "WARNING"
    },
    {
      "quarter": "2022-11 (Q4)",
      "signal": "INCREMENTAL MARGIN (YoY)",
      "detail": "YoY Incr OPM: +23.4% vs year-ago OPM: +1.2%",
      "severity": "HIGH"
    },
    {
      "quarter": "2022-08 (Q3)",
      "signal": "YoY REVENUE GROWTH ACCELERATION",
      "detail": "YoY growth: +194.9% vs prior quarter YoY: +160.7% (accel: +34.2%)",
      "severity": "HIGH"
    },
    {
      "quarter": "2022-05 (Q2)",
      "signal": "FCF TURNED POSITIVE",
      "detail": "FCF margin: -8.7% -> +6.6%",
      "severity": "HIGH"
    },
    {
      "quarter": "2022-05 (Q2)",
      "signal": "YoY REVENUE GROWTH DECELERATION",
      "detail": "YoY growth: +160.7% vs prior quarter YoY: +213.2% (decel: -52.5%)",
      "severity": "WARNING"
    },
    {
      "quarter": "2021-11 (Q4)",
      "signal": "FCF TURNED POSITIVE",
      "detail": "FCF margin: -1.2% -> +3.4%",
      "severity": "HIGH"
    },
    {
      "quarter": "2021-05 (Q2)",
      "signal": "OPERATING LEVERAGE",
      "detail": "Rev growth +18.6% vs OpEx growth +11.3% (leverage: 1.6x)",
      "severity": "MEDIUM"
    }
  ],
  "data_quality": {
    "n_quarters": 20,
    "coverage": {
      "revenue": [
        20,
        20
      ],
      "gross_profit": [
        20,
        20
      ],
      "op_income": [
        20,
        20
      ],
      "fcf": [
        20,
        20
      ]
    },
    "gaps": [],
    "warnings": []
  },
  "market_cap": null,
  "source": "SEC EDGAR",
  "last_updated": "2026-02-02T20:31:31.372198"
}