{
  "ticker": "SODI",
  "name": "Solitron Devices, Inc.",
  "quarters": [
    {
      "date": "2021-02-28T00:00:00",
      "quarter_label": "2021-02 (Q1)",
      "revenue": 2621000,
      "gross_profit": 783000,
      "operating_income": 262000,
      "net_income": 404000,
      "opex": 521000,
      "cogs": 1838000,
      "rd": null,
      "sga": 521000,
      "fcf": 240000,
      "ocf": 247000,
      "capex": -7000,
      "gross_margin": 0.2987409385730637,
      "op_margin": 0.09996184662342618,
      "fcf_margin": 0.09156810377718429
    },
    {
      "date": "2021-05-31T00:00:00",
      "quarter_label": "2021-05 (Q2)",
      "revenue": 3610000,
      "gross_profit": 1664000,
      "operating_income": 950000,
      "net_income": 1027000,
      "opex": 714000,
      "cogs": 1946000,
      "rd": null,
      "sga": 714000,
      "fcf": -3683000,
      "ocf": 900000,
      "capex": -4583000,
      "gross_margin": 0.46094182825484764,
      "op_margin": 0.2631578947368421,
      "fcf_margin": -1.0202216066481995,
      "op_leverage_ratio": 1.0186141033066918,
      "fcf_margin_change": -1.1117897104253838
    },
    {
      "date": "2021-08-31T00:00:00",
      "quarter_label": "2021-08 (Q3)",
      "revenue": 4230000,
      "gross_profit": 2220000,
      "operating_income": 1561000,
      "net_income": 2450000,
      "opex": 659000,
      "cogs": 2010000,
      "rd": null,
      "sga": 659000,
      "fcf": 1527000,
      "ocf": 1690000,
      "capex": -163000,
      "gross_margin": 0.524822695035461,
      "op_margin": 0.36903073286052007,
      "fcf_margin": 0.36099290780141846,
      "op_leverage_ratio": Infinity,
      "fcf_margin_change": 1.381214514449618
    },
    {
      "date": "2021-11-30T00:00:00",
      "quarter_label": "2021-11 (Q4)",
      "revenue": 2468000,
      "gross_profit": 796000,
      "operating_income": 299000,
      "net_income": 490000,
      "opex": 497000,
      "cogs": 1672000,
      "rd": null,
      "sga": 497000,
      "fcf": 857000,
      "ocf": 860000,
      "capex": -3000,
      "gross_margin": 0.3225283630470016,
      "op_margin": 0.12115072933549433,
      "fcf_margin": 0.3472447325769854,
      "fcf_margin_change": -0.013748175224433057
    },
    {
      "date": "2022-02-28T00:00:00",
      "quarter_label": "2022-02 (Q1)",
      "revenue": 1976000,
      "gross_profit": 119000,
      "operating_income": -518000,
      "net_income": -459000,
      "opex": 637000,
      "cogs": 1857000,
      "rd": null,
      "sga": 637000,
      "fcf": -257000,
      "ocf": -116000,
      "capex": -141000,
      "gross_margin": 0.06022267206477733,
      "op_margin": -0.26214574898785425,
      "fcf_margin": -0.13006072874493926,
      "rev_growth_yoy": -0.24608927890118276,
      "fcf_margin_change": -0.47730546132192464
    },
    {
      "date": "2022-05-31T00:00:00",
      "quarter_label": "2022-05 (Q2)",
      "revenue": 2136000,
      "gross_profit": 817000,
      "operating_income": 241000,
      "net_income": 771000,
      "opex": 576000,
      "cogs": 1319000,
      "rd": null,
      "sga": 576000,
      "fcf": 1482000,
      "ocf": 1622000,
      "capex": -140000,
      "gross_margin": 0.38249063670411987,
      "op_margin": 0.11282771535580524,
      "fcf_margin": 0.6938202247191011,
      "incr_op_margin_yoy": 0.48100407055630934,
      "rev_growth_yoy": -0.4083102493074792,
      "rev_growth_yoy_accel": -0.16222097040629646,
      "op_leverage_ratio": Infinity,
      "fcf_margin_change": 0.8238809534640403
    },
    {
      "date": "2022-08-31T00:00:00",
      "quarter_label": "2022-08 (Q3)",
      "revenue": 2187000,
      "gross_profit": 701000,
      "operating_income": 202000,
      "net_income": 315000,
      "opex": 499000,
      "cogs": 1486000,
      "rd": null,
      "sga": 499000,
      "fcf": -434000,
      "ocf": -434000,
      "capex": null,
      "gross_margin": 0.32053040695016005,
      "op_margin": 0.09236396890717878,
      "fcf_margin": -0.1984453589391861,
      "incr_op_margin_yoy": 0.6651982378854625,
      "rev_growth_yoy": -0.4829787234042553,
      "rev_growth_yoy_accel": -0.07466847409677607,
      "op_leverage_ratio": Infinity,
      "fcf_margin_change": -0.8922655836582872
    },
    {
      "date": "2022-11-30T00:00:00",
      "quarter_label": "2022-11 (Q4)",
      "revenue": 584000,
      "gross_profit": -321000,
      "operating_income": -781000,
      "net_income": -492000,
      "opex": 460000,
      "cogs": 905000,
      "rd": null,
      "sga": 460000,
      "fcf": 231000,
      "ocf": 423000,
      "capex": -192000,
      "gross_margin": -0.5496575342465754,
      "op_margin": -1.3373287671232876,
      "fcf_margin": 0.3955479452054795,
      "incr_op_margin_yoy": 0.5732484076433121,
      "rev_growth_yoy": -0.7633711507293355,
      "rev_growth_yoy_accel": -0.2803924273250802,
      "fcf_margin_change": 0.5939933041446656
    },
    {
      "date": "2023-02-28T00:00:00",
      "quarter_label": "2023-02 (Q1)",
      "revenue": 1499000,
      "gross_profit": 204000,
      "operating_income": -313000,
      "net_income": 232000,
      "opex": 517000,
      "cogs": 1295000,
      "rd": null,
      "sga": 517000,
      "fcf": -2505000,
      "ocf": -649000,
      "capex": -1856000,
      "gross_margin": 0.13609072715143428,
      "op_margin": -0.20880587058038694,
      "fcf_margin": -1.6711140760507004,
      "rev_growth_yoy": -0.24139676113360323,
      "rev_growth_yoy_accel": 0.5219743895957323,
      "op_leverage_ratio": 12.644196106705119,
      "fcf_margin_change": -2.06666202125618
    },
    {
      "date": "2023-05-31T00:00:00",
      "quarter_label": "2023-05 (Q2)",
      "revenue": 2038000,
      "gross_profit": 607000,
      "operating_income": 65000,
      "net_income": -171000,
      "opex": 542000,
      "cogs": 1431000,
      "rd": null,
      "sga": 542000,
      "fcf": -17000,
      "ocf": -5000,
      "capex": -12000,
      "gross_margin": 0.29784102060843964,
      "op_margin": 0.03189401373895977,
      "fcf_margin": -0.008341511285574092,
      "rev_growth_yoy": -0.04588014981273408,
      "rev_growth_yoy_accel": 0.19551661132086914,
      "op_leverage_ratio": 7.435970647098066,
      "fcf_margin_change": 1.6627725647651264
    },
    {
      "date": "2023-08-31T00:00:00",
      "quarter_label": "2023-08 (Q3)",
      "revenue": 2579000,
      "gross_profit": 897000,
      "operating_income": 283000,
      "net_income": 200000,
      "opex": 614000,
      "cogs": 1682000,
      "rd": null,
      "sga": 614000,
      "fcf": 885000,
      "ocf": 975000,
      "capex": -90000,
      "gross_margin": 0.34780922838309425,
      "op_margin": 0.10973245443970531,
      "fcf_margin": 0.34315626211709965,
      "rev_growth_yoy": 0.17924096936442616,
      "rev_growth_yoy_accel": 0.22512111917716024,
      "op_leverage_ratio": 1.998296259949842,
      "fcf_margin_change": 0.35149777340267374
    },
    {
      "date": "2023-11-30T00:00:00",
      "quarter_label": "2023-11 (Q4)",
      "revenue": 4136000,
      "gross_profit": 1077000,
      "operating_income": 218000,
      "net_income": 86000,
      "opex": 859000,
      "cogs": 3059000,
      "rd": null,
      "sga": 859000,
      "fcf": 330000,
      "ocf": 390000,
      "capex": -60000,
      "gross_margin": 0.2603965183752418,
      "op_margin": 0.05270793036750483,
      "fcf_margin": 0.0797872340425532,
      "incr_op_margin_yoy": 0.28125,
      "rev_growth_yoy": 6.082191780821918,
      "rev_growth_yoy_accel": 5.902950811457492,
      "op_leverage_ratio": 1.513002191958598,
      "fcf_margin_change": -0.26336902807454643
    },
    {
      "date": "2024-02-29T00:00:00",
      "quarter_label": "2024-02 (Q1)",
      "revenue": 4004000,
      "gross_profit": 1226000,
      "operating_income": 368000,
      "net_income": 5686000,
      "opex": 858000,
      "cogs": 2778000,
      "rd": null,
      "sga": 858000,
      "fcf": 364000,
      "ocf": 557000,
      "capex": -193000,
      "gross_margin": 0.3061938061938062,
      "op_margin": 0.0919080919080919,
      "fcf_margin": 0.09090909090909091,
      "incr_op_margin_yoy": 0.2718562874251497,
      "rev_growth_yoy": 1.6711140760507004,
      "rev_growth_yoy_accel": -4.411077704771218,
      "fcf_margin_change": 0.011121856866537716
    },
    {
      "date": "2024-05-31T00:00:00",
      "quarter_label": "2024-05 (Q2)",
      "revenue": 3967000,
      "gross_profit": 1675000,
      "operating_income": 792000,
      "net_income": 589000,
      "opex": 883000,
      "cogs": 2292000,
      "rd": null,
      "sga": 883000,
      "fcf": -1036000,
      "ocf": 714000,
      "capex": -1750000,
      "gross_margin": 0.42223342576254097,
      "op_margin": 0.19964708847995966,
      "fcf_margin": -0.26115452482984625,
      "incr_op_margin_yoy": 0.37687921202695696,
      "rev_growth_yoy": 0.9465161923454367,
      "rev_growth_yoy_accel": -0.7245978837052637,
      "fcf_margin_change": -0.3520636157389372
    },
    {
      "date": "2024-08-31T00:00:00",
      "quarter_label": "2024-08 (Q3)",
      "revenue": 3581000,
      "gross_profit": 738000,
      "operating_income": 50000,
      "net_income": 17000,
      "opex": 688000,
      "cogs": 2843000,
      "rd": null,
      "sga": 688000,
      "fcf": 823000,
      "ocf": 835000,
      "capex": -12000,
      "gross_margin": 0.20608768500418878,
      "op_margin": 0.013962580284836637,
      "fcf_margin": 0.22982407148841105,
      "incr_op_margin_yoy": -0.23253493013972057,
      "rev_growth_yoy": 0.3885226832105467,
      "rev_growth_yoy_accel": -0.55799350913489,
      "fcf_margin_change": 0.4909785963182573
    },
    {
      "date": "2024-11-30T00:00:00",
      "quarter_label": "2024-11 (Q4)",
      "revenue": 3369000,
      "gross_profit": 1001000,
      "operating_income": 326000,
      "net_income": 266000,
      "opex": 675000,
      "cogs": 2368000,
      "rd": null,
      "sga": 675000,
      "fcf": 485000,
      "ocf": 511000,
      "capex": -26000,
      "gross_margin": 0.2971208073612348,
      "op_margin": 0.09676461858118136,
      "fcf_margin": 0.1439596319382606,
      "rev_growth_yoy": -0.1854448742746615,
      "rev_growth_yoy_accel": -0.5739675574852082,
      "fcf_margin_change": -0.08586443955015044
    },
    {
      "date": "2025-02-28T00:00:00",
      "quarter_label": "2025-02 (Q1)",
      "revenue": 3132000,
      "gross_profit": 578000,
      "operating_income": -170000,
      "net_income": -57000,
      "opex": 748000,
      "cogs": 2554000,
      "rd": null,
      "sga": 748000,
      "fcf": 288000,
      "ocf": 338000,
      "capex": -50000,
      "gross_margin": 0.18454661558109833,
      "op_margin": -0.05427841634738186,
      "fcf_margin": 0.09195402298850575,
      "rev_growth_yoy": -0.2177822177822178,
      "rev_growth_yoy_accel": -0.03233734350755629,
      "fcf_margin_change": -0.05200560894975487
    },
    {
      "date": "2025-05-31T00:00:00",
      "quarter_label": "2025-05 (Q2)",
      "revenue": 2700000,
      "gross_profit": 390000,
      "operating_income": -378000,
      "net_income": -336000,
      "opex": 768000,
      "cogs": 2310000,
      "rd": null,
      "sga": 768000,
      "fcf": 353000,
      "ocf": 391000,
      "capex": -38000,
      "gross_margin": 0.14444444444444443,
      "op_margin": -0.14,
      "fcf_margin": 0.13074074074074074,
      "incr_op_margin_yoy": 0.9234411996842936,
      "rev_growth_yoy": -0.3193849256365011,
      "rev_growth_yoy_accel": -0.10160270785428333,
      "fcf_margin_change": 0.038786717752234995
    },
    {
      "date": "2025-08-31T00:00:00",
      "quarter_label": "2025-08 (Q3)",
      "revenue": 3986000,
      "gross_profit": 835000,
      "operating_income": -291000,
      "net_income": -234000,
      "opex": 1126000,
      "cogs": 3151000,
      "rd": null,
      "sga": 1126000,
      "fcf": 346000,
      "ocf": 386000,
      "capex": -40000,
      "gross_margin": 0.2094831911690918,
      "op_margin": -0.07300551931761164,
      "fcf_margin": 0.0868038133467135,
      "rev_growth_yoy": 0.11309690030717677,
      "rev_growth_yoy_accel": 0.4324818259436779,
      "op_leverage_ratio": 1.0217752948479206,
      "fcf_margin_change": -0.04393692739402724
    },
    {
      "date": "2025-11-30T00:00:00",
      "quarter_label": "2025-11 (Q4)",
      "revenue": 5022000,
      "gross_profit": 1723000,
      "operating_income": 929000,
      "net_income": 653000,
      "opex": 794000,
      "cogs": 3299000,
      "rd": null,
      "sga": 794000,
      "fcf": -173000,
      "ocf": -152000,
      "capex": -21000,
      "gross_margin": 0.34309040223018716,
      "op_margin": 0.18498606133014736,
      "fcf_margin": -0.0344484269215452,
      "incr_op_margin_yoy": 0.3647912885662432,
      "rev_growth_yoy": 0.4906500445235975,
      "rev_growth_yoy_accel": 0.3775531442164207,
      "op_leverage_ratio": Infinity,
      "fcf_margin_change": -0.1212522402682587
    }
  ],
  "signals": [
    {
      "quarter": "2025-11 (Q4)",
      "signal": "YoY REVENUE GROWTH ACCELERATION",
      "detail": "YoY growth: +49.1% vs prior quarter YoY: +11.3% (accel: +37.8%)",
      "severity": "HIGH"
    },
    {
      "quarter": "2025-11 (Q4)",
      "signal": "INCREMENTAL MARGIN (YoY)",
      "detail": "YoY Incr OPM: +36.5% vs year-ago OPM: +9.7%",
      "severity": "HIGH"
    },
    {
      "quarter": "2025-11 (Q4)",
      "signal": "OP MARGIN TURNED POSITIVE (QoQ)",
      "detail": "Op margin: -7.3% -> +18.5%",
      "severity": "HIGH"
    },
    {
      "quarter": "2025-08 (Q3)",
      "signal": "GROSS MARGIN INFLECTION",
      "detail": "GM: +18.5% -> +14.4% -> +20.9% (reversal +6.5%)",
      "severity": "HIGH"
    },
    {
      "quarter": "2025-08 (Q3)",
      "signal": "YoY REVENUE GROWTH ACCELERATION",
      "detail": "YoY growth: +11.3% vs prior quarter YoY: -31.9% (accel: +43.2%)",
      "severity": "HIGH"
    },
    {
      "quarter": "2025-05 (Q2)",
      "signal": "YoY REVENUE GROWTH DECELERATION",
      "detail": "YoY growth: -31.9% vs prior quarter YoY: -21.8% (decel: -10.2%)",
      "severity": "WARNING"
    },
    {
      "quarter": "2024-11 (Q4)",
      "signal": "GROSS MARGIN INFLECTION",
      "detail": "GM: +42.2% -> +20.6% -> +29.7% (reversal +9.1%)",
      "severity": "HIGH"
    },
    {
      "quarter": "2024-11 (Q4)",
      "signal": "YoY REVENUE GROWTH DECELERATION",
      "detail": "YoY growth: -18.5% vs prior quarter YoY: +38.9% (decel: -57.4%)",
      "severity": "WARNING"
    },
    {
      "quarter": "2024-08 (Q3)",
      "signal": "FCF TURNED POSITIVE",
      "detail": "FCF margin: -26.1% -> +23.0%",
      "severity": "HIGH"
    },
    {
      "quarter": "2024-08 (Q3)",
      "signal": "YoY REVENUE GROWTH DECELERATION",
      "detail": "YoY growth: +38.9% vs prior quarter YoY: +94.7% (decel: -55.8%)",
      "severity": "WARNING"
    },
    {
      "quarter": "2024-05 (Q2)",
      "signal": "YoY REVENUE GROWTH DECELERATION",
      "detail": "YoY growth: +94.7% vs prior quarter YoY: +167.1% (decel: -72.5%)",
      "severity": "WARNING"
    },
    {
      "quarter": "2024-05 (Q2)",
      "signal": "INCREMENTAL MARGIN (YoY)",
      "detail": "YoY Incr OPM: +37.7% vs year-ago OPM: +3.2%",
      "severity": "HIGH"
    },
    {
      "quarter": "2024-02 (Q1)",
      "signal": "GROSS MARGIN INFLECTION",
      "detail": "GM: +34.8% -> +26.0% -> +30.6% (reversal +4.6%)",
      "severity": "MEDIUM"
    },
    {
      "quarter": "2024-02 (Q1)",
      "signal": "YoY REVENUE GROWTH DECELERATION",
      "detail": "YoY growth: +167.1% vs prior quarter YoY: +608.2% (decel: -441.1%)",
      "severity": "WARNING"
    },
    {
      "quarter": "2024-02 (Q1)",
      "signal": "OP MARGIN TURNED POSITIVE (YoY)",
      "detail": "Op margin: -20.9% (year-ago) -> +9.2%",
      "severity": "HIGH"
    },
    {
      "quarter": "2023-11 (Q4)",
      "signal": "OPERATING LEVERAGE",
      "detail": "Rev growth +60.4% vs OpEx growth +39.9% (leverage: 1.5x)",
      "severity": "MEDIUM"
    },
    {
      "quarter": "2023-11 (Q4)",
      "signal": "YoY REVENUE GROWTH ACCELERATION",
      "detail": "YoY growth: +608.2% vs prior quarter YoY: +17.9% (accel: +590.3%)",
      "severity": "HIGH"
    },
    {
      "quarter": "2023-11 (Q4)",
      "signal": "OP MARGIN TURNED POSITIVE (YoY)",
      "detail": "Op margin: -133.7% (year-ago) -> +5.3%",
      "severity": "HIGH"
    },
    {
      "quarter": "2023-08 (Q3)",
      "signal": "FCF TURNED POSITIVE",
      "detail": "FCF margin: -0.8% -> +34.3%",
      "severity": "HIGH"
    },
    {
      "quarter": "2023-08 (Q3)",
      "signal": "OPERATING LEVERAGE",
      "detail": "Rev growth +26.5% vs OpEx growth +13.3% (leverage: 2.0x)",
      "severity": "MEDIUM"
    },
    {
      "quarter": "2023-08 (Q3)",
      "signal": "YoY REVENUE GROWTH ACCELERATION",
      "detail": "YoY growth: +17.9% vs prior quarter YoY: -4.6% (accel: +22.5%)",
      "severity": "HIGH"
    },
    {
      "quarter": "2023-05 (Q2)",
      "signal": "FCF MARGIN EXPANSION",
      "detail": "FCF margin: -167.1% -> -0.8% (+166.3%)",
      "severity": "MEDIUM"
    },
    {
      "quarter": "2023-05 (Q2)",
      "signal": "OPERATING LEVERAGE",
      "detail": "Rev growth +36.0% vs OpEx growth +4.8% (leverage: 7.4x)",
      "severity": "MEDIUM"
    },
    {
      "quarter": "2023-05 (Q2)",
      "signal": "YoY REVENUE GROWTH ACCELERATION",
      "detail": "YoY growth: -4.6% vs prior quarter YoY: -24.1% (accel: +19.6%)",
      "severity": "HIGH"
    },
    {
      "quarter": "2023-05 (Q2)",
      "signal": "OP MARGIN TURNED POSITIVE (QoQ)",
      "detail": "Op margin: -20.9% -> +3.2%",
      "severity": "HIGH"
    },
    {
      "quarter": "2023-02 (Q1)",
      "signal": "OPERATING LEVERAGE",
      "detail": "Rev growth +156.7% vs OpEx growth +12.4% (leverage: 12.6x)",
      "severity": "MEDIUM"
    },
    {
      "quarter": "2023-02 (Q1)",
      "signal": "GROSS MARGIN INFLECTION",
      "detail": "GM: +32.1% -> -55.0% -> +13.6% (reversal +68.6%)",
      "severity": "HIGH"
    },
    {
      "quarter": "2023-02 (Q1)",
      "signal": "YoY REVENUE GROWTH ACCELERATION",
      "detail": "YoY growth: -24.1% vs prior quarter YoY: -76.3% (accel: +52.2%)",
      "severity": "HIGH"
    },
    {
      "quarter": "2022-11 (Q4)",
      "signal": "FCF TURNED POSITIVE",
      "detail": "FCF margin: -19.8% -> +39.6%",
      "severity": "HIGH"
    },
    {
      "quarter": "2022-11 (Q4)",
      "signal": "YoY REVENUE GROWTH DECELERATION",
      "detail": "YoY growth: -76.3% vs prior quarter YoY: -48.3% (decel: -28.0%)",
      "severity": "WARNING"
    },
    {
      "quarter": "2022-08 (Q3)",
      "signal": "YoY REVENUE GROWTH DECELERATION",
      "detail": "YoY growth: -48.3% vs prior quarter YoY: -40.8% (decel: -7.5%)",
      "severity": "WARNING"
    },
    {
      "quarter": "2022-08 (Q3)",
      "signal": "INCREMENTAL MARGIN (YoY)",
      "detail": "YoY Incr OPM: +66.5% vs year-ago OPM: +36.9%",
      "severity": "HIGH"
    },
    {
      "quarter": "2022-05 (Q2)",
      "signal": "FCF TURNED POSITIVE",
      "detail": "FCF margin: -13.0% -> +69.4%",
      "severity": "HIGH"
    },
    {
      "quarter": "2022-05 (Q2)",
      "signal": "GROSS MARGIN INFLECTION",
      "detail": "GM: +32.3% -> +6.0% -> +38.2% (reversal +32.2%)",
      "severity": "HIGH"
    },
    {
      "quarter": "2022-05 (Q2)",
      "signal": "YoY REVENUE GROWTH DECELERATION",
      "detail": "YoY growth: -40.8% vs prior quarter YoY: -24.6% (decel: -16.2%)",
      "severity": "WARNING"
    },
    {
      "quarter": "2022-05 (Q2)",
      "signal": "INCREMENTAL MARGIN (YoY)",
      "detail": "YoY Incr OPM: +48.1% vs year-ago OPM: +26.3%",
      "severity": "HIGH"
    },
    {
      "quarter": "2022-05 (Q2)",
      "signal": "OP MARGIN TURNED POSITIVE (QoQ)",
      "detail": "Op margin: -26.2% -> +11.3%",
      "severity": "HIGH"
    },
    {
      "quarter": "2021-08 (Q3)",
      "signal": "FCF TURNED POSITIVE",
      "detail": "FCF margin: -102.0% -> +36.1%",
      "severity": "HIGH"
    }
  ],
  "data_quality": {
    "n_quarters": 20,
    "coverage": {
      "revenue": [
        20,
        20
      ],
      "gross_profit": [
        20,
        20
      ],
      "op_income": [
        20,
        20
      ],
      "fcf": [
        20,
        20
      ]
    },
    "gaps": [],
    "warnings": []
  },
  "market_cap": null,
  "source": "SEC EDGAR",
  "last_updated": "2026-02-02T23:42:01.609206"
}