{
  "ticker": "SOHO",
  "name": "SOTHERLY HOTELS INC.",
  "quarters": [
    {
      "date": "2020-12-31T00:00:00",
      "quarter_label": "2020-12 (Q4)",
      "revenue": 14585726,
      "gross_profit": -1921299,
      "operating_income": -9107223,
      "net_income": -12052072,
      "opex": 23692949,
      "cogs": 16507025,
      "rd": null,
      "sga": null,
      "fcf": -5588557,
      "ocf": -5588557,
      "capex": null,
      "gross_margin": -0.13172460527504767,
      "op_margin": -0.6243928481859593,
      "fcf_margin": -0.383152473863831
    },
    {
      "date": "2021-03-31T00:00:00",
      "quarter_label": "2021-03 (Q1)",
      "revenue": 22635532,
      "gross_profit": 4200697,
      "operating_income": -2082276,
      "net_income": -6876085,
      "opex": 24717808,
      "cogs": 18434835,
      "rd": null,
      "sga": null,
      "fcf": -787722,
      "ocf": -787722,
      "capex": null,
      "gross_margin": 0.18557977784661744,
      "op_margin": -0.09199147605631712,
      "fcf_margin": -0.034800242379989126,
      "op_leverage_ratio": 12.758874436077964,
      "fcf_margin_change": 0.34835223148384187
    },
    {
      "date": "2021-06-30T00:00:00",
      "quarter_label": "2021-06 (Q2)",
      "revenue": 34383309,
      "gross_profit": 9660479,
      "operating_income": 3143151,
      "net_income": -1374332,
      "opex": 31240158,
      "cogs": 24722830,
      "rd": null,
      "sga": null,
      "fcf": 2687680,
      "ocf": 2687680,
      "capex": null,
      "gross_margin": 0.2809642027182433,
      "op_margin": 0.09141502349293955,
      "fcf_margin": 0.07816816002206187,
      "op_leverage_ratio": 1.9668481983656894,
      "fcf_margin_change": 0.112968402402051
    },
    {
      "date": "2021-09-30T00:00:00",
      "quarter_label": "2021-09 (Q3)",
      "revenue": 35493126,
      "gross_profit": 8930931,
      "operating_income": 2786602,
      "net_income": -2238053,
      "opex": 32706524,
      "cogs": 26562195,
      "rd": null,
      "sga": null,
      "fcf": 2137780,
      "ocf": 2137780,
      "capex": null,
      "gross_margin": 0.25162424408602385,
      "op_margin": 0.07851103337587115,
      "fcf_margin": 0.060230817651846166,
      "op_leverage_ratio": 0.6876612338748556,
      "fcf_margin_change": -0.0179373423702157
    },
    {
      "date": "2021-12-31T00:00:00",
      "quarter_label": "2021-12 (Q4)",
      "revenue": 35075957,
      "gross_profit": 8102453,
      "operating_income": -11902483,
      "net_income": -15733004,
      "opex": 46978440,
      "cogs": 26973504,
      "rd": null,
      "sga": null,
      "fcf": -1715235,
      "ocf": -1715235,
      "capex": null,
      "gross_margin": 0.23099734670104652,
      "op_margin": -0.3393345190838271,
      "fcf_margin": -0.04890059022480841,
      "incr_op_margin_yoy": -0.1364191550597941,
      "rev_growth_yoy": 1.4048139256146728,
      "fcf_margin_change": -0.10913140787665457
    },
    {
      "date": "2022-03-31T00:00:00",
      "quarter_label": "2022-03 (Q1)",
      "revenue": 38352603,
      "gross_profit": 9974761,
      "operating_income": 3925204,
      "net_income": -649323,
      "opex": 34427399,
      "cogs": 28377842,
      "rd": null,
      "sga": null,
      "fcf": 7453881,
      "ocf": 7453881,
      "capex": null,
      "gross_margin": 0.2600804174882211,
      "op_margin": 0.10234517850066135,
      "fcf_margin": 0.19435137166569894,
      "incr_op_margin_yoy": 0.38222643392016237,
      "rev_growth_yoy": 0.6943539475900102,
      "rev_growth_yoy_accel": -0.7104599780246625,
      "op_leverage_ratio": Infinity,
      "fcf_margin_change": 0.24325196189050735
    },
    {
      "date": "2022-06-30T00:00:00",
      "quarter_label": "2022-06 (Q2)",
      "revenue": 47170259,
      "gross_profit": 14771553,
      "operating_income": 8199288,
      "net_income": 26075419,
      "opex": 38970971,
      "cogs": 32398706,
      "rd": null,
      "sga": null,
      "fcf": -5998988,
      "ocf": -5998988,
      "capex": null,
      "gross_margin": 0.3131539515184769,
      "op_margin": 0.1738232558782431,
      "fcf_margin": -0.12717733858531496,
      "incr_op_margin_yoy": 0.39541383989145185,
      "rev_growth_yoy": 0.37189410710877185,
      "rev_growth_yoy_accel": -0.3224598404812384,
      "op_leverage_ratio": 1.7420680078851118,
      "fcf_margin_change": -0.3215287102510139
    },
    {
      "date": "2022-09-30T00:00:00",
      "quarter_label": "2022-09 (Q3)",
      "revenue": 39212695,
      "gross_profit": 9822763,
      "operating_income": 3288996,
      "net_income": 2023657,
      "opex": 35923699,
      "cogs": 29389932,
      "rd": null,
      "sga": null,
      "fcf": 2753079,
      "ocf": 2753079,
      "capex": null,
      "gross_margin": 0.2504995639804915,
      "op_margin": 0.08387579583601688,
      "fcf_margin": 0.07020886985707052,
      "incr_op_margin_yoy": 0.13506779952193385,
      "rev_growth_yoy": 0.10479688376842322,
      "rev_growth_yoy_accel": -0.26709722334034863,
      "fcf_margin_change": 0.19738620844238547
    },
    {
      "date": "2022-12-31T00:00:00",
      "quarter_label": "2022-12 (Q4)",
      "revenue": 41341747,
      "gross_profit": 11893491,
      "operating_income": 5141325,
      "net_income": 5086768,
      "opex": 36200422,
      "cogs": 29448256,
      "rd": null,
      "sga": null,
      "fcf": 2450848,
      "ocf": 2450848,
      "capex": null,
      "gross_margin": 0.28768718941654786,
      "op_margin": 0.12436158055923471,
      "fcf_margin": 0.05928264231310786,
      "incr_op_margin_yoy": 2.7201371255659703,
      "rev_growth_yoy": 0.17863489797299045,
      "rev_growth_yoy_accel": 0.07383801420456723,
      "op_leverage_ratio": 7.048478330763025,
      "fcf_margin_change": -0.010926227543962656
    },
    {
      "date": "2023-03-31T00:00:00",
      "quarter_label": "2023-03 (Q1)",
      "revenue": 43491277,
      "gross_profit": 12079198,
      "operating_income": 5520122,
      "net_income": 1412474,
      "opex": 37971155,
      "cogs": 31412079,
      "rd": null,
      "sga": null,
      "fcf": 9968070,
      "ocf": 9968070,
      "capex": null,
      "gross_margin": 0.2777384071753055,
      "op_margin": 0.1269248083931865,
      "fcf_margin": 0.22919699506639,
      "incr_op_margin_yoy": 0.3103754003464707,
      "rev_growth_yoy": 0.13398501269913804,
      "rev_growth_yoy_accel": -0.04464988527385241,
      "op_leverage_ratio": 1.062955878577125,
      "fcf_margin_change": 0.16991435275328212
    },
    {
      "date": "2023-06-30T00:00:00",
      "quarter_label": "2023-06 (Q2)",
      "revenue": 49017332,
      "gross_profit": 14842035,
      "operating_income": 8289802,
      "net_income": 5126872,
      "opex": 40727531,
      "cogs": 34175297,
      "rd": null,
      "sga": null,
      "fcf": 3865045,
      "ocf": 3865045,
      "capex": null,
      "gross_margin": 0.30279157176486066,
      "op_margin": 0.16911981255936165,
      "fcf_margin": 0.0788505788115926,
      "incr_op_margin_yoy": 0.04900401879081119,
      "rev_growth_yoy": 0.03915757596327805,
      "rev_growth_yoy_accel": -0.09482743673586,
      "op_leverage_ratio": 1.7503640751315457,
      "fcf_margin_change": -0.1503464162547974
    },
    {
      "date": "2023-09-30T00:00:00",
      "quarter_label": "2023-09 (Q3)",
      "revenue": 39181363,
      "gross_profit": 7566707,
      "operating_income": 1167853,
      "net_income": -1909268,
      "opex": 38013510,
      "cogs": 31614656,
      "rd": null,
      "sga": null,
      "fcf": 4655403,
      "ocf": 4655403,
      "capex": null,
      "gross_margin": 0.19312005557336023,
      "op_margin": 0.029806339304735262,
      "fcf_margin": 0.11881677010572603,
      "rev_growth_yoy": -0.0007990269477780092,
      "rev_growth_yoy_accel": -0.03995660291105606,
      "fcf_margin_change": 0.039966191294133424
    },
    {
      "date": "2023-12-31T00:00:00",
      "quarter_label": "2023-12 (Q4)",
      "revenue": 42148085,
      "gross_profit": 10299762,
      "operating_income": 3947654,
      "net_income": -688658,
      "opex": 38200430,
      "cogs": 31848323,
      "rd": null,
      "sga": null,
      "fcf": 2911944,
      "ocf": 2911944,
      "capex": null,
      "gross_margin": 0.24437081779634828,
      "op_margin": 0.09366152697091695,
      "fcf_margin": 0.06908840579589796,
      "rev_growth_yoy": 0.019504207212143212,
      "rev_growth_yoy_accel": 0.020303234159921222,
      "op_leverage_ratio": 15.398538826477516,
      "fcf_margin_change": -0.04972836430982806
    },
    {
      "date": "2024-03-31T00:00:00",
      "quarter_label": "2024-03 (Q1)",
      "revenue": 46548432,
      "gross_profit": 12360355,
      "operating_income": 5674112,
      "net_income": 1334939,
      "opex": 40874320,
      "cogs": 34188077,
      "rd": null,
      "sga": null,
      "fcf": 8074737,
      "ocf": 8074737,
      "capex": null,
      "gross_margin": 0.26553751585015795,
      "op_margin": 0.12189695240432588,
      "fcf_margin": 0.17346958110210886,
      "incr_op_margin_yoy": 0.05037036067847394,
      "rev_growth_yoy": 0.07029352115827732,
      "rev_growth_yoy_accel": 0.050789313946134104,
      "op_leverage_ratio": 1.4915361800134053,
      "fcf_margin_change": 0.1043811753062109
    },
    {
      "date": "2024-06-30T00:00:00",
      "quarter_label": "2024-06 (Q2)",
      "revenue": 50694367,
      "gross_profit": 15697679,
      "operating_income": 9299783,
      "net_income": 4616081,
      "opex": 41394584,
      "cogs": 34996688,
      "rd": null,
      "sga": null,
      "fcf": 8585823,
      "ocf": 8585823,
      "capex": null,
      "gross_margin": 0.30965331907586496,
      "op_margin": 0.18344805449489093,
      "fcf_margin": 0.1693644384592079,
      "incr_op_margin_yoy": 0.6022420521933054,
      "rev_growth_yoy": 0.03421310241854861,
      "rev_growth_yoy_accel": -0.03608041873972871,
      "op_leverage_ratio": 6.9975207945073485,
      "fcf_margin_change": -0.004105142642900961
    },
    {
      "date": "2024-09-30T00:00:00",
      "quarter_label": "2024-09 (Q3)",
      "revenue": 40699981,
      "gross_profit": 8087048,
      "operating_income": 1754934,
      "net_income": -3609448,
      "opex": 38945047,
      "cogs": 32612933,
      "rd": null,
      "sga": null,
      "fcf": 4756768,
      "ocf": 4756768,
      "capex": null,
      "gross_margin": 0.19869906081774338,
      "op_margin": 0.04311879162793712,
      "fcf_margin": 0.1168739611942325,
      "incr_op_margin_yoy": 0.38658899077977477,
      "rev_growth_yoy": 0.038758682284738284,
      "rev_growth_yoy_accel": 0.0045455798661896765,
      "fcf_margin_change": -0.052490477264975396
    },
    {
      "date": "2024-12-31T00:00:00",
      "quarter_label": "2024-12 (Q4)",
      "revenue": 43951507,
      "gross_profit": 10667745,
      "operating_income": 3919033,
      "net_income": -1039202,
      "opex": 40032474,
      "cogs": 33283762,
      "rd": null,
      "sga": null,
      "fcf": 4471818,
      "ocf": 4471818,
      "capex": null,
      "gross_margin": 0.24271625088987278,
      "op_margin": 0.08916720420985792,
      "fcf_margin": 0.10174436112054133,
      "incr_op_margin_yoy": -0.015870384191830865,
      "rev_growth_yoy": 0.042787756549318906,
      "rev_growth_yoy_accel": 0.004029074264580622,
      "op_leverage_ratio": 2.861179764649195,
      "fcf_margin_change": -0.015129600073691171
    },
    {
      "date": "2025-03-31T00:00:00",
      "quarter_label": "2025-03 (Q1)",
      "revenue": 48312344,
      "gross_profit": 12920801,
      "operating_income": 6112724,
      "net_income": 4684841,
      "opex": 42199620,
      "cogs": 35391543,
      "rd": null,
      "sga": null,
      "fcf": 8188740,
      "ocf": 8188740,
      "capex": null,
      "gross_margin": 0.2674430576169105,
      "op_margin": 0.12652509677443927,
      "fcf_margin": 0.16949581249876844,
      "incr_op_margin_yoy": 0.24865866324397135,
      "rev_growth_yoy": 0.03789412283532988,
      "rev_growth_yoy_accel": -0.004893633713989029,
      "op_leverage_ratio": 1.8328222264190304,
      "fcf_margin_change": 0.0677514513782271
    },
    {
      "date": "2025-06-30T00:00:00",
      "quarter_label": "2025-06 (Q2)",
      "revenue": 48794143,
      "gross_profit": 13892353,
      "operating_income": 6574752,
      "net_income": 1577985,
      "opex": 42219391,
      "cogs": 34901790,
      "rd": null,
      "sga": null,
      "fcf": 1945443,
      "ocf": 1945443,
      "capex": null,
      "gross_margin": 0.28471353621273765,
      "op_margin": 0.13474469671493156,
      "fcf_margin": 0.03987042051338006,
      "incr_op_margin_yoy": 1.4340577742413525,
      "rev_growth_yoy": -0.03748392794804993,
      "rev_growth_yoy_accel": -0.07537805078337981,
      "fcf_margin_change": -0.1296253919853884
    },
    {
      "date": "2025-09-30T00:00:00",
      "quarter_label": "2025-09 (Q3)",
      "revenue": 38013122,
      "gross_profit": 6788509,
      "operating_income": 514758,
      "net_income": -5490223,
      "opex": 37498364,
      "cogs": 31224613,
      "rd": null,
      "sga": null,
      "fcf": -373916,
      "ocf": -373916,
      "capex": null,
      "gross_margin": 0.17858330604889544,
      "op_margin": 0.013541587034077337,
      "fcf_margin": -0.009836498038756195,
      "incr_op_margin_yoy": 0.4615709272425535,
      "rev_growth_yoy": -0.0660162224645756,
      "rev_growth_yoy_accel": -0.02853229451652567,
      "fcf_margin_change": -0.049706918552136256
    }
  ],
  "signals": [
    {
      "quarter": "2025-09 (Q3)",
      "signal": "INCREMENTAL MARGIN (YoY)",
      "detail": "YoY Incr OPM: +46.2% vs year-ago OPM: +4.3%",
      "severity": "HIGH"
    },
    {
      "quarter": "2025-06 (Q2)",
      "signal": "YoY REVENUE GROWTH DECELERATION",
      "detail": "YoY growth: -3.7% vs prior quarter YoY: +3.8% (decel: -7.5%)",
      "severity": "WARNING"
    },
    {
      "quarter": "2025-06 (Q2)",
      "signal": "INCREMENTAL MARGIN (YoY)",
      "detail": "YoY Incr OPM: +143.4% vs year-ago OPM: +18.3%",
      "severity": "HIGH"
    },
    {
      "quarter": "2025-03 (Q1)",
      "signal": "FCF MARGIN EXPANSION",
      "detail": "FCF margin: +10.2% -> +16.9% (+6.8%)",
      "severity": "MEDIUM"
    },
    {
      "quarter": "2025-03 (Q1)",
      "signal": "OPERATING LEVERAGE",
      "detail": "Rev growth +9.9% vs OpEx growth +5.4% (leverage: 1.8x)",
      "severity": "MEDIUM"
    },
    {
      "quarter": "2025-03 (Q1)",
      "signal": "INCREMENTAL MARGIN (YoY)",
      "detail": "YoY Incr OPM: +24.9% vs year-ago OPM: +12.2%",
      "severity": "MEDIUM"
    },
    {
      "quarter": "2024-12 (Q4)",
      "signal": "OPERATING LEVERAGE",
      "detail": "Rev growth +8.0% vs OpEx growth +2.8% (leverage: 2.9x)",
      "severity": "MEDIUM"
    },
    {
      "quarter": "2024-12 (Q4)",
      "signal": "GROSS MARGIN INFLECTION",
      "detail": "GM: +31.0% -> +19.9% -> +24.3% (reversal +4.4%)",
      "severity": "MEDIUM"
    },
    {
      "quarter": "2024-09 (Q3)",
      "signal": "INCREMENTAL MARGIN (YoY)",
      "detail": "YoY Incr OPM: +38.7% vs year-ago OPM: +3.0%",
      "severity": "HIGH"
    },
    {
      "quarter": "2024-06 (Q2)",
      "signal": "OPERATING LEVERAGE",
      "detail": "Rev growth +8.9% vs OpEx growth +1.3% (leverage: 7.0x)",
      "severity": "MEDIUM"
    },
    {
      "quarter": "2024-06 (Q2)",
      "signal": "INCREMENTAL MARGIN (YoY)",
      "detail": "YoY Incr OPM: +60.2% vs year-ago OPM: +16.9%",
      "severity": "HIGH"
    },
    {
      "quarter": "2024-03 (Q1)",
      "signal": "FCF MARGIN EXPANSION",
      "detail": "FCF margin: +6.9% -> +17.3% (+10.4%)",
      "severity": "MEDIUM"
    },
    {
      "quarter": "2024-03 (Q1)",
      "signal": "YoY REVENUE GROWTH ACCELERATION",
      "detail": "YoY growth: +7.0% vs prior quarter YoY: +2.0% (accel: +5.1%)",
      "severity": "MEDIUM"
    },
    {
      "quarter": "2023-12 (Q4)",
      "signal": "OPERATING LEVERAGE",
      "detail": "Rev growth +7.6% vs OpEx growth +0.5% (leverage: 15.4x)",
      "severity": "MEDIUM"
    },
    {
      "quarter": "2023-12 (Q4)",
      "signal": "GROSS MARGIN INFLECTION",
      "detail": "GM: +30.3% -> +19.3% -> +24.4% (reversal +5.1%)",
      "severity": "HIGH"
    },
    {
      "quarter": "2023-06 (Q2)",
      "signal": "OPERATING LEVERAGE",
      "detail": "Rev growth +12.7% vs OpEx growth +7.3% (leverage: 1.8x)",
      "severity": "MEDIUM"
    },
    {
      "quarter": "2023-06 (Q2)",
      "signal": "GROSS MARGIN INFLECTION",
      "detail": "GM: +28.8% -> +27.8% -> +30.3% (reversal +2.5%)",
      "severity": "MEDIUM"
    },
    {
      "quarter": "2023-06 (Q2)",
      "signal": "YoY REVENUE GROWTH DECELERATION",
      "detail": "YoY growth: +3.9% vs prior quarter YoY: +13.4% (decel: -9.5%)",
      "severity": "WARNING"
    },
    {
      "quarter": "2023-03 (Q1)",
      "signal": "FCF MARGIN EXPANSION",
      "detail": "FCF margin: +5.9% -> +22.9% (+17.0%)",
      "severity": "MEDIUM"
    },
    {
      "quarter": "2023-03 (Q1)",
      "signal": "INCREMENTAL MARGIN (YoY)",
      "detail": "YoY Incr OPM: +31.0% vs year-ago OPM: +10.2%",
      "severity": "HIGH"
    },
    {
      "quarter": "2022-12 (Q4)",
      "signal": "OPERATING LEVERAGE",
      "detail": "Rev growth +5.4% vs OpEx growth +0.8% (leverage: 7.0x)",
      "severity": "MEDIUM"
    },
    {
      "quarter": "2022-12 (Q4)",
      "signal": "GROSS MARGIN INFLECTION",
      "detail": "GM: +31.3% -> +25.0% -> +28.8% (reversal +3.7%)",
      "severity": "MEDIUM"
    },
    {
      "quarter": "2022-12 (Q4)",
      "signal": "YoY REVENUE GROWTH ACCELERATION",
      "detail": "YoY growth: +17.9% vs prior quarter YoY: +10.5% (accel: +7.4%)",
      "severity": "MEDIUM"
    },
    {
      "quarter": "2022-12 (Q4)",
      "signal": "OP MARGIN TURNED POSITIVE (YoY)",
      "detail": "Op margin: -33.9% (year-ago) -> +12.4%",
      "severity": "HIGH"
    },
    {
      "quarter": "2022-09 (Q3)",
      "signal": "FCF TURNED POSITIVE",
      "detail": "FCF margin: -12.7% -> +7.0%",
      "severity": "HIGH"
    },
    {
      "quarter": "2022-09 (Q3)",
      "signal": "YoY REVENUE GROWTH DECELERATION",
      "detail": "YoY growth: +10.5% vs prior quarter YoY: +37.2% (decel: -26.7%)",
      "severity": "WARNING"
    },
    {
      "quarter": "2022-06 (Q2)",
      "signal": "OPERATING LEVERAGE",
      "detail": "Rev growth +23.0% vs OpEx growth +13.2% (leverage: 1.7x)",
      "severity": "MEDIUM"
    },
    {
      "quarter": "2022-06 (Q2)",
      "signal": "YoY REVENUE GROWTH DECELERATION",
      "detail": "YoY growth: +37.2% vs prior quarter YoY: +69.4% (decel: -32.2%)",
      "severity": "WARNING"
    },
    {
      "quarter": "2022-06 (Q2)",
      "signal": "INCREMENTAL MARGIN (YoY)",
      "detail": "YoY Incr OPM: +39.5% vs year-ago OPM: +9.1%",
      "severity": "HIGH"
    },
    {
      "quarter": "2022-03 (Q1)",
      "signal": "FCF TURNED POSITIVE",
      "detail": "FCF margin: -4.9% -> +19.4%",
      "severity": "HIGH"
    },
    {
      "quarter": "2022-03 (Q1)",
      "signal": "GROSS MARGIN INFLECTION",
      "detail": "GM: +25.2% -> +23.1% -> +26.0% (reversal +2.9%)",
      "severity": "MEDIUM"
    },
    {
      "quarter": "2022-03 (Q1)",
      "signal": "YoY REVENUE GROWTH DECELERATION",
      "detail": "YoY growth: +69.4% vs prior quarter YoY: +140.5% (decel: -71.0%)",
      "severity": "WARNING"
    },
    {
      "quarter": "2022-03 (Q1)",
      "signal": "OP MARGIN TURNED POSITIVE (YoY)",
      "detail": "Op margin: -9.2% (year-ago) -> +10.2%",
      "severity": "HIGH"
    },
    {
      "quarter": "2022-03 (Q1)",
      "signal": "OP MARGIN TURNED POSITIVE (QoQ)",
      "detail": "Op margin: -33.9% -> +10.2%",
      "severity": "HIGH"
    },
    {
      "quarter": "2021-06 (Q2)",
      "signal": "FCF TURNED POSITIVE",
      "detail": "FCF margin: -3.5% -> +7.8%",
      "severity": "HIGH"
    },
    {
      "quarter": "2021-06 (Q2)",
      "signal": "OPERATING LEVERAGE",
      "detail": "Rev growth +51.9% vs OpEx growth +26.4% (leverage: 2.0x)",
      "severity": "MEDIUM"
    },
    {
      "quarter": "2021-06 (Q2)",
      "signal": "OP MARGIN TURNED POSITIVE (QoQ)",
      "detail": "Op margin: -9.2% -> +9.1%",
      "severity": "HIGH"
    },
    {
      "quarter": "2021-03 (Q1)",
      "signal": "FCF MARGIN EXPANSION",
      "detail": "FCF margin: -38.3% -> -3.5% (+34.8%)",
      "severity": "MEDIUM"
    },
    {
      "quarter": "2021-03 (Q1)",
      "signal": "OPERATING LEVERAGE",
      "detail": "Rev growth +55.2% vs OpEx growth +4.3% (leverage: 12.8x)",
      "severity": "MEDIUM"
    }
  ],
  "data_quality": {
    "n_quarters": 20,
    "coverage": {
      "revenue": [
        20,
        20
      ],
      "gross_profit": [
        20,
        20
      ],
      "op_income": [
        20,
        20
      ],
      "fcf": [
        20,
        20
      ]
    },
    "gaps": [],
    "warnings": []
  },
  "market_cap": null,
  "source": "SEC EDGAR",
  "last_updated": "2026-02-02T23:24:16.044552"
}