{
  "ticker": "SON",
  "name": "SONOCO PRODUCTS COMPANY",
  "quarters": [
    {
      "date": "2020-12-31T00:00:00",
      "quarter_label": "2020-12 (Q4)",
      "revenue": 1512579000,
      "gross_profit": 274756000,
      "operating_income": 17230000,
      "net_income": -11642000,
      "opex": 257526000,
      "cogs": 1101592000,
      "rd": null,
      "sga": 157063000,
      "fcf": 138660000,
      "ocf": 216120000,
      "capex": -77460000,
      "gross_margin": 0.1816473718066957,
      "op_margin": 0.011391140561914452,
      "fcf_margin": 0.09167124493993371
    },
    {
      "date": "2021-04-04T00:00:00",
      "quarter_label": "2021-04 (Q2)",
      "revenue": 1353304000,
      "gross_profit": 277901000,
      "operating_income": 120309000,
      "net_income": 72297000,
      "opex": 157592000,
      "cogs": 1075403000,
      "rd": null,
      "sga": 145230000,
      "fcf": 99166000,
      "ocf": 138715000,
      "capex": -39549000,
      "gross_margin": 0.20535001743880163,
      "op_margin": 0.08890020276301555,
      "fcf_margin": 0.07327695772716256,
      "fcf_margin_change": -0.018394287212771157
    },
    {
      "date": "2021-07-04T00:00:00",
      "quarter_label": "2021-07 (Q3)",
      "revenue": 1382754000,
      "gross_profit": 262653000,
      "operating_income": 135291000,
      "net_income": -334070000,
      "opex": 127362000,
      "cogs": 1120101000,
      "rd": null,
      "sga": 128807000,
      "fcf": -97172000,
      "ocf": -36762000,
      "capex": -60410000,
      "gross_margin": 0.1899491883588838,
      "op_margin": 0.09784169852338159,
      "fcf_margin": -0.07027424979425119,
      "op_leverage_ratio": Infinity,
      "fcf_margin_change": -0.14355120752141376
    },
    {
      "date": "2021-10-03T00:00:00",
      "quarter_label": "2021-10 (Q4)",
      "revenue": 1415193000,
      "gross_profit": 257731000,
      "operating_income": 126512000,
      "net_income": 111140000,
      "opex": 131219000,
      "cogs": 1157462000,
      "rd": null,
      "sga": 130580000,
      "fcf": 61492000,
      "ocf": 118125000,
      "capex": -56633000,
      "gross_margin": 0.1821172094548235,
      "op_margin": 0.08939558067344879,
      "fcf_margin": 0.04345131724082864,
      "op_leverage_ratio": 0.7746629149011811,
      "fcf_margin_change": 0.11372556703507983
    },
    {
      "date": "2021-12-31T00:00:00",
      "quarter_label": "2021-12 (Q4)",
      "revenue": 1569187000,
      "gross_profit": 263625000,
      "operating_income": 104741000,
      "net_income": 65157000,
      "opex": 158884000,
      "cogs": 1175562000,
      "rd": null,
      "sga": 153563000,
      "fcf": -20833000,
      "ocf": 78594000,
      "capex": -99427000,
      "gross_margin": 0.16800100943992016,
      "op_margin": 0.06674857744806706,
      "fcf_margin": -0.013276301677237957,
      "incr_op_margin_yoy": 1.5459122385528548,
      "rev_growth_yoy": 0.03742482210846508,
      "op_leverage_ratio": 0.5161241461253937,
      "fcf_margin_change": -0.056727618918066595
    },
    {
      "date": "2022-04-03T00:00:00",
      "quarter_label": "2022-04 (Q2)",
      "revenue": 1770982000,
      "gross_profit": 371565000,
      "operating_income": 169061000,
      "net_income": 115333000,
      "opex": 202504000,
      "cogs": 1399417000,
      "rd": null,
      "sga": 190362000,
      "fcf": -66447000,
      "ocf": 1060000,
      "capex": -67507000,
      "gross_margin": 0.2098073272342689,
      "op_margin": 0.09546172688372892,
      "fcf_margin": -0.037519861861950034,
      "incr_op_margin_yoy": 0.11672149359075652,
      "rev_growth_yoy": 0.3086357536813606,
      "rev_growth_yoy_accel": 0.2712109315728955,
      "op_leverage_ratio": 0.4684143629939477,
      "fcf_margin_change": -0.024243560184712076
    },
    {
      "date": "2022-07-03T00:00:00",
      "quarter_label": "2022-07 (Q3)",
      "revenue": 1913332000,
      "gross_profit": 387001000,
      "operating_income": 197476000,
      "net_income": 131672000,
      "opex": 189525000,
      "cogs": 1526331000,
      "rd": null,
      "sga": 178962000,
      "fcf": 101995000,
      "ocf": 183405000,
      "capex": -81410000,
      "gross_margin": 0.20226547196200137,
      "op_margin": 0.1032105248853832,
      "fcf_margin": 0.05330752843730205,
      "incr_op_margin_yoy": 0.1172023717530693,
      "rev_growth_yoy": 0.38371105778757464,
      "rev_growth_yoy_accel": 0.07507530410621405,
      "op_leverage_ratio": Infinity,
      "fcf_margin_change": 0.09082739029925208
    },
    {
      "date": "2022-10-02T00:00:00",
      "quarter_label": "2022-10 (Q4)",
      "revenue": 1890216000,
      "gross_profit": 367146000,
      "operating_income": 181942000,
      "net_income": 122229000,
      "opex": 185204000,
      "cogs": 1523070000,
      "rd": null,
      "sga": 164552000,
      "fcf": 49735000,
      "ocf": 137590000,
      "capex": -87855000,
      "gross_margin": 0.19423494457776255,
      "op_margin": 0.09625460793898687,
      "fcf_margin": 0.026311807751071836,
      "incr_op_margin_yoy": 0.11668908663369984,
      "rev_growth_yoy": 0.3356595178184177,
      "rev_growth_yoy_accel": -0.04805153996915695,
      "fcf_margin_change": -0.026995720686230212
    },
    {
      "date": "2022-12-31T00:00:00",
      "quarter_label": "2022-12 (Q4)",
      "revenue": 1827274000,
      "gross_profit": 313937000,
      "operating_income": 126916000,
      "net_income": 97203000,
      "opex": 187021000,
      "cogs": 1362085000,
      "rd": null,
      "sga": 173468000,
      "fcf": 94997000,
      "ocf": 186994000,
      "capex": -91997000,
      "gross_margin": 0.17180619874195113,
      "op_margin": 0.0694564690352952,
      "fcf_margin": 0.05198837174939281,
      "incr_op_margin_yoy": 0.0859206391643128,
      "rev_growth_yoy": 0.1644717933554127,
      "rev_growth_yoy_accel": -0.17118772446300498,
      "fcf_margin_change": 0.025676563998320974
    },
    {
      "date": "2023-04-02T00:00:00",
      "quarter_label": "2023-04 (Q2)",
      "revenue": 1386972000,
      "gross_profit": 374428000,
      "operating_income": 229648000,
      "net_income": 148319000,
      "opex": 144780000,
      "cogs": 1355355000,
      "rd": null,
      "sga": 187976000,
      "fcf": 14601000,
      "ocf": 98002000,
      "capex": -83401000,
      "gross_margin": 0.2699607490273776,
      "op_margin": 0.16557508010255434,
      "fcf_margin": 0.010527249288377848,
      "incr_op_margin_yoy": -0.15777453712142914,
      "rev_growth_yoy": -0.2168345019881625,
      "rev_growth_yoy_accel": -0.3813062953435752,
      "fcf_margin_change": -0.041461122461014965
    },
    {
      "date": "2023-07-02T00:00:00",
      "quarter_label": "2023-07 (Q3)",
      "revenue": 1337589000,
      "gross_profit": 357318000,
      "operating_income": 187859000,
      "net_income": 114649000,
      "opex": 169459000,
      "cogs": 1347972000,
      "rd": null,
      "sga": 170773000,
      "fcf": 172292000,
      "ocf": 250581000,
      "capex": -78289000,
      "gross_margin": 0.2671358690898325,
      "op_margin": 0.14044598153842472,
      "fcf_margin": 0.1288078774571262,
      "incr_op_margin_yoy": 0.016703633391982185,
      "rev_growth_yoy": -0.3009111853039619,
      "rev_growth_yoy_accel": -0.08407668331579937,
      "fcf_margin_change": 0.11828062816874836
    },
    {
      "date": "2023-10-01T00:00:00",
      "quarter_label": "2023-10 (Q4)",
      "revenue": 1381130000,
      "gross_profit": 364256000,
      "operating_income": 162937000,
      "net_income": 130749000,
      "opex": 201319000,
      "cogs": 1346163000,
      "rd": null,
      "sga": 182672000,
      "fcf": 175110000,
      "ocf": 268294000,
      "capex": -93184000,
      "gross_margin": 0.26373766408665367,
      "op_margin": 0.11797368821182655,
      "fcf_margin": 0.12678748560960953,
      "incr_op_margin_yoy": 0.03733160998338198,
      "rev_growth_yoy": -0.26932689174147295,
      "rev_growth_yoy_accel": 0.03158429356248893,
      "op_leverage_ratio": 0.17313886986427643,
      "fcf_margin_change": -0.0020203918475166782
    },
    {
      "date": "2023-12-31T00:00:00",
      "quarter_label": "2023-12 (Q4)",
      "revenue": 1335735000,
      "gross_profit": 287979000,
      "operating_income": 135346000,
      "net_income": 81242000,
      "opex": 152633000,
      "cogs": 1296148000,
      "rd": null,
      "sga": 200439000,
      "fcf": 157838000,
      "ocf": 266041000,
      "capex": -108203000,
      "gross_margin": 0.21559590787094746,
      "op_margin": 0.1013269847686854,
      "fcf_margin": 0.11816565411552442,
      "incr_op_margin_yoy": -0.01715021595438002,
      "rev_growth_yoy": -0.26900125542201114,
      "rev_growth_yoy_accel": 0.0003256363194618084,
      "fcf_margin_change": -0.008621831494085117
    },
    {
      "date": "2024-03-31T00:00:00",
      "quarter_label": "2024-03 (Q1)",
      "revenue": 1308636000,
      "gross_profit": 337553000,
      "operating_income": 112453000,
      "net_income": 65177000,
      "opex": 225100000,
      "cogs": 1299990000,
      "rd": null,
      "sga": 193482000,
      "fcf": 79777000,
      "ocf": 166235000,
      "capex": -86458000,
      "gross_margin": 0.25794262117196837,
      "op_margin": 0.08593145840401761,
      "fcf_margin": 0.06096194816587653,
      "incr_op_margin_yoy": 1.4960554534313726,
      "rev_growth_yoy": -0.056479871259116986,
      "rev_growth_yoy_accel": 0.21252138416289415,
      "fcf_margin_change": -0.05720370594964789
    },
    {
      "date": "2024-06-30T00:00:00",
      "quarter_label": "2024-06 (Q2)",
      "revenue": 1278801000,
      "gross_profit": 357354000,
      "operating_income": 140372000,
      "net_income": 90811000,
      "opex": 216982000,
      "cogs": 1266125000,
      "rd": null,
      "sga": 202210000,
      "fcf": 16018000,
      "ocf": 109254000,
      "capex": -93236000,
      "gross_margin": 0.27944457347155655,
      "op_margin": 0.1097684471626156,
      "fcf_margin": 0.012525795647641814,
      "incr_op_margin_yoy": 0.8077668912022862,
      "rev_growth_yoy": -0.04395072028851912,
      "rev_growth_yoy_accel": 0.012529150970597869,
      "fcf_margin_change": -0.048436152518234715
    },
    {
      "date": "2024-09-29T00:00:00",
      "quarter_label": "2024-09 (Q3)",
      "revenue": 1354652000,
      "gross_profit": 358737000,
      "operating_income": 128132000,
      "net_income": 50921000,
      "opex": 230605000,
      "cogs": 1317129000,
      "rd": null,
      "sga": 190645000,
      "fcf": 70511000,
      "ocf": 162149000,
      "capex": -91638000,
      "gross_margin": 0.2648185659490408,
      "op_margin": 0.09458665398936406,
      "fcf_margin": 0.05205100645774708,
      "incr_op_margin_yoy": 1.31448749905582,
      "rev_growth_yoy": -0.019171258317464683,
      "rev_growth_yoy_accel": 0.024779461971054434,
      "op_leverage_ratio": 0.9447334549408706,
      "fcf_margin_change": 0.039525210810105266
    },
    {
      "date": "2024-12-31T00:00:00",
      "quarter_label": "2024-12 (Q4)",
      "revenue": 1363276000,
      "gross_profit": 282973000,
      "operating_income": -54379000,
      "net_income": -42960000,
      "opex": 337352000,
      "cogs": 282888000,
      "rd": null,
      "sga": 137496000,
      "fcf": 274304000,
      "ocf": 396207000,
      "capex": -121903000,
      "gross_margin": 0.20756838673900221,
      "op_margin": -0.03988847452753514,
      "fcf_margin": 0.2012094396145755,
      "incr_op_margin_yoy": -6.8888203042736285,
      "rev_growth_yoy": 0.02061861072742722,
      "rev_growth_yoy_accel": 0.0397898690448919,
      "fcf_margin_change": 0.14915843315682842
    },
    {
      "date": "2025-03-30T00:00:00",
      "quarter_label": "2025-03 (Q1)",
      "revenue": 1709228000,
      "gross_profit": 353687000,
      "operating_income": 126860000,
      "net_income": 54429000,
      "opex": 226827000,
      "cogs": 1355541000,
      "rd": null,
      "sga": 209063000,
      "fcf": -300751000,
      "ocf": -208094000,
      "capex": -92657000,
      "gross_margin": 0.20692792301553684,
      "op_margin": 0.07422064230167069,
      "fcf_margin": -0.17595721577226678,
      "incr_op_margin_yoy": 0.03596427287614331,
      "rev_growth_yoy": 0.3061141524457527,
      "rev_growth_yoy_accel": 0.2854955417183255,
      "op_leverage_ratio": Infinity,
      "fcf_margin_change": -0.37716665538684224
    },
    {
      "date": "2025-06-29T00:00:00",
      "quarter_label": "2025-06 (Q2)",
      "revenue": 1910441000,
      "gross_profit": 406277000,
      "operating_income": 175667000,
      "net_income": 493423000,
      "opex": 230610000,
      "cogs": 1504164000,
      "rd": null,
      "sga": 218775000,
      "fcf": 98615000,
      "ocf": 193441000,
      "capex": -94826000,
      "gross_margin": 0.21266136980937908,
      "op_margin": 0.09195102073290931,
      "fcf_margin": 0.051618971745267195,
      "incr_op_margin_yoy": 0.05587834842631879,
      "rev_growth_yoy": 0.49393142482684954,
      "rev_growth_yoy_accel": 0.18781727238109686,
      "op_leverage_ratio": 7.058532930023566,
      "fcf_margin_change": 0.22757618751753397
    },
    {
      "date": "2025-09-28T00:00:00",
      "quarter_label": "2025-09 (Q3)",
      "revenue": 2131108000,
      "gross_profit": 467351000,
      "operating_income": 194966000,
      "net_income": 122918000,
      "opex": 272385000,
      "cogs": 1663757000,
      "rd": null,
      "sga": 220966000,
      "fcf": 225621000,
      "ocf": 291549000,
      "capex": -65928000,
      "gross_margin": 0.21929953808066038,
      "op_margin": 0.09148574356625755,
      "fcf_margin": 0.10587027968549693,
      "incr_op_margin_yoy": 0.08607570808906106,
      "rev_growth_yoy": 0.5731774655040557,
      "rev_growth_yoy_accel": 0.07924604067720614,
      "op_leverage_ratio": 0.6376251490043653,
      "fcf_margin_change": 0.05425130794022974
    }
  ],
  "signals": [
    {
      "quarter": "2025-09 (Q3)",
      "signal": "FCF MARGIN EXPANSION",
      "detail": "FCF margin: +5.2% -> +10.6% (+5.4%)",
      "severity": "MEDIUM"
    },
    {
      "quarter": "2025-09 (Q3)",
      "signal": "YoY REVENUE GROWTH ACCELERATION",
      "detail": "YoY growth: +57.3% vs prior quarter YoY: +49.4% (accel: +7.9%)",
      "severity": "MEDIUM"
    },
    {
      "quarter": "2025-06 (Q2)",
      "signal": "FCF TURNED POSITIVE",
      "detail": "FCF margin: -17.6% -> +5.2%",
      "severity": "HIGH"
    },
    {
      "quarter": "2025-06 (Q2)",
      "signal": "OPERATING LEVERAGE",
      "detail": "Rev growth +11.8% vs OpEx growth +1.7% (leverage: 7.1x)",
      "severity": "MEDIUM"
    },
    {
      "quarter": "2025-06 (Q2)",
      "signal": "YoY REVENUE GROWTH ACCELERATION",
      "detail": "YoY growth: +49.4% vs prior quarter YoY: +30.6% (accel: +18.8%)",
      "severity": "HIGH"
    },
    {
      "quarter": "2025-03 (Q1)",
      "signal": "YoY REVENUE GROWTH ACCELERATION",
      "detail": "YoY growth: +30.6% vs prior quarter YoY: +2.1% (accel: +28.5%)",
      "severity": "HIGH"
    },
    {
      "quarter": "2025-03 (Q1)",
      "signal": "OP MARGIN TURNED POSITIVE (QoQ)",
      "detail": "Op margin: -4.0% -> +7.4%",
      "severity": "HIGH"
    },
    {
      "quarter": "2024-12 (Q4)",
      "signal": "FCF MARGIN EXPANSION",
      "detail": "FCF margin: +5.2% -> +20.1% (+14.9%)",
      "severity": "MEDIUM"
    },
    {
      "quarter": "2024-09 (Q3)",
      "signal": "INCREMENTAL MARGIN (YoY)",
      "detail": "YoY Incr OPM: +131.4% vs year-ago OPM: +11.8%",
      "severity": "HIGH"
    },
    {
      "quarter": "2024-06 (Q2)",
      "signal": "INCREMENTAL MARGIN (YoY)",
      "detail": "YoY Incr OPM: +80.8% vs year-ago OPM: +14.0%",
      "severity": "HIGH"
    },
    {
      "quarter": "2024-03 (Q1)",
      "signal": "GROSS MARGIN INFLECTION",
      "detail": "GM: +26.4% -> +21.6% -> +25.8% (reversal +4.2%)",
      "severity": "MEDIUM"
    },
    {
      "quarter": "2024-03 (Q1)",
      "signal": "YoY REVENUE GROWTH ACCELERATION",
      "detail": "YoY growth: -5.6% vs prior quarter YoY: -26.9% (accel: +21.3%)",
      "severity": "HIGH"
    },
    {
      "quarter": "2024-03 (Q1)",
      "signal": "INCREMENTAL MARGIN (YoY)",
      "detail": "YoY Incr OPM: +149.6% vs year-ago OPM: +16.6%",
      "severity": "HIGH"
    },
    {
      "quarter": "2023-07 (Q3)",
      "signal": "FCF MARGIN EXPANSION",
      "detail": "FCF margin: +1.1% -> +12.9% (+11.8%)",
      "severity": "MEDIUM"
    },
    {
      "quarter": "2023-07 (Q3)",
      "signal": "YoY REVENUE GROWTH DECELERATION",
      "detail": "YoY growth: -30.1% vs prior quarter YoY: -21.7% (decel: -8.4%)",
      "severity": "WARNING"
    },
    {
      "quarter": "2023-04 (Q2)",
      "signal": "GROSS MARGIN INFLECTION",
      "detail": "GM: +19.4% -> +17.2% -> +27.0% (reversal +9.8%)",
      "severity": "HIGH"
    },
    {
      "quarter": "2023-04 (Q2)",
      "signal": "YoY REVENUE GROWTH DECELERATION",
      "detail": "YoY growth: -21.7% vs prior quarter YoY: +16.4% (decel: -38.1%)",
      "severity": "WARNING"
    },
    {
      "quarter": "2022-12 (Q4)",
      "signal": "YoY REVENUE GROWTH DECELERATION",
      "detail": "YoY growth: +16.4% vs prior quarter YoY: +33.6% (decel: -17.1%)",
      "severity": "WARNING"
    },
    {
      "quarter": "2022-07 (Q3)",
      "signal": "FCF TURNED POSITIVE",
      "detail": "FCF margin: -3.8% -> +5.3%",
      "severity": "HIGH"
    },
    {
      "quarter": "2022-07 (Q3)",
      "signal": "YoY REVENUE GROWTH ACCELERATION",
      "detail": "YoY growth: +38.4% vs prior quarter YoY: +30.9% (accel: +7.5%)",
      "severity": "MEDIUM"
    },
    {
      "quarter": "2022-04 (Q2)",
      "signal": "GROSS MARGIN INFLECTION",
      "detail": "GM: +18.2% -> +16.8% -> +21.0% (reversal +4.2%)",
      "severity": "MEDIUM"
    },
    {
      "quarter": "2022-04 (Q2)",
      "signal": "YoY REVENUE GROWTH ACCELERATION",
      "detail": "YoY growth: +30.9% vs prior quarter YoY: +3.7% (accel: +27.1%)",
      "severity": "HIGH"
    },
    {
      "quarter": "2021-12 (Q4)",
      "signal": "INCREMENTAL MARGIN (YoY)",
      "detail": "YoY Incr OPM: +154.6% vs year-ago OPM: +1.1%",
      "severity": "HIGH"
    },
    {
      "quarter": "2021-10 (Q4)",
      "signal": "FCF TURNED POSITIVE",
      "detail": "FCF margin: -7.0% -> +4.3%",
      "severity": "HIGH"
    }
  ],
  "data_quality": {
    "n_quarters": 20,
    "coverage": {
      "revenue": [
        20,
        20
      ],
      "gross_profit": [
        20,
        20
      ],
      "op_income": [
        20,
        20
      ],
      "fcf": [
        20,
        20
      ]
    },
    "gaps": [],
    "warnings": []
  },
  "market_cap": null,
  "source": "SEC EDGAR",
  "last_updated": "2026-02-02T21:06:49.048387"
}