{
  "ticker": "SONDQ",
  "name": "SONDER HOLDINGS INC.",
  "quarters": [
    {
      "date": "2021-03-31T00:00:00",
      "quarter_label": "2021-03 (Q1)",
      "revenue": 31558000,
      "gross_profit": -7647000,
      "operating_income": 2968316,
      "net_income": 2975344,
      "opex": 102607000,
      "cogs": 39205000,
      "rd": 3319000,
      "sga": null,
      "fcf": -41983000,
      "ocf": -40308000,
      "capex": -1675000,
      "gross_margin": -0.2423157361049496,
      "op_margin": 0.09405906584701185,
      "fcf_margin": -1.3303441282717536
    },
    {
      "date": "2021-06-30T00:00:00",
      "quarter_label": "2021-06 (Q2)",
      "revenue": 47269000,
      "gross_profit": 3524000,
      "operating_income": -2225234,
      "net_income": -2214014,
      "opex": 112203000,
      "cogs": 43745000,
      "rd": 4066000,
      "sga": null,
      "fcf": -58746000,
      "ocf": -55945000,
      "capex": -2801000,
      "gross_margin": 0.07455203198713745,
      "op_margin": -0.047075969451437515,
      "fcf_margin": -1.2428018362986313,
      "op_leverage_ratio": 5.323302028743677,
      "fcf_margin_change": 0.08754229197312235
    },
    {
      "date": "2021-09-30T00:00:00",
      "quarter_label": "2021-09 (Q3)",
      "revenue": 67454000,
      "gross_profit": 15052000,
      "operating_income": -5895007,
      "net_income": -5883663,
      "opex": 122855000,
      "cogs": 52402000,
      "rd": 5443000,
      "sga": null,
      "fcf": -43250000,
      "ocf": -39690000,
      "capex": -3560000,
      "gross_margin": 0.22314466154712842,
      "op_margin": -0.08739299374388472,
      "fcf_margin": -0.6411776914638124,
      "op_leverage_ratio": 4.4980642049121045,
      "fcf_margin_change": 0.6016241448348189
    },
    {
      "date": "2021-12-31T00:00:00",
      "quarter_label": "2021-12 (Q4)",
      "revenue": 86663000,
      "gross_profit": 20570000,
      "operating_income": -254793074,
      "net_income": -289264667,
      "opex": 155224000,
      "cogs": 66093000,
      "rd": 6263000,
      "sga": null,
      "fcf": -51573000,
      "ocf": -44006000,
      "capex": -7567000,
      "gross_margin": 0.23735619583905473,
      "op_margin": -2.9400444711122393,
      "fcf_margin": -0.5950982541569066,
      "op_leverage_ratio": 1.0808379918454534,
      "fcf_margin_change": 0.04607943730690578
    },
    {
      "date": "2022-03-31T00:00:00",
      "quarter_label": "2022-03 (Q1)",
      "revenue": 80466000,
      "gross_profit": 6570000,
      "operating_income": -95764000,
      "net_income": 22392000,
      "opex": 176230000,
      "cogs": 73896000,
      "rd": 7625000,
      "sga": null,
      "fcf": -61232000,
      "ocf": -50509000,
      "capex": -10723000,
      "gross_margin": 0.08164939228991126,
      "op_margin": -1.1901175651828102,
      "fcf_margin": -0.7609673650983024,
      "incr_op_margin_yoy": -2.0187355033941277,
      "rev_growth_yoy": 1.5497813549654604,
      "fcf_margin_change": -0.16586911094139578
    },
    {
      "date": "2022-06-30T00:00:00",
      "quarter_label": "2022-06 (Q2)",
      "revenue": 121322000,
      "gross_profit": 42135000,
      "operating_income": -67680000,
      "net_income": -43775000,
      "opex": 189002000,
      "cogs": 79187000,
      "rd": 8088000,
      "sga": null,
      "fcf": -46528000,
      "ocf": -40528000,
      "capex": -6000000,
      "gross_margin": 0.34729892352582387,
      "op_margin": -0.5578543050724518,
      "fcf_margin": -0.38350834968101416,
      "incr_op_margin_yoy": -0.8838908079348574,
      "rev_growth_yoy": 1.5666292919249403,
      "rev_growth_yoy_accel": 0.016847936959479837,
      "op_leverage_ratio": 7.005906924765806,
      "fcf_margin_change": 0.37745901541728827
    },
    {
      "date": "2022-09-30T00:00:00",
      "quarter_label": "2022-09 (Q3)",
      "revenue": 124526000,
      "gross_profit": 47642000,
      "operating_income": -61268000,
      "net_income": -74499000,
      "opex": 185794000,
      "cogs": 76884000,
      "rd": 6936000,
      "sga": null,
      "fcf": -39911000,
      "ocf": -32044000,
      "capex": -7867000,
      "gross_margin": 0.38258676902815475,
      "op_margin": -0.49200970078537815,
      "fcf_margin": -0.3205033486982638,
      "incr_op_margin_yoy": -0.9702304632744604,
      "rev_growth_yoy": 0.8460877042132416,
      "rev_growth_yoy_accel": -0.7205415877116986,
      "op_leverage_ratio": Infinity,
      "fcf_margin_change": 0.06300500098275036
    },
    {
      "date": "2022-12-31T00:00:00",
      "quarter_label": "2022-12 (Q4)",
      "revenue": 134769000,
      "gross_profit": 44720000,
      "operating_income": -61900000,
      "net_income": -69860000,
      "opex": 196669000,
      "cogs": 90049000,
      "rd": 6247000,
      "sga": null,
      "fcf": -29214000,
      "ocf": -26907000,
      "capex": -2307000,
      "gross_margin": 0.33182705221527203,
      "op_margin": -0.45930443944824106,
      "fcf_margin": -0.21677091912828617,
      "incr_op_margin_yoy": 4.009750841890824,
      "rev_growth_yoy": 0.5550927154610388,
      "rev_growth_yoy_accel": -0.29099498875220287,
      "op_leverage_ratio": 1.4053016427719198,
      "fcf_margin_change": 0.10373242956997764
    },
    {
      "date": "2023-03-31T00:00:00",
      "quarter_label": "2023-03 (Q1)",
      "revenue": 120738000,
      "gross_profit": 28705000,
      "operating_income": -84743000,
      "net_income": -86431000,
      "opex": 205481000,
      "cogs": 92033000,
      "rd": 6580000,
      "sga": null,
      "fcf": -41640000,
      "ocf": -35343000,
      "capex": -6297000,
      "gross_margin": 0.23774619423876492,
      "op_margin": -0.7018751345889447,
      "fcf_margin": -0.34487899418575757,
      "incr_op_margin_yoy": 0.2736640842272547,
      "rev_growth_yoy": 0.5004846767578853,
      "rev_growth_yoy_accel": -0.05460803870315345,
      "fcf_margin_change": -0.1281080750574714
    },
    {
      "date": "2023-06-30T00:00:00",
      "quarter_label": "2023-06 (Q2)",
      "revenue": 157403000,
      "gross_profit": 64159000,
      "operating_income": -42012000,
      "net_income": -45327000,
      "opex": 199415000,
      "cogs": 93244000,
      "rd": 5563000,
      "sga": null,
      "fcf": -26570000,
      "ocf": -24206000,
      "capex": -2364000,
      "gross_margin": 0.4076097660146249,
      "op_margin": -0.2669072381085494,
      "fcf_margin": -0.16880237352528224,
      "incr_op_margin_yoy": 0.7113993514592167,
      "rev_growth_yoy": 0.29739865811641747,
      "rev_growth_yoy_accel": -0.20308601864146786,
      "op_leverage_ratio": Infinity,
      "fcf_margin_change": 0.17607662066047533
    },
    {
      "date": "2023-09-30T00:00:00",
      "quarter_label": "2023-09 (Q3)",
      "revenue": 160896000,
      "gross_profit": 50185000,
      "operating_income": -56930000,
      "net_income": -64276000,
      "opex": 217826000,
      "cogs": 110711000,
      "rd": 5344000,
      "sga": null,
      "fcf": -15646000,
      "ocf": -12988000,
      "capex": -2658000,
      "gross_margin": 0.31190955648369134,
      "op_margin": -0.353831046141607,
      "fcf_margin": -0.09724293953858393,
      "incr_op_margin_yoy": 0.11927412702777014,
      "rev_growth_yoy": 0.2920675200359764,
      "rev_growth_yoy_accel": -0.005331138080441056,
      "op_leverage_ratio": 0.24036211953251657,
      "fcf_margin_change": 0.07155943398669831
    },
    {
      "date": "2023-12-31T00:00:00",
      "quarter_label": "2023-12 (Q4)",
      "revenue": 163029000,
      "gross_profit": 66119000,
      "operating_income": -94357000,
      "net_income": -99634000,
      "opex": 257386000,
      "cogs": 96910000,
      "rd": 4878000,
      "sga": null,
      "fcf": -37685000,
      "ocf": -38367000,
      "capex": 682000,
      "gross_margin": 0.4055658809168921,
      "op_margin": -0.5787743284937036,
      "fcf_margin": -0.23115519324782707,
      "incr_op_margin_yoy": -1.1485138004246285,
      "rev_growth_yoy": 0.20969213988380117,
      "rev_growth_yoy_accel": -0.08237538015217524,
      "op_leverage_ratio": 0.07299599649696784,
      "fcf_margin_change": -0.13391225370924315
    },
    {
      "date": "2024-03-31T00:00:00",
      "quarter_label": "2024-03 (Q1)",
      "revenue": 133479000,
      "gross_profit": 33116000,
      "operating_income": -67661000,
      "net_income": -50487000,
      "opex": 201140000,
      "cogs": 100363000,
      "rd": 4671000,
      "sga": null,
      "fcf": -40915000,
      "ocf": -40309000,
      "capex": -606000,
      "gross_margin": 0.24809895189505465,
      "op_margin": -0.5069037076993385,
      "fcf_margin": -0.30652761857670496,
      "incr_op_margin_yoy": 1.3407110901813044,
      "rev_growth_yoy": 0.10552601500770263,
      "rev_growth_yoy_accel": -0.10416612487609854,
      "fcf_margin_change": -0.07537242532887789
    },
    {
      "date": "2024-06-30T00:00:00",
      "quarter_label": "2024-06 (Q2)",
      "revenue": 164601000,
      "gross_profit": 69949000,
      "operating_income": -31699000,
      "net_income": 32747000,
      "opex": 196300000,
      "cogs": 94652000,
      "rd": 4393000,
      "sga": null,
      "fcf": -34264000,
      "ocf": -32778000,
      "capex": -1486000,
      "gross_margin": 0.4249609662152721,
      "op_margin": -0.19258084701794034,
      "fcf_margin": -0.2081639844229379,
      "incr_op_margin_yoy": 1.4327590997499304,
      "rev_growth_yoy": 0.04572975102126389,
      "rev_growth_yoy_accel": -0.05979626398643874,
      "op_leverage_ratio": Infinity,
      "fcf_margin_change": 0.09836363415376706
    },
    {
      "date": "2024-09-30T00:00:00",
      "quarter_label": "2024-09 (Q3)",
      "revenue": 162114000,
      "gross_profit": 69123000,
      "operating_income": -33923000,
      "net_income": -179391000,
      "opex": 196037000,
      "cogs": 92991000,
      "rd": 4427000,
      "sga": null,
      "fcf": -17140000,
      "ocf": -17364000,
      "capex": 224000,
      "gross_margin": 0.4263851363855065,
      "op_margin": -0.2092539817659178,
      "fcf_margin": -0.1057280679028338,
      "incr_op_margin_yoy": 18.889162561576356,
      "rev_growth_yoy": 0.007570107398568019,
      "rev_growth_yoy_accel": -0.038159643622695874,
      "fcf_margin_change": 0.1024359165201041
    },
    {
      "date": "2024-12-31T00:00:00",
      "quarter_label": "2024-12 (Q4)",
      "revenue": 161078000,
      "gross_profit": 71841000,
      "operating_income": -49334000,
      "net_income": -26956000,
      "opex": 210412000,
      "cogs": 89237000,
      "rd": 3031000,
      "sga": null,
      "fcf": -40010000,
      "ocf": -38771000,
      "capex": -1239000,
      "gross_margin": 0.4460013161325569,
      "op_margin": -0.30627397906604253,
      "fcf_margin": -0.2483889792522877,
      "incr_op_margin_yoy": -23.076883649410558,
      "rev_growth_yoy": -0.01196719602033994,
      "rev_growth_yoy_accel": -0.01953730341890796,
      "fcf_margin_change": -0.1426609113494539
    },
    {
      "date": "2025-03-31T00:00:00",
      "quarter_label": "2025-03 (Q1)",
      "revenue": 118856000,
      "gross_profit": 22007000,
      "operating_income": -63641000,
      "net_income": -56495000,
      "opex": 182497000,
      "cogs": 96849000,
      "rd": 3938000,
      "sga": null,
      "fcf": -5572000,
      "ocf": -4353000,
      "capex": -1219000,
      "gross_margin": 0.1851568284310426,
      "op_margin": -0.5354462542909066,
      "fcf_margin": -0.046880258464023696,
      "incr_op_margin_yoy": -0.27490938931819736,
      "rev_growth_yoy": -0.10955281355119532,
      "rev_growth_yoy_accel": -0.09758561753085539,
      "fcf_margin_change": 0.201508720788264
    },
    {
      "date": "2025-06-30T00:00:00",
      "quarter_label": "2025-06 (Q2)",
      "revenue": 147085000,
      "gross_profit": 66110000,
      "operating_income": -6880000,
      "net_income": -44523000,
      "opex": 153965000,
      "cogs": 80975000,
      "rd": 3863000,
      "sga": null,
      "fcf": -21052000,
      "ocf": -19618000,
      "capex": -1434000,
      "gross_margin": 0.44946799469694393,
      "op_margin": -0.04677567393004045,
      "fcf_margin": -0.14312812319407145,
      "incr_op_margin_yoy": -1.4169330897465175,
      "rev_growth_yoy": -0.10641490634929314,
      "rev_growth_yoy_accel": 0.0031379072019021848,
      "op_leverage_ratio": Infinity,
      "fcf_margin_change": -0.09624786473004776
    }
  ],
  "signals": [
    {
      "quarter": "2025-06 (Q2)",
      "signal": "GROSS MARGIN INFLECTION",
      "detail": "GM: +44.6% -> +18.5% -> +44.9% (reversal +26.4%)",
      "severity": "HIGH"
    },
    {
      "quarter": "2025-03 (Q1)",
      "signal": "FCF MARGIN EXPANSION",
      "detail": "FCF margin: -24.8% -> -4.7% (+20.2%)",
      "severity": "MEDIUM"
    },
    {
      "quarter": "2025-03 (Q1)",
      "signal": "YoY REVENUE GROWTH DECELERATION",
      "detail": "YoY growth: -11.0% vs prior quarter YoY: -1.2% (decel: -9.8%)",
      "severity": "WARNING"
    },
    {
      "quarter": "2024-09 (Q3)",
      "signal": "FCF MARGIN EXPANSION",
      "detail": "FCF margin: -20.8% -> -10.6% (+10.2%)",
      "severity": "MEDIUM"
    },
    {
      "quarter": "2024-06 (Q2)",
      "signal": "FCF MARGIN EXPANSION",
      "detail": "FCF margin: -30.7% -> -20.8% (+9.8%)",
      "severity": "MEDIUM"
    },
    {
      "quarter": "2024-06 (Q2)",
      "signal": "GROSS MARGIN INFLECTION",
      "detail": "GM: +40.6% -> +24.8% -> +42.5% (reversal +17.7%)",
      "severity": "HIGH"
    },
    {
      "quarter": "2024-06 (Q2)",
      "signal": "YoY REVENUE GROWTH DECELERATION",
      "detail": "YoY growth: +4.6% vs prior quarter YoY: +10.6% (decel: -6.0%)",
      "severity": "WARNING"
    },
    {
      "quarter": "2024-03 (Q1)",
      "signal": "YoY REVENUE GROWTH DECELERATION",
      "detail": "YoY growth: +10.6% vs prior quarter YoY: +21.0% (decel: -10.4%)",
      "severity": "WARNING"
    },
    {
      "quarter": "2023-12 (Q4)",
      "signal": "GROSS MARGIN INFLECTION",
      "detail": "GM: +40.8% -> +31.2% -> +40.6% (reversal +9.4%)",
      "severity": "HIGH"
    },
    {
      "quarter": "2023-12 (Q4)",
      "signal": "YoY REVENUE GROWTH DECELERATION",
      "detail": "YoY growth: +21.0% vs prior quarter YoY: +29.2% (decel: -8.2%)",
      "severity": "WARNING"
    },
    {
      "quarter": "2023-09 (Q3)",
      "signal": "FCF MARGIN EXPANSION",
      "detail": "FCF margin: -16.9% -> -9.7% (+7.2%)",
      "severity": "MEDIUM"
    },
    {
      "quarter": "2023-06 (Q2)",
      "signal": "FCF MARGIN EXPANSION",
      "detail": "FCF margin: -34.5% -> -16.9% (+17.6%)",
      "severity": "MEDIUM"
    },
    {
      "quarter": "2023-06 (Q2)",
      "signal": "GROSS MARGIN INFLECTION",
      "detail": "GM: +33.2% -> +23.8% -> +40.8% (reversal +17.0%)",
      "severity": "HIGH"
    },
    {
      "quarter": "2023-06 (Q2)",
      "signal": "YoY REVENUE GROWTH DECELERATION",
      "detail": "YoY growth: +29.7% vs prior quarter YoY: +50.0% (decel: -20.3%)",
      "severity": "WARNING"
    },
    {
      "quarter": "2023-03 (Q1)",
      "signal": "YoY REVENUE GROWTH DECELERATION",
      "detail": "YoY growth: +50.0% vs prior quarter YoY: +55.5% (decel: -5.5%)",
      "severity": "WARNING"
    },
    {
      "quarter": "2022-12 (Q4)",
      "signal": "FCF MARGIN EXPANSION",
      "detail": "FCF margin: -32.1% -> -21.7% (+10.4%)",
      "severity": "MEDIUM"
    },
    {
      "quarter": "2022-12 (Q4)",
      "signal": "YoY REVENUE GROWTH DECELERATION",
      "detail": "YoY growth: +55.5% vs prior quarter YoY: +84.6% (decel: -29.1%)",
      "severity": "WARNING"
    },
    {
      "quarter": "2022-09 (Q3)",
      "signal": "FCF MARGIN EXPANSION",
      "detail": "FCF margin: -38.4% -> -32.1% (+6.3%)",
      "severity": "MEDIUM"
    },
    {
      "quarter": "2022-09 (Q3)",
      "signal": "YoY REVENUE GROWTH DECELERATION",
      "detail": "YoY growth: +84.6% vs prior quarter YoY: +156.7% (decel: -72.1%)",
      "severity": "WARNING"
    },
    {
      "quarter": "2022-06 (Q2)",
      "signal": "FCF MARGIN EXPANSION",
      "detail": "FCF margin: -76.1% -> -38.4% (+37.7%)",
      "severity": "MEDIUM"
    },
    {
      "quarter": "2022-06 (Q2)",
      "signal": "OPERATING LEVERAGE",
      "detail": "Rev growth +50.8% vs OpEx growth +7.2% (leverage: 7.0x)",
      "severity": "MEDIUM"
    },
    {
      "quarter": "2022-06 (Q2)",
      "signal": "GROSS MARGIN INFLECTION",
      "detail": "GM: +23.7% -> +8.2% -> +34.7% (reversal +26.6%)",
      "severity": "HIGH"
    },
    {
      "quarter": "2021-09 (Q3)",
      "signal": "FCF MARGIN EXPANSION",
      "detail": "FCF margin: -124.3% -> -64.1% (+60.2%)",
      "severity": "MEDIUM"
    },
    {
      "quarter": "2021-09 (Q3)",
      "signal": "OPERATING LEVERAGE",
      "detail": "Rev growth +42.7% vs OpEx growth +9.5% (leverage: 4.5x)",
      "severity": "MEDIUM"
    },
    {
      "quarter": "2021-06 (Q2)",
      "signal": "FCF MARGIN EXPANSION",
      "detail": "FCF margin: -133.0% -> -124.3% (+8.8%)",
      "severity": "MEDIUM"
    },
    {
      "quarter": "2021-06 (Q2)",
      "signal": "OPERATING LEVERAGE",
      "detail": "Rev growth +49.8% vs OpEx growth +9.4% (leverage: 5.3x)",
      "severity": "MEDIUM"
    }
  ],
  "data_quality": {
    "n_quarters": 18,
    "coverage": {
      "revenue": [
        18,
        18
      ],
      "gross_profit": [
        18,
        18
      ],
      "op_income": [
        18,
        18
      ],
      "fcf": [
        18,
        18
      ]
    },
    "gaps": [],
    "warnings": []
  },
  "market_cap": null,
  "source": "SEC EDGAR",
  "last_updated": "2026-02-03T00:37:37.443312"
}