{
  "ticker": "SONM",
  "name": "DNA X, Inc.",
  "quarters": [
    {
      "date": "2020-12-31T00:00:00",
      "quarter_label": "2020-12 (Q4)",
      "revenue": 15835000,
      "gross_profit": 3729000,
      "operating_income": -7460000,
      "net_income": -6408000,
      "opex": 11189000,
      "cogs": 12106000,
      "rd": 5637000,
      "sga": null,
      "fcf": -9658000,
      "ocf": -9850000,
      "capex": 192000,
      "gross_margin": 0.2354910009472687,
      "op_margin": -0.4711083043890117,
      "fcf_margin": -0.6099147458162298
    },
    {
      "date": "2021-03-31T00:00:00",
      "quarter_label": "2021-03 (Q1)",
      "revenue": 12240000,
      "gross_profit": 2463000,
      "operating_income": -9050000,
      "net_income": -9280000,
      "opex": 11513000,
      "cogs": 9777000,
      "rd": 4664000,
      "sga": null,
      "fcf": -8197000,
      "ocf": -8197000,
      "capex": null,
      "gross_margin": 0.20122549019607844,
      "op_margin": -0.7393790849673203,
      "fcf_margin": -0.6696895424836601,
      "fcf_margin_change": -0.05977479666743024
    },
    {
      "date": "2021-06-30T00:00:00",
      "quarter_label": "2021-06 (Q2)",
      "revenue": 11954000,
      "gross_profit": 2654000,
      "operating_income": -6486000,
      "net_income": -6686000,
      "opex": 9140000,
      "cogs": 9300000,
      "rd": 3670000,
      "sga": null,
      "fcf": -7017000,
      "ocf": -7017000,
      "capex": null,
      "gross_margin": 0.2220177346494897,
      "op_margin": -0.5425798895767108,
      "fcf_margin": -0.5870001673080141,
      "fcf_margin_change": 0.08268937517564601
    },
    {
      "date": "2021-09-30T00:00:00",
      "quarter_label": "2021-09 (Q3)",
      "revenue": 14445000,
      "gross_profit": 1784000,
      "operating_income": -10723000,
      "net_income": -10939000,
      "opex": 12507000,
      "cogs": 12661000,
      "rd": 5492000,
      "sga": null,
      "fcf": -5698000,
      "ocf": -5698000,
      "capex": null,
      "gross_margin": 0.12350294219453098,
      "op_margin": -0.7423329871928003,
      "fcf_margin": -0.39446175147109724,
      "op_leverage_ratio": 0.5656705322089294,
      "fcf_margin_change": 0.19253841583691683
    },
    {
      "date": "2021-12-31T00:00:00",
      "quarter_label": "2021-12 (Q4)",
      "revenue": 15931000,
      "gross_profit": -487000,
      "operating_income": -11742000,
      "net_income": -11722000,
      "opex": 11255000,
      "cogs": 16418000,
      "rd": 3870000,
      "sga": null,
      "fcf": -17590000,
      "ocf": -17564000,
      "capex": -26000,
      "gross_margin": -0.030569330236645535,
      "op_margin": -0.7370535434059381,
      "fcf_margin": -1.104136589040236,
      "rev_growth_yoy": 0.006062519734764762,
      "op_leverage_ratio": Infinity,
      "fcf_margin_change": -0.7096748375691386
    },
    {
      "date": "2022-03-31T00:00:00",
      "quarter_label": "2022-03 (Q1)",
      "revenue": 13258000,
      "gross_profit": 1528000,
      "operating_income": -7082000,
      "net_income": -7212000,
      "opex": 8610000,
      "cogs": 11730000,
      "rd": 4168000,
      "sga": null,
      "fcf": -612000,
      "ocf": -609000,
      "capex": -3000,
      "gross_margin": 0.11525116910544576,
      "op_margin": -0.5341680494795595,
      "fcf_margin": -0.046160808568411524,
      "incr_op_margin_yoy": 1.9332023575638506,
      "rev_growth_yoy": 0.08316993464052287,
      "rev_growth_yoy_accel": 0.0771074149057581,
      "fcf_margin_change": 1.0579757804718244
    },
    {
      "date": "2022-06-30T00:00:00",
      "quarter_label": "2022-06 (Q2)",
      "revenue": 11955000,
      "gross_profit": 2847000,
      "operating_income": -4220000,
      "net_income": -4225000,
      "opex": 7067000,
      "cogs": 9108000,
      "rd": 2721000,
      "sga": null,
      "fcf": 762000,
      "ocf": 765000,
      "capex": -3000,
      "gross_margin": 0.23814303638644918,
      "op_margin": -0.35299038059389376,
      "fcf_margin": 0.06373902132998745,
      "rev_growth_yoy": 8.365400702693659e-05,
      "rev_growth_yoy_accel": -0.08308628063349593,
      "fcf_margin_change": 0.10989982989839897
    },
    {
      "date": "2022-09-30T00:00:00",
      "quarter_label": "2022-09 (Q3)",
      "revenue": 20497000,
      "gross_profit": 3316000,
      "operating_income": -1929000,
      "net_income": -1608000,
      "opex": 5245000,
      "cogs": 17181000,
      "rd": -135000,
      "sga": null,
      "fcf": -10293000,
      "ocf": -10293000,
      "capex": null,
      "gross_margin": 0.16177977264965604,
      "op_margin": -0.09411133336585842,
      "fcf_margin": -0.5021710494218666,
      "incr_op_margin_yoy": 1.4530733641771316,
      "rev_growth_yoy": 0.4189685012114919,
      "rev_growth_yoy_accel": 0.41888484720446495,
      "op_leverage_ratio": Infinity,
      "fcf_margin_change": -0.5659100707518541
    },
    {
      "date": "2022-12-31T00:00:00",
      "quarter_label": "2022-12 (Q4)",
      "revenue": 24118000,
      "gross_profit": 3932000,
      "operating_income": -1059000,
      "net_income": -1042000,
      "opex": 4991000,
      "cogs": 20186000,
      "rd": 1219000,
      "sga": null,
      "fcf": -2225000,
      "ocf": -2223000,
      "capex": -2000,
      "gross_margin": 0.1630317605108218,
      "op_margin": -0.04390911352516792,
      "fcf_margin": -0.09225474749150013,
      "incr_op_margin_yoy": 1.3048735800659583,
      "rev_growth_yoy": 0.5139037097482895,
      "rev_growth_yoy_accel": 0.0949352085367976,
      "op_leverage_ratio": Infinity,
      "fcf_margin_change": 0.4099163019303665
    },
    {
      "date": "2023-03-31T00:00:00",
      "quarter_label": "2023-03 (Q1)",
      "revenue": 25801000,
      "gross_profit": 4175000,
      "operating_income": 333000,
      "net_income": 227000,
      "opex": 3842000,
      "cogs": 21626000,
      "rd": 105000,
      "sga": null,
      "fcf": -4217000,
      "ocf": -4217000,
      "capex": null,
      "gross_margin": 0.16181543351032907,
      "op_margin": 0.01290647649315918,
      "fcf_margin": -0.16344327739234912,
      "incr_op_margin_yoy": 0.5911663876265646,
      "rev_growth_yoy": 0.9460702971790617,
      "rev_growth_yoy_accel": 0.4321665874307722,
      "op_leverage_ratio": Infinity,
      "fcf_margin_change": -0.07118852990084899
    },
    {
      "date": "2023-06-30T00:00:00",
      "quarter_label": "2023-06 (Q2)",
      "revenue": 26835000,
      "gross_profit": 4426000,
      "operating_income": 747000,
      "net_income": 509000,
      "opex": 3679000,
      "cogs": 22409000,
      "rd": null,
      "sga": null,
      "fcf": 820000,
      "ocf": 820000,
      "capex": null,
      "gross_margin": 0.1649338550400596,
      "op_margin": 0.027836780324203465,
      "fcf_margin": 0.030557108254145704,
      "incr_op_margin_yoy": 0.3338037634408602,
      "rev_growth_yoy": 1.2446675031367629,
      "rev_growth_yoy_accel": 0.29859720595770123,
      "op_leverage_ratio": Infinity,
      "fcf_margin_change": 0.19400038564649483
    },
    {
      "date": "2023-09-30T00:00:00",
      "quarter_label": "2023-09 (Q3)",
      "revenue": 27566000,
      "gross_profit": 5603000,
      "operating_income": 688000,
      "net_income": 527000,
      "opex": 4915000,
      "cogs": 21963000,
      "rd": 741000,
      "sga": null,
      "fcf": -305000,
      "ocf": -304000,
      "capex": -1000,
      "gross_margin": 0.20325763621853007,
      "op_margin": 0.024958281941522165,
      "fcf_margin": -0.011064354639773634,
      "incr_op_margin_yoy": 0.37020795020512093,
      "rev_growth_yoy": 0.3448797384983168,
      "rev_growth_yoy_accel": -0.899787764638446,
      "op_leverage_ratio": 0.08108249321787286,
      "fcf_margin_change": -0.04162146289391934
    },
    {
      "date": "2023-12-31T00:00:00",
      "quarter_label": "2023-12 (Q4)",
      "revenue": 13430000,
      "gross_profit": 5120000,
      "operating_income": -1255000,
      "net_income": -1353000,
      "opex": 6375000,
      "cogs": 8310000,
      "rd": 926000,
      "sga": null,
      "fcf": -363000,
      "ocf": -351000,
      "capex": -12000,
      "gross_margin": 0.3812360387192852,
      "op_margin": -0.09344750558451229,
      "fcf_margin": -0.02702903946388682,
      "incr_op_margin_yoy": 0.018338323353293412,
      "rev_growth_yoy": -0.4431544904220914,
      "rev_growth_yoy_accel": -0.7880342289204082,
      "fcf_margin_change": -0.015964684824113187
    },
    {
      "date": "2024-03-31T00:00:00",
      "quarter_label": "2024-03 (Q1)",
      "revenue": 16776000,
      "gross_profit": 2902000,
      "operating_income": -2689000,
      "net_income": -2906000,
      "opex": 5591000,
      "cogs": 13874000,
      "rd": 456000,
      "sga": null,
      "fcf": -198000,
      "ocf": -168000,
      "capex": -30000,
      "gross_margin": 0.1729852169766333,
      "op_margin": -0.16028850739151168,
      "fcf_margin": -0.011802575107296138,
      "incr_op_margin_yoy": 0.3348476454293629,
      "rev_growth_yoy": -0.3497926436959808,
      "rev_growth_yoy_accel": 0.09336184672611059,
      "op_leverage_ratio": Infinity,
      "fcf_margin_change": 0.015226464356590681
    },
    {
      "date": "2024-06-30T00:00:00",
      "quarter_label": "2024-06 (Q2)",
      "revenue": 11516000,
      "gross_profit": 2969000,
      "operating_income": -6470000,
      "net_income": -6616000,
      "opex": 9439000,
      "cogs": 8547000,
      "rd": 557000,
      "sga": null,
      "fcf": -3431000,
      "ocf": -3392000,
      "capex": -39000,
      "gross_margin": 0.2578152136158388,
      "op_margin": -0.5618270232719694,
      "fcf_margin": -0.29793331017714486,
      "incr_op_margin_yoy": 0.4711143025001632,
      "rev_growth_yoy": -0.5708589528600708,
      "rev_growth_yoy_accel": -0.22106630916409004,
      "fcf_margin_change": -0.2861307350698487
    },
    {
      "date": "2024-09-30T00:00:00",
      "quarter_label": "2024-09 (Q3)",
      "revenue": 15022000,
      "gross_profit": 4232000,
      "operating_income": -2376000,
      "net_income": -2512000,
      "opex": 6608000,
      "cogs": 10790000,
      "rd": 715000,
      "sga": null,
      "fcf": -554000,
      "ocf": -417000,
      "capex": -137000,
      "gross_margin": 0.2817201437891093,
      "op_margin": -0.15816802023698576,
      "fcf_margin": -0.0368792437757955,
      "incr_op_margin_yoy": 0.24426020408163265,
      "rev_growth_yoy": -0.45505332656170644,
      "rev_growth_yoy_accel": 0.11580562629836438,
      "op_leverage_ratio": Infinity,
      "fcf_margin_change": 0.26105406640134937
    },
    {
      "date": "2024-12-31T00:00:00",
      "quarter_label": "2024-12 (Q4)",
      "revenue": 14984000,
      "gross_profit": -183000,
      "operating_income": -22104000,
      "net_income": -21614000,
      "opex": 21921000,
      "cogs": 15167000,
      "rd": 12507000,
      "sga": null,
      "fcf": -4517000,
      "ocf": -4509000,
      "capex": -8000,
      "gross_margin": -0.012213027229044314,
      "op_margin": -1.4751735184196477,
      "fcf_margin": -0.30145488521089164,
      "incr_op_margin_yoy": -13.416344916344917,
      "rev_growth_yoy": 0.11571109456440805,
      "rev_growth_yoy_accel": 0.5707644211261145,
      "fcf_margin_change": -0.26457564143509615
    },
    {
      "date": "2025-03-31T00:00:00",
      "quarter_label": "2025-03 (Q1)",
      "revenue": 16721000,
      "gross_profit": 8356000,
      "operating_income": 645000,
      "net_income": 458000,
      "opex": 7711000,
      "cogs": 8365000,
      "rd": 1633000,
      "sga": null,
      "fcf": -9606000,
      "ocf": -9606000,
      "capex": null,
      "gross_margin": 0.49973087733987204,
      "op_margin": 0.038574247951677534,
      "fcf_margin": -0.5744871718198672,
      "rev_growth_yoy": -0.003278493085360038,
      "rev_growth_yoy_accel": -0.11898958764976808,
      "op_leverage_ratio": Infinity,
      "fcf_margin_change": -0.27303228660897555
    },
    {
      "date": "2025-06-30T00:00:00",
      "quarter_label": "2025-06 (Q2)",
      "revenue": 11190000,
      "gross_profit": 845000,
      "operating_income": -6732000,
      "net_income": -7475000,
      "opex": 7577000,
      "cogs": 10345000,
      "rd": 909000,
      "sga": null,
      "fcf": -4882000,
      "ocf": -4882000,
      "capex": null,
      "gross_margin": 0.07551385165326184,
      "op_margin": -0.6016085790884719,
      "fcf_margin": -0.43628239499553173,
      "rev_growth_yoy": -0.028308440430705104,
      "rev_growth_yoy_accel": -0.025029947345345065,
      "fcf_margin_change": 0.13820477682433546
    },
    {
      "date": "2025-09-30T00:00:00",
      "quarter_label": "2025-09 (Q3)",
      "revenue": 16214000,
      "gross_profit": 1816000,
      "operating_income": -3980000,
      "net_income": -4753000,
      "opex": 5796000,
      "cogs": 14398000,
      "rd": 181000,
      "sga": null,
      "fcf": -7034000,
      "ocf": -7034000,
      "capex": null,
      "gross_margin": 0.11200197360305908,
      "op_margin": -0.24546688047366474,
      "fcf_margin": -0.43382262242506475,
      "incr_op_margin_yoy": -1.3456375838926173,
      "rev_growth_yoy": 0.07935028624683797,
      "rev_growth_yoy_accel": 0.10765872667754307,
      "op_leverage_ratio": Infinity,
      "fcf_margin_change": 0.002459772570466978
    }
  ],
  "signals": [
    {
      "quarter": "2025-09 (Q3)",
      "signal": "GROSS MARGIN INFLECTION",
      "detail": "GM: +50.0% -> +7.6% -> +11.2% (reversal +3.6%)",
      "severity": "MEDIUM"
    },
    {
      "quarter": "2025-09 (Q3)",
      "signal": "YoY REVENUE GROWTH ACCELERATION",
      "detail": "YoY growth: +7.9% vs prior quarter YoY: -2.8% (accel: +10.8%)",
      "severity": "MEDIUM"
    },
    {
      "quarter": "2025-06 (Q2)",
      "signal": "FCF MARGIN EXPANSION",
      "detail": "FCF margin: -57.4% -> -43.6% (+13.8%)",
      "severity": "MEDIUM"
    },
    {
      "quarter": "2025-03 (Q1)",
      "signal": "GROSS MARGIN INFLECTION",
      "detail": "GM: +28.2% -> -1.2% -> +50.0% (reversal +51.2%)",
      "severity": "HIGH"
    },
    {
      "quarter": "2025-03 (Q1)",
      "signal": "YoY REVENUE GROWTH DECELERATION",
      "detail": "YoY growth: -0.3% vs prior quarter YoY: +11.6% (decel: -11.9%)",
      "severity": "WARNING"
    },
    {
      "quarter": "2025-03 (Q1)",
      "signal": "OP MARGIN TURNED POSITIVE (YoY)",
      "detail": "Op margin: -16.0% (year-ago) -> +3.9%",
      "severity": "HIGH"
    },
    {
      "quarter": "2025-03 (Q1)",
      "signal": "OP MARGIN TURNED POSITIVE (QoQ)",
      "detail": "Op margin: -147.5% -> +3.9%",
      "severity": "HIGH"
    },
    {
      "quarter": "2024-12 (Q4)",
      "signal": "YoY REVENUE GROWTH ACCELERATION",
      "detail": "YoY growth: +11.6% vs prior quarter YoY: -45.5% (accel: +57.1%)",
      "severity": "HIGH"
    },
    {
      "quarter": "2024-09 (Q3)",
      "signal": "FCF MARGIN EXPANSION",
      "detail": "FCF margin: -29.8% -> -3.7% (+26.1%)",
      "severity": "MEDIUM"
    },
    {
      "quarter": "2024-09 (Q3)",
      "signal": "YoY REVENUE GROWTH ACCELERATION",
      "detail": "YoY growth: -45.5% vs prior quarter YoY: -57.1% (accel: +11.6%)",
      "severity": "MEDIUM"
    },
    {
      "quarter": "2024-06 (Q2)",
      "signal": "GROSS MARGIN INFLECTION",
      "detail": "GM: +38.1% -> +17.3% -> +25.8% (reversal +8.5%)",
      "severity": "HIGH"
    },
    {
      "quarter": "2024-06 (Q2)",
      "signal": "YoY REVENUE GROWTH DECELERATION",
      "detail": "YoY growth: -57.1% vs prior quarter YoY: -35.0% (decel: -22.1%)",
      "severity": "WARNING"
    },
    {
      "quarter": "2024-03 (Q1)",
      "signal": "YoY REVENUE GROWTH ACCELERATION",
      "detail": "YoY growth: -35.0% vs prior quarter YoY: -44.3% (accel: +9.3%)",
      "severity": "MEDIUM"
    },
    {
      "quarter": "2023-12 (Q4)",
      "signal": "YoY REVENUE GROWTH DECELERATION",
      "detail": "YoY growth: -44.3% vs prior quarter YoY: +34.5% (decel: -78.8%)",
      "severity": "WARNING"
    },
    {
      "quarter": "2023-09 (Q3)",
      "signal": "YoY REVENUE GROWTH DECELERATION",
      "detail": "YoY growth: +34.5% vs prior quarter YoY: +124.5% (decel: -90.0%)",
      "severity": "WARNING"
    },
    {
      "quarter": "2023-09 (Q3)",
      "signal": "OP MARGIN TURNED POSITIVE (YoY)",
      "detail": "Op margin: -9.4% (year-ago) -> +2.5%",
      "severity": "HIGH"
    },
    {
      "quarter": "2023-06 (Q2)",
      "signal": "FCF TURNED POSITIVE",
      "detail": "FCF margin: -16.3% -> +3.1%",
      "severity": "HIGH"
    },
    {
      "quarter": "2023-06 (Q2)",
      "signal": "YoY REVENUE GROWTH ACCELERATION",
      "detail": "YoY growth: +124.5% vs prior quarter YoY: +94.6% (accel: +29.9%)",
      "severity": "HIGH"
    },
    {
      "quarter": "2023-06 (Q2)",
      "signal": "OP MARGIN TURNED POSITIVE (YoY)",
      "detail": "Op margin: -35.3% (year-ago) -> +2.8%",
      "severity": "HIGH"
    },
    {
      "quarter": "2023-03 (Q1)",
      "signal": "YoY REVENUE GROWTH ACCELERATION",
      "detail": "YoY growth: +94.6% vs prior quarter YoY: +51.4% (accel: +43.2%)",
      "severity": "HIGH"
    },
    {
      "quarter": "2023-03 (Q1)",
      "signal": "OP MARGIN TURNED POSITIVE (YoY)",
      "detail": "Op margin: -53.4% (year-ago) -> +1.3%",
      "severity": "HIGH"
    },
    {
      "quarter": "2023-03 (Q1)",
      "signal": "OP MARGIN TURNED POSITIVE (QoQ)",
      "detail": "Op margin: -4.4% -> +1.3%",
      "severity": "HIGH"
    },
    {
      "quarter": "2022-12 (Q4)",
      "signal": "FCF MARGIN EXPANSION",
      "detail": "FCF margin: -50.2% -> -9.2% (+41.0%)",
      "severity": "MEDIUM"
    },
    {
      "quarter": "2022-12 (Q4)",
      "signal": "YoY REVENUE GROWTH ACCELERATION",
      "detail": "YoY growth: +51.4% vs prior quarter YoY: +41.9% (accel: +9.5%)",
      "severity": "MEDIUM"
    },
    {
      "quarter": "2022-09 (Q3)",
      "signal": "YoY REVENUE GROWTH ACCELERATION",
      "detail": "YoY growth: +41.9% vs prior quarter YoY: +0.0% (accel: +41.9%)",
      "severity": "HIGH"
    },
    {
      "quarter": "2022-06 (Q2)",
      "signal": "FCF TURNED POSITIVE",
      "detail": "FCF margin: -4.6% -> +6.4%",
      "severity": "HIGH"
    },
    {
      "quarter": "2022-06 (Q2)",
      "signal": "YoY REVENUE GROWTH DECELERATION",
      "detail": "YoY growth: +0.0% vs prior quarter YoY: +8.3% (decel: -8.3%)",
      "severity": "WARNING"
    },
    {
      "quarter": "2022-03 (Q1)",
      "signal": "FCF MARGIN EXPANSION",
      "detail": "FCF margin: -110.4% -> -4.6% (+105.8%)",
      "severity": "MEDIUM"
    },
    {
      "quarter": "2022-03 (Q1)",
      "signal": "GROSS MARGIN INFLECTION",
      "detail": "GM: +12.4% -> -3.1% -> +11.5% (reversal +14.6%)",
      "severity": "HIGH"
    },
    {
      "quarter": "2022-03 (Q1)",
      "signal": "YoY REVENUE GROWTH ACCELERATION",
      "detail": "YoY growth: +8.3% vs prior quarter YoY: +0.6% (accel: +7.7%)",
      "severity": "MEDIUM"
    },
    {
      "quarter": "2021-09 (Q3)",
      "signal": "FCF MARGIN EXPANSION",
      "detail": "FCF margin: -58.7% -> -39.4% (+19.3%)",
      "severity": "MEDIUM"
    },
    {
      "quarter": "2021-06 (Q2)",
      "signal": "FCF MARGIN EXPANSION",
      "detail": "FCF margin: -67.0% -> -58.7% (+8.3%)",
      "severity": "MEDIUM"
    },
    {
      "quarter": "2021-06 (Q2)",
      "signal": "GROSS MARGIN INFLECTION",
      "detail": "GM: +23.5% -> +20.1% -> +22.2% (reversal +2.1%)",
      "severity": "MEDIUM"
    }
  ],
  "data_quality": {
    "n_quarters": 20,
    "coverage": {
      "revenue": [
        20,
        20
      ],
      "gross_profit": [
        20,
        20
      ],
      "op_income": [
        20,
        20
      ],
      "fcf": [
        20,
        20
      ]
    },
    "gaps": [],
    "warnings": []
  },
  "market_cap": null,
  "source": "SEC EDGAR",
  "last_updated": "2026-02-03T00:12:18.104131"
}