{
  "ticker": "SONX",
  "name": "Sonendo, Inc.",
  "quarters": [
    {
      "date": "2020-09-30T00:00:00",
      "quarter_label": "2020-09 (Q3)",
      "revenue": 6132000,
      "gross_profit": 1201000,
      "operating_income": -9551000,
      "net_income": -10593000,
      "opex": 10752000,
      "cogs": 4931000,
      "rd": 4920000,
      "sga": 5802000,
      "fcf": null,
      "ocf": null,
      "capex": null,
      "gross_margin": 0.19585779517286367,
      "op_margin": -1.557566862361383,
      "fcf_margin": null
    },
    {
      "date": "2020-12-31T00:00:00",
      "quarter_label": "2020-12 (Q4)",
      "revenue": 8671000,
      "gross_profit": 1755000,
      "operating_income": -11432000,
      "net_income": -12527000,
      "opex": 13187000,
      "cogs": 6916000,
      "rd": 5910000,
      "sga": 7272000,
      "fcf": -7764000,
      "ocf": -7672000,
      "capex": -92000,
      "gross_margin": 0.20239880059970014,
      "op_margin": -1.3184177142198132,
      "fcf_margin": -0.8953984546188444,
      "op_leverage_ratio": 1.8283142527636356
    },
    {
      "date": "2021-03-31T00:00:00",
      "quarter_label": "2021-03 (Q1)",
      "revenue": 7427000,
      "gross_profit": 1742000,
      "operating_income": -9842000,
      "net_income": -10906000,
      "opex": 11584000,
      "cogs": 5685000,
      "rd": 5046000,
      "sga": 6524000,
      "fcf": -13141000,
      "ocf": -13067000,
      "capex": -74000,
      "gross_margin": 0.23454961626497914,
      "op_margin": -1.3251649387370406,
      "fcf_margin": -1.7693550558772049,
      "fcf_margin_change": -0.8739566012583605
    },
    {
      "date": "2021-06-30T00:00:00",
      "quarter_label": "2021-06 (Q2)",
      "revenue": 7992000,
      "gross_profit": 2093000,
      "operating_income": -9898000,
      "net_income": -11149000,
      "opex": 11991000,
      "cogs": 5899000,
      "rd": 4631000,
      "sga": 7381000,
      "fcf": -10954000,
      "ocf": -10798000,
      "capex": -156000,
      "gross_margin": 0.2618868868868869,
      "op_margin": -1.2384884884884886,
      "fcf_margin": -1.3706206206206206,
      "op_leverage_ratio": 2.1652057090322874,
      "fcf_margin_change": 0.39873443525658425
    },
    {
      "date": "2021-09-30T00:00:00",
      "quarter_label": "2021-09 (Q3)",
      "revenue": 7887000,
      "gross_profit": 2049000,
      "operating_income": -11098000,
      "net_income": -12733000,
      "opex": 13147000,
      "cogs": 5838000,
      "rd": 4633000,
      "sga": 8495000,
      "fcf": -10270000,
      "ocf": -10015000,
      "capex": -255000,
      "gross_margin": 0.2597945987067326,
      "op_margin": -1.407125649803474,
      "fcf_margin": -1.302142766577913,
      "incr_op_margin_yoy": -0.8814814814814815,
      "rev_growth_yoy": 0.2862035225048924,
      "fcf_margin_change": 0.06847785404270756
    },
    {
      "date": "2021-12-31T00:00:00",
      "quarter_label": "2021-12 (Q4)",
      "revenue": 9891000,
      "gross_profit": 2452000,
      "operating_income": -13568000,
      "net_income": -13711000,
      "opex": 16020000,
      "cogs": 7439000,
      "rd": 4258000,
      "sga": 11513000,
      "fcf": -14878000,
      "ocf": -14725000,
      "capex": -153000,
      "gross_margin": 0.24790213325245172,
      "op_margin": -1.3717520978667475,
      "fcf_margin": -1.5041957334950966,
      "incr_op_margin_yoy": -1.7508196721311475,
      "rev_growth_yoy": 0.14069888132856648,
      "rev_growth_yoy_accel": -0.14550464117632592,
      "op_leverage_ratio": 1.1627247399980698,
      "fcf_margin_change": -0.20205296691718355
    },
    {
      "date": "2022-03-31T00:00:00",
      "quarter_label": "2022-03 (Q1)",
      "revenue": 9033000,
      "gross_profit": 2279000,
      "operating_income": -14556000,
      "net_income": -15522000,
      "opex": 16835000,
      "cogs": 6754000,
      "rd": 4850000,
      "sga": 11985000,
      "fcf": -18101000,
      "ocf": -18045000,
      "capex": -56000,
      "gross_margin": 0.2522971327355253,
      "op_margin": -1.611424775821986,
      "fcf_margin": -2.0038746817225728,
      "incr_op_margin_yoy": -2.9352428393524286,
      "rev_growth_yoy": 0.21623805035680624,
      "rev_growth_yoy_accel": 0.07553916902823976,
      "fcf_margin_change": -0.49967894822747616
    },
    {
      "date": "2022-06-30T00:00:00",
      "quarter_label": "2022-06 (Q2)",
      "revenue": 10547000,
      "gross_profit": 2553000,
      "operating_income": -14287000,
      "net_income": -15137000,
      "opex": 16840000,
      "cogs": 7994000,
      "rd": 4018000,
      "sga": 12822000,
      "fcf": -14196000,
      "ocf": -13458000,
      "capex": -738000,
      "gross_margin": 0.24205935337062673,
      "op_margin": -1.3546032047027592,
      "fcf_margin": -1.3459751588129325,
      "incr_op_margin_yoy": -1.7178082191780821,
      "rev_growth_yoy": 0.3196946946946947,
      "rev_growth_yoy_accel": 0.10345664433788845,
      "op_leverage_ratio": Infinity,
      "fcf_margin_change": 0.6578995229096403
    },
    {
      "date": "2022-09-30T00:00:00",
      "quarter_label": "2022-09 (Q3)",
      "revenue": 9846000,
      "gross_profit": 2318000,
      "operating_income": -14596000,
      "net_income": -15539000,
      "opex": 16914000,
      "cogs": 7528000,
      "rd": 4328000,
      "sga": 12586000,
      "fcf": -15560000,
      "ocf": -15323000,
      "capex": -237000,
      "gross_margin": 0.23542555352427383,
      "op_margin": -1.4824294129595774,
      "fcf_margin": -1.580337192768637,
      "incr_op_margin_yoy": -1.785604900459418,
      "rev_growth_yoy": 0.24838341574743247,
      "rev_growth_yoy_accel": -0.07131127894726222,
      "fcf_margin_change": -0.23436203395570443
    },
    {
      "date": "2022-12-31T00:00:00",
      "quarter_label": "2022-12 (Q4)",
      "revenue": 12230000,
      "gross_profit": 3330000,
      "operating_income": -14763000,
      "net_income": -10852000,
      "opex": 18093000,
      "cogs": 8900000,
      "rd": 3580000,
      "sga": 14513000,
      "fcf": -14571000,
      "ocf": -14246000,
      "capex": -325000,
      "gross_margin": 0.2722812755519215,
      "op_margin": -1.207113654946852,
      "fcf_margin": -1.191414554374489,
      "incr_op_margin_yoy": -0.5109020949123557,
      "rev_growth_yoy": 0.23647760590435749,
      "rev_growth_yoy_accel": -0.011905809843074988,
      "op_leverage_ratio": 3.473593078963105,
      "fcf_margin_change": 0.388922638394148
    },
    {
      "date": "2023-03-31T00:00:00",
      "quarter_label": "2023-03 (Q1)",
      "revenue": 10724000,
      "gross_profit": 3346000,
      "operating_income": -14814000,
      "net_income": -15371000,
      "opex": 18160000,
      "cogs": 6700000,
      "rd": 3494000,
      "sga": 14666000,
      "fcf": -17186000,
      "ocf": -16976000,
      "capex": -210000,
      "gross_margin": 0.31201044386422977,
      "op_margin": -1.3813875419619546,
      "fcf_margin": -1.602573666542335,
      "incr_op_margin_yoy": -0.15257244234180958,
      "rev_growth_yoy": 0.18720247979630245,
      "rev_growth_yoy_accel": -0.04927512610805504,
      "fcf_margin_change": -0.41115911216784595
    },
    {
      "date": "2023-06-30T00:00:00",
      "quarter_label": "2023-06 (Q2)",
      "revenue": 11043000,
      "gross_profit": 1098000,
      "operating_income": -16951000,
      "net_income": -17690000,
      "opex": 18049000,
      "cogs": 9248000,
      "rd": 3298000,
      "sga": 14751000,
      "fcf": -9782000,
      "ocf": -9365000,
      "capex": -417000,
      "gross_margin": 0.09942950285248574,
      "op_margin": -1.5349995472244862,
      "fcf_margin": -0.8858100153943674,
      "rev_growth_yoy": 0.04702759078410922,
      "rev_growth_yoy_accel": -0.14017488901219322,
      "op_leverage_ratio": Infinity,
      "fcf_margin_change": 0.7167636511479675
    },
    {
      "date": "2023-09-30T00:00:00",
      "quarter_label": "2023-09 (Q3)",
      "revenue": 10406000,
      "gross_profit": 2446000,
      "operating_income": -16096000,
      "net_income": -16980000,
      "opex": 18542000,
      "cogs": 7960000,
      "rd": 3049000,
      "sga": 13442000,
      "fcf": -10432000,
      "ocf": -10216000,
      "capex": -216000,
      "gross_margin": 0.2350566980588122,
      "op_margin": -1.5467999231212761,
      "fcf_margin": -1.0024985585239286,
      "rev_growth_yoy": 0.05687588868576071,
      "rev_growth_yoy_accel": 0.009848297901651488,
      "fcf_margin_change": -0.11668854312956112
    },
    {
      "date": "2023-12-31T00:00:00",
      "quarter_label": "2023-12 (Q4)",
      "revenue": 11692000,
      "gross_profit": 3832000,
      "operating_income": -9882000,
      "net_income": -10878000,
      "opex": 13714000,
      "cogs": 7860000,
      "rd": 2514000,
      "sga": 11163000,
      "fcf": -9591000,
      "ocf": -9505000,
      "capex": -86000,
      "gross_margin": 0.3277454669859733,
      "op_margin": -0.8451932945603832,
      "fcf_margin": -0.8203044816968867,
      "rev_growth_yoy": -0.04399018806214227,
      "rev_growth_yoy_accel": -0.10086607674790299,
      "op_leverage_ratio": Infinity,
      "fcf_margin_change": 0.1821940768270418
    },
    {
      "date": "2024-03-31T00:00:00",
      "quarter_label": "2024-03 (Q1)",
      "revenue": 7047000,
      "gross_profit": 2001000,
      "operating_income": -10249000,
      "net_income": -6762000,
      "opex": 12250000,
      "cogs": 5046000,
      "rd": 2189000,
      "sga": 10061000,
      "fcf": -10835000,
      "ocf": -10689000,
      "capex": -146000,
      "gross_margin": 0.2839506172839506,
      "op_margin": -1.4543777493969066,
      "fcf_margin": -1.5375337022846602,
      "incr_op_margin_yoy": -1.2415012238237695,
      "rev_growth_yoy": -0.34287579261469603,
      "rev_growth_yoy_accel": -0.29888560455255375,
      "fcf_margin_change": -0.7172292205877735
    },
    {
      "date": "2024-06-30T00:00:00",
      "quarter_label": "2024-06 (Q2)",
      "revenue": 8314000,
      "gross_profit": 3116000,
      "operating_income": -6687000,
      "net_income": -7365000,
      "opex": 9803000,
      "cogs": 5198000,
      "rd": 1568000,
      "sga": null,
      "fcf": -6733000,
      "ocf": -6718000,
      "capex": -15000,
      "gross_margin": 0.3747895116670676,
      "op_margin": -0.80430598989656,
      "fcf_margin": -0.8098388260764975,
      "incr_op_margin_yoy": -3.761084646390619,
      "rev_growth_yoy": -0.24712487548673367,
      "rev_growth_yoy_accel": 0.09575091712796235,
      "op_leverage_ratio": Infinity,
      "fcf_margin_change": 0.7276948762081628
    },
    {
      "date": "2024-09-30T00:00:00",
      "quarter_label": "2024-09 (Q3)",
      "revenue": 8036000,
      "gross_profit": 3310000,
      "operating_income": -6792000,
      "net_income": -7536000,
      "opex": 10102000,
      "cogs": 4726000,
      "rd": 1588000,
      "sga": null,
      "fcf": -4311000,
      "ocf": -4311000,
      "capex": null,
      "gross_margin": 0.41189646590343454,
      "op_margin": -0.8451966152314584,
      "fcf_margin": -0.5364609258337482,
      "incr_op_margin_yoy": -3.9257383966244728,
      "rev_growth_yoy": -0.22775321929655967,
      "rev_growth_yoy_accel": 0.019371656190174003,
      "fcf_margin_change": 0.2733779002427493
    },
    {
      "date": "2024-12-31T00:00:00",
      "quarter_label": "2024-12 (Q4)",
      "revenue": 9803000,
      "gross_profit": 3415000,
      "operating_income": -5638000,
      "net_income": -6370000,
      "opex": 9053000,
      "cogs": 4890000,
      "rd": 1413000,
      "sga": null,
      "fcf": -2934000,
      "ocf": -2934000,
      "capex": null,
      "gross_margin": 0.3483627460981332,
      "op_margin": -0.5751300622258493,
      "fcf_margin": -0.29929613383658066,
      "incr_op_margin_yoy": -2.246691371095818,
      "rev_growth_yoy": -0.16156346219637358,
      "rev_growth_yoy_accel": 0.0661897571001861,
      "op_leverage_ratio": Infinity,
      "fcf_margin_change": 0.2371647919971675
    }
  ],
  "signals": [
    {
      "quarter": "2024-12 (Q4)",
      "signal": "FCF MARGIN EXPANSION",
      "detail": "FCF margin: -53.6% -> -29.9% (+23.7%)",
      "severity": "MEDIUM"
    },
    {
      "quarter": "2024-12 (Q4)",
      "signal": "YoY REVENUE GROWTH ACCELERATION",
      "detail": "YoY growth: -16.2% vs prior quarter YoY: -22.8% (accel: +6.6%)",
      "severity": "MEDIUM"
    },
    {
      "quarter": "2024-09 (Q3)",
      "signal": "FCF MARGIN EXPANSION",
      "detail": "FCF margin: -81.0% -> -53.6% (+27.3%)",
      "severity": "MEDIUM"
    },
    {
      "quarter": "2024-06 (Q2)",
      "signal": "FCF MARGIN EXPANSION",
      "detail": "FCF margin: -153.8% -> -81.0% (+72.8%)",
      "severity": "MEDIUM"
    },
    {
      "quarter": "2024-06 (Q2)",
      "signal": "GROSS MARGIN INFLECTION",
      "detail": "GM: +32.8% -> +28.4% -> +37.5% (reversal +9.1%)",
      "severity": "HIGH"
    },
    {
      "quarter": "2024-06 (Q2)",
      "signal": "YoY REVENUE GROWTH ACCELERATION",
      "detail": "YoY growth: -24.7% vs prior quarter YoY: -34.3% (accel: +9.6%)",
      "severity": "MEDIUM"
    },
    {
      "quarter": "2024-03 (Q1)",
      "signal": "YoY REVENUE GROWTH DECELERATION",
      "detail": "YoY growth: -34.3% vs prior quarter YoY: -4.4% (decel: -29.9%)",
      "severity": "WARNING"
    },
    {
      "quarter": "2023-12 (Q4)",
      "signal": "FCF MARGIN EXPANSION",
      "detail": "FCF margin: -100.2% -> -82.0% (+18.2%)",
      "severity": "MEDIUM"
    },
    {
      "quarter": "2023-12 (Q4)",
      "signal": "YoY REVENUE GROWTH DECELERATION",
      "detail": "YoY growth: -4.4% vs prior quarter YoY: +5.7% (decel: -10.1%)",
      "severity": "WARNING"
    },
    {
      "quarter": "2023-09 (Q3)",
      "signal": "GROSS MARGIN INFLECTION",
      "detail": "GM: +31.2% -> +9.9% -> +23.5% (reversal +13.6%)",
      "severity": "HIGH"
    },
    {
      "quarter": "2023-06 (Q2)",
      "signal": "FCF MARGIN EXPANSION",
      "detail": "FCF margin: -160.3% -> -88.6% (+71.7%)",
      "severity": "MEDIUM"
    },
    {
      "quarter": "2023-06 (Q2)",
      "signal": "YoY REVENUE GROWTH DECELERATION",
      "detail": "YoY growth: +4.7% vs prior quarter YoY: +18.7% (decel: -14.0%)",
      "severity": "WARNING"
    },
    {
      "quarter": "2022-12 (Q4)",
      "signal": "FCF MARGIN EXPANSION",
      "detail": "FCF margin: -158.0% -> -119.1% (+38.9%)",
      "severity": "MEDIUM"
    },
    {
      "quarter": "2022-12 (Q4)",
      "signal": "OPERATING LEVERAGE",
      "detail": "Rev growth +24.2% vs OpEx growth +7.0% (leverage: 3.5x)",
      "severity": "MEDIUM"
    },
    {
      "quarter": "2022-12 (Q4)",
      "signal": "GROSS MARGIN INFLECTION",
      "detail": "GM: +24.2% -> +23.5% -> +27.2% (reversal +3.7%)",
      "severity": "MEDIUM"
    },
    {
      "quarter": "2022-09 (Q3)",
      "signal": "YoY REVENUE GROWTH DECELERATION",
      "detail": "YoY growth: +24.8% vs prior quarter YoY: +32.0% (decel: -7.1%)",
      "severity": "WARNING"
    },
    {
      "quarter": "2022-06 (Q2)",
      "signal": "FCF MARGIN EXPANSION",
      "detail": "FCF margin: -200.4% -> -134.6% (+65.8%)",
      "severity": "MEDIUM"
    },
    {
      "quarter": "2022-06 (Q2)",
      "signal": "OPERATING LEVERAGE",
      "detail": "Rev growth +16.8% vs OpEx growth +0.0% (leverage: 564.3x)",
      "severity": "MEDIUM"
    },
    {
      "quarter": "2022-06 (Q2)",
      "signal": "YoY REVENUE GROWTH ACCELERATION",
      "detail": "YoY growth: +32.0% vs prior quarter YoY: +21.6% (accel: +10.3%)",
      "severity": "MEDIUM"
    },
    {
      "quarter": "2022-03 (Q1)",
      "signal": "YoY REVENUE GROWTH ACCELERATION",
      "detail": "YoY growth: +21.6% vs prior quarter YoY: +14.1% (accel: +7.6%)",
      "severity": "MEDIUM"
    },
    {
      "quarter": "2021-12 (Q4)",
      "signal": "YoY REVENUE GROWTH DECELERATION",
      "detail": "YoY growth: +14.1% vs prior quarter YoY: +28.6% (decel: -14.6%)",
      "severity": "WARNING"
    },
    {
      "quarter": "2021-09 (Q3)",
      "signal": "FCF MARGIN EXPANSION",
      "detail": "FCF margin: -137.1% -> -130.2% (+6.8%)",
      "severity": "MEDIUM"
    },
    {
      "quarter": "2021-06 (Q2)",
      "signal": "FCF MARGIN EXPANSION",
      "detail": "FCF margin: -176.9% -> -137.1% (+39.9%)",
      "severity": "MEDIUM"
    },
    {
      "quarter": "2021-06 (Q2)",
      "signal": "OPERATING LEVERAGE",
      "detail": "Rev growth +7.6% vs OpEx growth +3.5% (leverage: 2.2x)",
      "severity": "MEDIUM"
    },
    {
      "quarter": "2020-12 (Q4)",
      "signal": "OPERATING LEVERAGE",
      "detail": "Rev growth +41.4% vs OpEx growth +22.6% (leverage: 1.8x)",
      "severity": "MEDIUM"
    }
  ],
  "data_quality": {
    "n_quarters": 18,
    "coverage": {
      "revenue": [
        18,
        18
      ],
      "gross_profit": [
        18,
        18
      ],
      "op_income": [
        18,
        18
      ],
      "fcf": [
        17,
        18
      ]
    },
    "gaps": [],
    "warnings": []
  },
  "market_cap": null,
  "source": "SEC EDGAR",
  "last_updated": "2026-02-03T01:06:47.015280"
}