{
  "ticker": "SOTK",
  "name": "SONO TEK CORP",
  "quarters": [
    {
      "date": "2021-02-28T00:00:00",
      "quarter_label": "2021-02 (Q1)",
      "revenue": 4096550,
      "gross_profit": 1884715,
      "operating_income": 508215,
      "net_income": null,
      "opex": 1376500,
      "cogs": 2211835,
      "rd": 402859,
      "sga": null,
      "fcf": -4911,
      "ocf": 12262,
      "capex": -17173,
      "gross_margin": 0.4600737205697477,
      "op_margin": 0.12405926938521439,
      "fcf_margin": -0.001198813635864325
    },
    {
      "date": "2021-05-31T00:00:00",
      "quarter_label": "2021-05 (Q2)",
      "revenue": 3644468,
      "gross_profit": 1824165,
      "operating_income": 342908,
      "net_income": 1266752,
      "opex": 1481257,
      "cogs": 1820303,
      "rd": 413816,
      "sga": null,
      "fcf": 636457,
      "ocf": 722005,
      "capex": -85548,
      "gross_margin": 0.5005298441363732,
      "op_margin": 0.09409000161340421,
      "fcf_margin": 0.17463646271554586,
      "fcf_margin_change": 0.1758352763514102
    },
    {
      "date": "2021-08-31T00:00:00",
      "quarter_label": "2021-08 (Q3)",
      "revenue": 4070467,
      "gross_profit": 2073999,
      "operating_income": 448576,
      "net_income": 343824,
      "opex": 1625423,
      "cogs": 1996468,
      "rd": 412397,
      "sga": null,
      "fcf": 413225,
      "ocf": 474907,
      "capex": -61682,
      "gross_margin": 0.5095236001176278,
      "op_margin": 0.1102025885481936,
      "fcf_margin": 0.10151783566848718,
      "op_leverage_ratio": 1.2009972287151083,
      "fcf_margin_change": -0.07311862704705868
    },
    {
      "date": "2021-11-30T00:00:00",
      "quarter_label": "2021-11 (Q4)",
      "revenue": 4419401,
      "gross_profit": 2158527,
      "operating_income": 490585,
      "net_income": 376169,
      "opex": 1667942,
      "cogs": 2260874,
      "rd": 417300,
      "sga": null,
      "fcf": 477761,
      "ocf": 615329,
      "capex": -137568,
      "gross_margin": 0.48842071583909225,
      "op_margin": 0.11100712517375093,
      "fcf_margin": 0.10810537446138063,
      "op_leverage_ratio": 3.2770450351835403,
      "fcf_margin_change": 0.006587538792893449
    },
    {
      "date": "2022-02-28T00:00:00",
      "quarter_label": "2022-02 (Q1)",
      "revenue": 4998374,
      "gross_profit": 2555863,
      "operating_income": 607267,
      "net_income": null,
      "opex": 1948596,
      "cogs": 2442511,
      "rd": 485996,
      "sga": null,
      "fcf": 464782,
      "ocf": 506926,
      "capex": -42144,
      "gross_margin": 0.5113388874061845,
      "op_margin": 0.12149290949416751,
      "fcf_margin": 0.09298663925508575,
      "rev_growth_yoy": 0.22014231487471164,
      "op_leverage_ratio": 0.7785824496650133,
      "fcf_margin_change": -0.015118735206294878
    },
    {
      "date": "2022-05-31T00:00:00",
      "quarter_label": "2022-05 (Q2)",
      "revenue": 4051535,
      "gross_profit": 2107013,
      "operating_income": 380525,
      "net_income": 305636,
      "opex": 1726488,
      "cogs": 1944522,
      "rd": 516633,
      "sga": null,
      "fcf": 377347,
      "ocf": 431678,
      "capex": -54331,
      "gross_margin": 0.5200530169429611,
      "op_margin": 0.09392119283185262,
      "fcf_margin": 0.09313679876886168,
      "rev_growth_yoy": 0.11169449148682331,
      "rev_growth_yoy_accel": -0.10844782338788833,
      "fcf_margin_change": 0.00015015951377592152
    },
    {
      "date": "2022-08-31T00:00:00",
      "quarter_label": "2022-08 (Q3)",
      "revenue": 3763329,
      "gross_profit": 1895613,
      "operating_income": 177578,
      "net_income": 162123,
      "opex": 1718035,
      "cogs": 1867716,
      "rd": 506490,
      "sga": null,
      "fcf": -397955,
      "ocf": -208049,
      "capex": -189906,
      "gross_margin": 0.5037064258798527,
      "op_margin": 0.04718641394361216,
      "fcf_margin": -0.10574547162897531,
      "rev_growth_yoy": -0.07545522417943691,
      "rev_growth_yoy_accel": -0.1871497156662602,
      "fcf_margin_change": -0.19888227039783699
    },
    {
      "date": "2022-11-30T00:00:00",
      "quarter_label": "2022-11 (Q4)",
      "revenue": 3586165,
      "gross_profit": 1824368,
      "operating_income": 103481,
      "net_income": 104898,
      "opex": 1720887,
      "cogs": 1761797,
      "rd": 520187,
      "sga": null,
      "fcf": 601645,
      "ocf": 770929,
      "capex": -169284,
      "gross_margin": 0.5087239432652987,
      "op_margin": 0.028855615957436426,
      "fcf_margin": 0.1677683542168305,
      "rev_growth_yoy": -0.1885404832012302,
      "rev_growth_yoy_accel": -0.1130852590217933,
      "fcf_margin_change": 0.2735138258458058
    },
    {
      "date": "2023-02-28T00:00:00",
      "quarter_label": "2023-02 (Q1)",
      "revenue": 3657174,
      "gross_profit": 1825013,
      "operating_income": 21407,
      "net_income": null,
      "opex": 1803606,
      "cogs": 1832161,
      "rd": 606215,
      "sga": null,
      "fcf": 188135,
      "ocf": 330481,
      "capex": -142346,
      "gross_margin": 0.49902274269695673,
      "op_margin": 0.005853426716913114,
      "fcf_margin": 0.05144272599553645,
      "incr_op_margin_yoy": 0.4368177751267522,
      "rev_growth_yoy": -0.2683272600249601,
      "rev_growth_yoy_accel": -0.0797867768237299,
      "op_leverage_ratio": 0.4119364360522249,
      "fcf_margin_change": -0.11632562822129405
    },
    {
      "date": "2023-05-31T00:00:00",
      "quarter_label": "2023-05 (Q2)",
      "revenue": 3603018,
      "gross_profit": 1777232,
      "operating_income": -91616,
      "net_income": 53406,
      "opex": 1868848,
      "cogs": 1825786,
      "rd": 656438,
      "sga": null,
      "fcf": 679088,
      "ocf": 828092,
      "capex": -149004,
      "gross_margin": 0.49326203754741166,
      "op_margin": -0.025427572107605347,
      "fcf_margin": 0.18847754854402615,
      "rev_growth_yoy": -0.11070298047530133,
      "rev_growth_yoy_accel": 0.15762427954965877,
      "fcf_margin_change": 0.1370348225484897
    },
    {
      "date": "2023-08-31T00:00:00",
      "quarter_label": "2023-08 (Q3)",
      "revenue": 5639117,
      "gross_profit": 2800568,
      "operating_income": 565858,
      "net_income": 541273,
      "opex": 2234710,
      "cogs": 2838549,
      "rd": 789261,
      "sga": null,
      "fcf": 181859,
      "ocf": 278692,
      "capex": -96833,
      "gross_margin": 0.4966323628326917,
      "op_margin": 0.10034514268811943,
      "fcf_margin": 0.03224955254519458,
      "incr_op_margin_yoy": 0.20699567328504073,
      "rev_growth_yoy": 0.4984384835872707,
      "rev_growth_yoy_accel": 0.6091414640625721,
      "op_leverage_ratio": 2.8866167995828222,
      "fcf_margin_change": -0.15622799599883158
    },
    {
      "date": "2023-11-30T00:00:00",
      "quarter_label": "2023-11 (Q4)",
      "revenue": 5690022,
      "gross_profit": 2926009,
      "operating_income": 720522,
      "net_income": 690169,
      "opex": 2205487,
      "cogs": 2764013,
      "rd": 776013,
      "sga": null,
      "fcf": 254796,
      "ocf": 335536,
      "capex": -80740,
      "gross_margin": 0.5142350943458567,
      "op_margin": 0.12662903588070484,
      "fcf_margin": 0.04477944022009054,
      "incr_op_margin_yoy": 0.29329037097103083,
      "rev_growth_yoy": 0.5866592864522407,
      "rev_growth_yoy_accel": 0.08822080286497003,
      "fcf_margin_change": 0.012529887674895962
    },
    {
      "date": "2024-02-29T00:00:00",
      "quarter_label": "2024-02 (Q1)",
      "revenue": 4767729,
      "gross_profit": 2340766,
      "operating_income": -12279,
      "net_income": null,
      "opex": 2353045,
      "cogs": 2426963,
      "rd": 664061,
      "sga": null,
      "fcf": -746567,
      "ocf": -278454,
      "capex": -468113,
      "gross_margin": 0.49096037127949177,
      "op_margin": -0.002575440005084182,
      "fcf_margin": -0.15658754933428473,
      "incr_op_margin_yoy": -0.03033258145701924,
      "rev_growth_yoy": 0.30366479691696374,
      "rev_growth_yoy_accel": -0.282994489535277,
      "fcf_margin_change": -0.20136698955437526
    },
    {
      "date": "2024-05-31T00:00:00",
      "quarter_label": "2024-05 (Q2)",
      "revenue": 5031038,
      "gross_profit": 2454487,
      "operating_income": 238296,
      "net_income": 330837,
      "opex": 2216191,
      "cogs": 2576551,
      "rd": 731430,
      "sga": null,
      "fcf": 294992,
      "ocf": 327964,
      "capex": -32972,
      "gross_margin": 0.4878689049854126,
      "op_margin": 0.04736517593387289,
      "fcf_margin": 0.058634420968396585,
      "incr_op_margin_yoy": 0.23102757664458481,
      "rev_growth_yoy": 0.3963399572247488,
      "rev_growth_yoy_accel": 0.09267516030778505,
      "op_leverage_ratio": Infinity,
      "fcf_margin_change": 0.2152219703026813
    },
    {
      "date": "2024-08-31T00:00:00",
      "quarter_label": "2024-08 (Q3)",
      "revenue": 5161782,
      "gross_profit": 2516097,
      "operating_income": 285990,
      "net_income": 340685,
      "opex": 2230107,
      "cogs": 2645685,
      "rd": 695873,
      "sga": null,
      "fcf": -576093,
      "ocf": -418411,
      "capex": -157682,
      "gross_margin": 0.4874473582960303,
      "op_margin": 0.055405284454089695,
      "fcf_margin": -0.1116073867513196,
      "rev_growth_yoy": -0.08464711762497569,
      "rev_growth_yoy_accel": -0.48098707484972447,
      "op_leverage_ratio": 4.138633195682273,
      "fcf_margin_change": -0.1702418077197162
    },
    {
      "date": "2024-11-30T00:00:00",
      "quarter_label": "2024-11 (Q4)",
      "revenue": 5190596,
      "gross_profit": 2343199,
      "operating_income": 197637,
      "net_income": 274178,
      "opex": 2145562,
      "cogs": 2847397,
      "rd": 627543,
      "sga": null,
      "fcf": 1077366,
      "ocf": 1289765,
      "capex": -212399,
      "gross_margin": 0.45143158897359764,
      "op_margin": 0.03807597431971203,
      "fcf_margin": 0.20756113556131126,
      "rev_growth_yoy": -0.08777224411434613,
      "rev_growth_yoy_accel": -0.003125126489370439,
      "fcf_margin_change": 0.3191685223126309
    },
    {
      "date": "2025-02-28T00:00:00",
      "quarter_label": "2025-02 (Q1)",
      "revenue": 5120965,
      "gross_profit": 2425236,
      "operating_income": 288117,
      "net_income": null,
      "opex": 2137119,
      "cogs": 2695729,
      "rd": 669636,
      "sga": null,
      "fcf": -740044,
      "ocf": -674299,
      "capex": -65745,
      "gross_margin": 0.4735896457015426,
      "op_margin": 0.05626224744750257,
      "fcf_margin": -0.14451260651068695,
      "rev_growth_yoy": 0.0740889425552501,
      "rev_growth_yoy_accel": 0.16186118666959623,
      "fcf_margin_change": -0.3520737420719982
    },
    {
      "date": "2025-05-31T00:00:00",
      "quarter_label": "2025-05 (Q2)",
      "revenue": 5132773,
      "gross_profit": 2664514,
      "operating_income": 483368,
      "net_income": null,
      "opex": 2181146,
      "cogs": 2468259,
      "rd": 668470,
      "sga": null,
      "fcf": -974542,
      "ocf": -922293,
      "capex": -52249,
      "gross_margin": 0.5191178335765092,
      "op_margin": 0.09417287692247446,
      "fcf_margin": -0.18986656920148232,
      "rev_growth_yoy": 0.020221473183068783,
      "rev_growth_yoy_accel": -0.053867469372181315,
      "fcf_margin_change": -0.04535396269079536
    },
    {
      "date": "2025-08-31T00:00:00",
      "quarter_label": "2025-08 (Q3)",
      "revenue": 5162696,
      "gross_profit": 2589737,
      "operating_income": 421154,
      "net_income": 423693,
      "opex": 2168583,
      "cogs": 2572959,
      "rd": 627278,
      "sga": null,
      "fcf": -237343,
      "ocf": -176818,
      "capex": -60525,
      "gross_margin": 0.501624926201349,
      "op_margin": 0.08157637017558268,
      "fcf_margin": -0.04597268558907981,
      "rev_growth_yoy": 0.0001770706318089373,
      "rev_growth_yoy_accel": -0.020044402551259846,
      "fcf_margin_change": 0.14389388361240252
    },
    {
      "date": "2025-11-30T00:00:00",
      "quarter_label": "2025-11 (Q4)",
      "revenue": 5004370,
      "gross_profit": 2512241,
      "operating_income": 318972,
      "net_income": 339959,
      "opex": 2193269,
      "cogs": 2492129,
      "rd": 638361,
      "sga": null,
      "fcf": 1140704,
      "ocf": 1208772,
      "capex": -68068,
      "gross_margin": 0.5020094437461659,
      "op_margin": 0.06373869238285738,
      "fcf_margin": 0.22794157905990164,
      "rev_growth_yoy": -0.03587757552311912,
      "rev_growth_yoy_accel": -0.03605464615492806,
      "fcf_margin_change": 0.27391426464898144
    }
  ],
  "signals": [
    {
      "quarter": "2025-11 (Q4)",
      "signal": "FCF TURNED POSITIVE",
      "detail": "FCF margin: -4.6% -> +22.8%",
      "severity": "HIGH"
    },
    {
      "quarter": "2025-08 (Q3)",
      "signal": "FCF MARGIN EXPANSION",
      "detail": "FCF margin: -19.0% -> -4.6% (+14.4%)",
      "severity": "MEDIUM"
    },
    {
      "quarter": "2025-05 (Q2)",
      "signal": "YoY REVENUE GROWTH DECELERATION",
      "detail": "YoY growth: +2.0% vs prior quarter YoY: +7.4% (decel: -5.4%)",
      "severity": "WARNING"
    },
    {
      "quarter": "2025-02 (Q1)",
      "signal": "GROSS MARGIN INFLECTION",
      "detail": "GM: +48.7% -> +45.1% -> +47.4% (reversal +2.2%)",
      "severity": "MEDIUM"
    },
    {
      "quarter": "2025-02 (Q1)",
      "signal": "YoY REVENUE GROWTH ACCELERATION",
      "detail": "YoY growth: +7.4% vs prior quarter YoY: -8.8% (accel: +16.2%)",
      "severity": "HIGH"
    },
    {
      "quarter": "2025-02 (Q1)",
      "signal": "OP MARGIN TURNED POSITIVE (YoY)",
      "detail": "Op margin: -0.3% (year-ago) -> +5.6%",
      "severity": "HIGH"
    },
    {
      "quarter": "2024-11 (Q4)",
      "signal": "FCF TURNED POSITIVE",
      "detail": "FCF margin: -11.2% -> +20.8%",
      "severity": "HIGH"
    },
    {
      "quarter": "2024-08 (Q3)",
      "signal": "OPERATING LEVERAGE",
      "detail": "Rev growth +2.6% vs OpEx growth +0.6% (leverage: 4.1x)",
      "severity": "MEDIUM"
    },
    {
      "quarter": "2024-08 (Q3)",
      "signal": "YoY REVENUE GROWTH DECELERATION",
      "detail": "YoY growth: -8.5% vs prior quarter YoY: +39.6% (decel: -48.1%)",
      "severity": "WARNING"
    },
    {
      "quarter": "2024-05 (Q2)",
      "signal": "FCF TURNED POSITIVE",
      "detail": "FCF margin: -15.7% -> +5.9%",
      "severity": "HIGH"
    },
    {
      "quarter": "2024-05 (Q2)",
      "signal": "YoY REVENUE GROWTH ACCELERATION",
      "detail": "YoY growth: +39.6% vs prior quarter YoY: +30.4% (accel: +9.3%)",
      "severity": "MEDIUM"
    },
    {
      "quarter": "2024-05 (Q2)",
      "signal": "OP MARGIN TURNED POSITIVE (YoY)",
      "detail": "Op margin: -2.5% (year-ago) -> +4.7%",
      "severity": "HIGH"
    },
    {
      "quarter": "2024-05 (Q2)",
      "signal": "OP MARGIN TURNED POSITIVE (QoQ)",
      "detail": "Op margin: -0.3% -> +4.7%",
      "severity": "HIGH"
    },
    {
      "quarter": "2024-02 (Q1)",
      "signal": "YoY REVENUE GROWTH DECELERATION",
      "detail": "YoY growth: +30.4% vs prior quarter YoY: +58.7% (decel: -28.3%)",
      "severity": "WARNING"
    },
    {
      "quarter": "2023-11 (Q4)",
      "signal": "YoY REVENUE GROWTH ACCELERATION",
      "detail": "YoY growth: +58.7% vs prior quarter YoY: +49.8% (accel: +8.8%)",
      "severity": "MEDIUM"
    },
    {
      "quarter": "2023-11 (Q4)",
      "signal": "INCREMENTAL MARGIN (YoY)",
      "detail": "YoY Incr OPM: +29.3% vs year-ago OPM: +2.9%",
      "severity": "HIGH"
    },
    {
      "quarter": "2023-08 (Q3)",
      "signal": "OPERATING LEVERAGE",
      "detail": "Rev growth +56.5% vs OpEx growth +19.6% (leverage: 2.9x)",
      "severity": "MEDIUM"
    },
    {
      "quarter": "2023-08 (Q3)",
      "signal": "YoY REVENUE GROWTH ACCELERATION",
      "detail": "YoY growth: +49.8% vs prior quarter YoY: -11.1% (accel: +60.9%)",
      "severity": "HIGH"
    },
    {
      "quarter": "2023-08 (Q3)",
      "signal": "INCREMENTAL MARGIN (YoY)",
      "detail": "YoY Incr OPM: +20.7% vs year-ago OPM: +4.7%",
      "severity": "MEDIUM"
    },
    {
      "quarter": "2023-08 (Q3)",
      "signal": "OP MARGIN TURNED POSITIVE (QoQ)",
      "detail": "Op margin: -2.5% -> +10.0%",
      "severity": "HIGH"
    },
    {
      "quarter": "2023-05 (Q2)",
      "signal": "FCF MARGIN EXPANSION",
      "detail": "FCF margin: +5.1% -> +18.8% (+13.7%)",
      "severity": "MEDIUM"
    },
    {
      "quarter": "2023-05 (Q2)",
      "signal": "YoY REVENUE GROWTH ACCELERATION",
      "detail": "YoY growth: -11.1% vs prior quarter YoY: -26.8% (accel: +15.8%)",
      "severity": "HIGH"
    },
    {
      "quarter": "2023-02 (Q1)",
      "signal": "YoY REVENUE GROWTH DECELERATION",
      "detail": "YoY growth: -26.8% vs prior quarter YoY: -18.9% (decel: -8.0%)",
      "severity": "WARNING"
    },
    {
      "quarter": "2023-02 (Q1)",
      "signal": "INCREMENTAL MARGIN (YoY)",
      "detail": "YoY Incr OPM: +43.7% vs year-ago OPM: +12.1%",
      "severity": "HIGH"
    },
    {
      "quarter": "2022-11 (Q4)",
      "signal": "FCF TURNED POSITIVE",
      "detail": "FCF margin: -10.6% -> +16.8%",
      "severity": "HIGH"
    },
    {
      "quarter": "2022-11 (Q4)",
      "signal": "YoY REVENUE GROWTH DECELERATION",
      "detail": "YoY growth: -18.9% vs prior quarter YoY: -7.5% (decel: -11.3%)",
      "severity": "WARNING"
    },
    {
      "quarter": "2022-08 (Q3)",
      "signal": "YoY REVENUE GROWTH DECELERATION",
      "detail": "YoY growth: -7.5% vs prior quarter YoY: +11.2% (decel: -18.7%)",
      "severity": "WARNING"
    },
    {
      "quarter": "2022-05 (Q2)",
      "signal": "YoY REVENUE GROWTH DECELERATION",
      "detail": "YoY growth: +11.2% vs prior quarter YoY: +22.0% (decel: -10.8%)",
      "severity": "WARNING"
    },
    {
      "quarter": "2022-02 (Q1)",
      "signal": "GROSS MARGIN INFLECTION",
      "detail": "GM: +51.0% -> +48.8% -> +51.1% (reversal +2.3%)",
      "severity": "MEDIUM"
    },
    {
      "quarter": "2021-11 (Q4)",
      "signal": "OPERATING LEVERAGE",
      "detail": "Rev growth +8.6% vs OpEx growth +2.6% (leverage: 3.3x)",
      "severity": "MEDIUM"
    },
    {
      "quarter": "2021-05 (Q2)",
      "signal": "FCF TURNED POSITIVE",
      "detail": "FCF margin: -0.1% -> +17.5%",
      "severity": "HIGH"
    }
  ],
  "data_quality": {
    "n_quarters": 20,
    "coverage": {
      "revenue": [
        20,
        20
      ],
      "gross_profit": [
        20,
        20
      ],
      "op_income": [
        20,
        20
      ],
      "fcf": [
        20,
        20
      ]
    },
    "gaps": [],
    "warnings": []
  },
  "market_cap": null,
  "source": "SEC EDGAR",
  "last_updated": "2026-02-02T23:32:05.905158"
}