{
  "ticker": "SOUNW",
  "name": "SOUNDHOUND AI, INC.",
  "quarters": [
    {
      "date": "2021-03-31T00:00:00",
      "quarter_label": "2021-03 (Q1)",
      "revenue": 3739000,
      "gross_profit": 2146000,
      "operating_income": -81441,
      "net_income": -84033,
      "opex": 20358000,
      "cogs": 1593000,
      "rd": 14443000,
      "sga": null,
      "fcf": -14704000,
      "ocf": -14704000,
      "capex": null,
      "gross_margin": 0.5739502540786307,
      "op_margin": -0.02178149237764108,
      "fcf_margin": -3.9326023000802355
    },
    {
      "date": "2021-06-30T00:00:00",
      "quarter_label": "2021-06 (Q2)",
      "revenue": 8279000,
      "gross_profit": 6651000,
      "operating_income": -150901,
      "net_income": -70540,
      "opex": 20778000,
      "cogs": 1628000,
      "rd": 14023000,
      "sga": null,
      "fcf": -17921000,
      "ocf": -17921000,
      "capex": null,
      "gross_margin": 0.8033578934653943,
      "op_margin": -0.018226959777750937,
      "fcf_margin": -2.1646334098321054,
      "op_leverage_ratio": 58.85538532075039,
      "fcf_margin_change": 1.76796889024813
    },
    {
      "date": "2021-09-30T00:00:00",
      "quarter_label": "2021-09 (Q3)",
      "revenue": 4028000,
      "gross_profit": 2371000,
      "operating_income": -229484,
      "net_income": -191075,
      "opex": 21198000,
      "cogs": 1657000,
      "rd": 14344000,
      "sga": null,
      "fcf": -18595000,
      "ocf": -18472000,
      "capex": -123000,
      "gross_margin": 0.5886295928500497,
      "op_margin": -0.05697219463753724,
      "fcf_margin": -4.61643495531281,
      "fcf_margin_change": -2.4518015454807047
    },
    {
      "date": "2021-12-31T00:00:00",
      "quarter_label": "2021-12 (Q4)",
      "revenue": 5151000,
      "gross_profit": 3444000,
      "operating_income": -553434,
      "net_income": -636236,
      "opex": 24190000,
      "cogs": 1707000,
      "rd": 16368000,
      "sga": null,
      "fcf": -15482000,
      "ocf": -15080000,
      "capex": -402000,
      "gross_margin": 0.6686080372743156,
      "op_margin": -0.10744205008736167,
      "fcf_margin": -3.005629974762182,
      "op_leverage_ratio": 1.9752569247885126,
      "fcf_margin_change": 1.6108049805506282
    },
    {
      "date": "2022-03-31T00:00:00",
      "quarter_label": "2022-03 (Q1)",
      "revenue": 4290000,
      "gross_profit": 2517000,
      "operating_income": -490053,
      "net_income": -385450,
      "opex": 25007000,
      "cogs": 1773000,
      "rd": 16650000,
      "sga": null,
      "fcf": -15600000,
      "ocf": -14989000,
      "capex": -611000,
      "gross_margin": 0.5867132867132867,
      "op_margin": -0.11423146853146852,
      "fcf_margin": -3.6363636363636362,
      "rev_growth_yoy": 0.1473656057769457,
      "fcf_margin_change": -0.6307336616014543
    },
    {
      "date": "2022-06-30T00:00:00",
      "quarter_label": "2022-06 (Q2)",
      "revenue": 6152000,
      "gross_profit": 3664000,
      "operating_income": -28930000,
      "net_income": -30668000,
      "opex": 35082000,
      "cogs": 2488000,
      "rd": 18862000,
      "sga": null,
      "fcf": -32149000,
      "ocf": -31778000,
      "capex": -371000,
      "gross_margin": 0.5955786736020806,
      "op_margin": -4.702535760728218,
      "fcf_margin": -5.225780234070221,
      "incr_op_margin_yoy": 13.530370944992947,
      "rev_growth_yoy": -0.25691508636308735,
      "rev_growth_yoy_accel": -0.40428069214003304,
      "op_leverage_ratio": 1.0773056158068566,
      "fcf_margin_change": -1.589416597706585
    },
    {
      "date": "2022-09-30T00:00:00",
      "quarter_label": "2022-09 (Q3)",
      "revenue": 11186000,
      "gross_profit": 8603000,
      "operating_income": -27008000,
      "net_income": -28922000,
      "opex": 38194000,
      "cogs": 2583000,
      "rd": 19352000,
      "sga": null,
      "fcf": -27044000,
      "ocf": -26838000,
      "capex": -206000,
      "gross_margin": 0.7690863579474343,
      "op_margin": -2.414446629715716,
      "fcf_margin": -2.417664938315752,
      "incr_op_margin_yoy": -3.7410611902766138,
      "rev_growth_yoy": 1.7770605759682225,
      "rev_growth_yoy_accel": 2.0339756623313097,
      "op_leverage_ratio": 9.224474620663834,
      "fcf_margin_change": 2.8081152957544693
    },
    {
      "date": "2022-12-31T00:00:00",
      "quarter_label": "2022-12 (Q4)",
      "revenue": 9501000,
      "gross_profit": 6746000,
      "operating_income": -28752000,
      "net_income": -30680000,
      "opex": 38253000,
      "cogs": 2755000,
      "rd": 21528000,
      "sga": null,
      "fcf": -20555000,
      "ocf": -20414000,
      "capex": -141000,
      "gross_margin": 0.7100305231028313,
      "op_margin": -3.02620776760341,
      "fcf_margin": -2.163456478265446,
      "incr_op_margin_yoy": -6.482428965517242,
      "rev_growth_yoy": 0.844496214327315,
      "rev_growth_yoy_accel": -0.9325643616409075,
      "fcf_margin_change": 0.25420846005030606
    },
    {
      "date": "2023-03-31T00:00:00",
      "quarter_label": "2023-03 (Q1)",
      "revenue": 6707000,
      "gross_profit": 4731000,
      "operating_income": -25038000,
      "net_income": -26369000,
      "opex": 31745000,
      "cogs": 1976000,
      "rd": 14184000,
      "sga": null,
      "fcf": -14555000,
      "ocf": -14540000,
      "capex": -15000,
      "gross_margin": 0.7053824362606232,
      "op_margin": -3.7331146563292084,
      "fcf_margin": -2.17012076934546,
      "incr_op_margin_yoy": -10.156370293752586,
      "rev_growth_yoy": 0.5634032634032634,
      "rev_growth_yoy_accel": -0.2810929509240516,
      "fcf_margin_change": -0.006664291080014095
    },
    {
      "date": "2023-06-30T00:00:00",
      "quarter_label": "2023-06 (Q2)",
      "revenue": 8751000,
      "gross_profit": 6921000,
      "operating_income": -16436000,
      "net_income": -21932000,
      "opex": 25187000,
      "cogs": 1830000,
      "rd": 11736000,
      "sga": null,
      "fcf": -19939000,
      "ocf": -19661000,
      "capex": -278000,
      "gross_margin": 0.7908810421666095,
      "op_margin": -1.8781853502456862,
      "fcf_margin": -2.278482459147526,
      "incr_op_margin_yoy": 4.80723355136591,
      "rev_growth_yoy": 0.42246423927178156,
      "rev_growth_yoy_accel": -0.14093902413148185,
      "op_leverage_ratio": Infinity,
      "fcf_margin_change": -0.10836168980206606
    },
    {
      "date": "2023-09-30T00:00:00",
      "quarter_label": "2023-09 (Q3)",
      "revenue": 13268000,
      "gross_profit": 9678000,
      "operating_income": -14530000,
      "net_income": -20197000,
      "opex": 27798000,
      "cogs": 3590000,
      "rd": 12806000,
      "sga": null,
      "fcf": -20235000,
      "ocf": -20194000,
      "capex": -41000,
      "gross_margin": 0.7294241784745251,
      "op_margin": -1.0951160687368104,
      "fcf_margin": -1.5250979801025022,
      "incr_op_margin_yoy": 5.993275696445726,
      "rev_growth_yoy": 0.1861255140354014,
      "rev_growth_yoy_accel": -0.23633872523638016,
      "op_leverage_ratio": 4.979227586005272,
      "fcf_margin_change": 0.7533844790450239
    },
    {
      "date": "2023-12-31T00:00:00",
      "quarter_label": "2023-12 (Q4)",
      "revenue": 17147000,
      "gross_profit": 13236000,
      "operating_income": -12393000,
      "net_income": -18003000,
      "opex": 29540000,
      "cogs": 3911000,
      "rd": 12713000,
      "sga": null,
      "fcf": -13928000,
      "ocf": -13870000,
      "capex": -58000,
      "gross_margin": 0.7719134542485566,
      "op_margin": -0.7227503353356273,
      "fcf_margin": -0.8122703679944013,
      "incr_op_margin_yoy": 2.139550091551138,
      "rev_growth_yoy": 0.8047573939585306,
      "rev_growth_yoy_accel": 0.6186318799231292,
      "op_leverage_ratio": 4.665301510120602,
      "fcf_margin_change": 0.7128276121081009
    },
    {
      "date": "2024-03-31T00:00:00",
      "quarter_label": "2024-03 (Q1)",
      "revenue": 11594000,
      "gross_profit": 6925000,
      "operating_income": -28529000,
      "net_income": -33009000,
      "opex": 40123000,
      "cogs": 4669000,
      "rd": 14878000,
      "sga": null,
      "fcf": -22047000,
      "ocf": -21948000,
      "capex": -99000,
      "gross_margin": 0.5972917026047956,
      "op_margin": -2.4606693117129548,
      "fcf_margin": -1.901587027772986,
      "incr_op_margin_yoy": -0.7143441784325762,
      "rev_growth_yoy": 0.7286417176084687,
      "rev_growth_yoy_accel": -0.07611567635006189,
      "fcf_margin_change": -1.0893166597785848
    },
    {
      "date": "2024-06-30T00:00:00",
      "quarter_label": "2024-06 (Q2)",
      "revenue": 13462000,
      "gross_profit": 8482000,
      "operating_income": -21985000,
      "net_income": -37322000,
      "opex": 35447000,
      "cogs": 4980000,
      "rd": 15738000,
      "sga": null,
      "fcf": -18728000,
      "ocf": -18492000,
      "capex": -236000,
      "gross_margin": 0.6300698261773882,
      "op_margin": -1.633115436042193,
      "fcf_margin": -1.39117515970881,
      "incr_op_margin_yoy": -1.1778815538102314,
      "rev_growth_yoy": 0.5383384756027882,
      "rev_growth_yoy_accel": -0.1903032420056805,
      "op_leverage_ratio": Infinity,
      "fcf_margin_change": 0.510411868064176
    },
    {
      "date": "2024-09-30T00:00:00",
      "quarter_label": "2024-09 (Q3)",
      "revenue": 25094000,
      "gross_profit": 12193000,
      "operating_income": -33767000,
      "net_income": -21751000,
      "opex": 58861000,
      "cogs": 12901000,
      "rd": 19545000,
      "sga": null,
      "fcf": -35540000,
      "ocf": -35315000,
      "capex": -225000,
      "gross_margin": 0.4858930421614729,
      "op_margin": -1.345620467043915,
      "fcf_margin": -1.4162748067267075,
      "incr_op_margin_yoy": -1.6266700490444783,
      "rev_growth_yoy": 0.8913174555321073,
      "rev_growth_yoy_accel": 0.35297897992931904,
      "op_leverage_ratio": 1.3081232917076444,
      "fcf_margin_change": -0.025099647017897464
    },
    {
      "date": "2024-12-31T00:00:00",
      "quarter_label": "2024-12 (Q4)",
      "revenue": 34543000,
      "gross_profit": 13784000,
      "operating_income": -257072000,
      "net_income": -258599000,
      "opex": 291615000,
      "cogs": 20759000,
      "rd": 20394000,
      "sga": null,
      "fcf": -33203000,
      "ocf": -33123000,
      "capex": -80000,
      "gross_margin": 0.3990388790782503,
      "op_margin": -7.442086674579509,
      "fcf_margin": -0.961207770025765,
      "incr_op_margin_yoy": -14.065244883881352,
      "rev_growth_yoy": 1.0145214906397622,
      "rev_growth_yoy_accel": 0.12320403510765487,
      "op_leverage_ratio": 0.09522400385427511,
      "fcf_margin_change": 0.4550670367009425
    },
    {
      "date": "2025-03-31T00:00:00",
      "quarter_label": "2025-03 (Q1)",
      "revenue": 29129000,
      "gross_profit": 10618000,
      "operating_income": 128097000,
      "net_income": 129932000,
      "opex": -98968000,
      "cogs": 18511000,
      "rd": 24756000,
      "sga": null,
      "fcf": -19347000,
      "ocf": -19185000,
      "capex": -162000,
      "gross_margin": 0.3645164612585396,
      "op_margin": 4.397576298534107,
      "fcf_margin": -0.6641834597823475,
      "incr_op_margin_yoy": 8.932192757342458,
      "rev_growth_yoy": 1.5124202173538037,
      "rev_growth_yoy_accel": 0.49789872671404156,
      "fcf_margin_change": 0.29702431024341747
    },
    {
      "date": "2025-06-30T00:00:00",
      "quarter_label": "2025-06 (Q2)",
      "revenue": 42683000,
      "gross_profit": 16662000,
      "operating_income": -78051000,
      "net_income": -74724000,
      "opex": 120734000,
      "cogs": 26021000,
      "rd": 25805000,
      "sga": null,
      "fcf": -24689000,
      "ocf": -24497000,
      "capex": -192000,
      "gross_margin": 0.39036618794367783,
      "op_margin": -1.828620293793782,
      "fcf_margin": -0.5784270084108427,
      "incr_op_margin_yoy": -1.9186886143526916,
      "rev_growth_yoy": 2.1706284355964938,
      "rev_growth_yoy_accel": 0.65820821824269,
      "op_leverage_ratio": Infinity,
      "fcf_margin_change": 0.08575645137150478
    },
    {
      "date": "2025-09-30T00:00:00",
      "quarter_label": "2025-09 (Q3)",
      "revenue": 42049000,
      "gross_profit": 17921000,
      "operating_income": -115891000,
      "net_income": -109271000,
      "opex": 157940000,
      "cogs": 24128000,
      "rd": 22848000,
      "sga": null,
      "fcf": -32826000,
      "ocf": -32654000,
      "capex": -172000,
      "gross_margin": 0.42619325073128966,
      "op_margin": -2.7560940807153558,
      "fcf_margin": -0.7806606578039906,
      "incr_op_margin_yoy": -4.843644942494839,
      "rev_growth_yoy": 0.6756595202040329,
      "rev_growth_yoy_accel": -1.494968915392461,
      "fcf_margin_change": -0.20223364939314792
    }
  ],
  "signals": [
    {
      "quarter": "2025-09 (Q3)",
      "signal": "YoY REVENUE GROWTH DECELERATION",
      "detail": "YoY growth: +67.6% vs prior quarter YoY: +217.1% (decel: -149.5%)",
      "severity": "WARNING"
    },
    {
      "quarter": "2025-06 (Q2)",
      "signal": "FCF MARGIN EXPANSION",
      "detail": "FCF margin: -66.4% -> -57.8% (+8.6%)",
      "severity": "MEDIUM"
    },
    {
      "quarter": "2025-06 (Q2)",
      "signal": "GROSS MARGIN INFLECTION",
      "detail": "GM: +39.9% -> +36.5% -> +39.0% (reversal +2.6%)",
      "severity": "MEDIUM"
    },
    {
      "quarter": "2025-06 (Q2)",
      "signal": "YoY REVENUE GROWTH ACCELERATION",
      "detail": "YoY growth: +217.1% vs prior quarter YoY: +151.2% (accel: +65.8%)",
      "severity": "HIGH"
    },
    {
      "quarter": "2025-03 (Q1)",
      "signal": "FCF MARGIN EXPANSION",
      "detail": "FCF margin: -96.1% -> -66.4% (+29.7%)",
      "severity": "MEDIUM"
    },
    {
      "quarter": "2025-03 (Q1)",
      "signal": "YoY REVENUE GROWTH ACCELERATION",
      "detail": "YoY growth: +151.2% vs prior quarter YoY: +101.5% (accel: +49.8%)",
      "severity": "HIGH"
    },
    {
      "quarter": "2025-03 (Q1)",
      "signal": "OP MARGIN TURNED POSITIVE (YoY)",
      "detail": "Op margin: -246.1% (year-ago) -> +439.8%",
      "severity": "HIGH"
    },
    {
      "quarter": "2025-03 (Q1)",
      "signal": "OP MARGIN TURNED POSITIVE (QoQ)",
      "detail": "Op margin: -744.2% -> +439.8%",
      "severity": "HIGH"
    },
    {
      "quarter": "2024-12 (Q4)",
      "signal": "FCF MARGIN EXPANSION",
      "detail": "FCF margin: -141.6% -> -96.1% (+45.5%)",
      "severity": "MEDIUM"
    },
    {
      "quarter": "2024-12 (Q4)",
      "signal": "YoY REVENUE GROWTH ACCELERATION",
      "detail": "YoY growth: +101.5% vs prior quarter YoY: +89.1% (accel: +12.3%)",
      "severity": "MEDIUM"
    },
    {
      "quarter": "2024-09 (Q3)",
      "signal": "YoY REVENUE GROWTH ACCELERATION",
      "detail": "YoY growth: +89.1% vs prior quarter YoY: +53.8% (accel: +35.3%)",
      "severity": "HIGH"
    },
    {
      "quarter": "2024-06 (Q2)",
      "signal": "FCF MARGIN EXPANSION",
      "detail": "FCF margin: -190.2% -> -139.1% (+51.0%)",
      "severity": "MEDIUM"
    },
    {
      "quarter": "2024-06 (Q2)",
      "signal": "GROSS MARGIN INFLECTION",
      "detail": "GM: +77.2% -> +59.7% -> +63.0% (reversal +3.3%)",
      "severity": "MEDIUM"
    },
    {
      "quarter": "2024-06 (Q2)",
      "signal": "YoY REVENUE GROWTH DECELERATION",
      "detail": "YoY growth: +53.8% vs prior quarter YoY: +72.9% (decel: -19.0%)",
      "severity": "WARNING"
    },
    {
      "quarter": "2024-03 (Q1)",
      "signal": "YoY REVENUE GROWTH DECELERATION",
      "detail": "YoY growth: +72.9% vs prior quarter YoY: +80.5% (decel: -7.6%)",
      "severity": "WARNING"
    },
    {
      "quarter": "2023-12 (Q4)",
      "signal": "FCF MARGIN EXPANSION",
      "detail": "FCF margin: -152.5% -> -81.2% (+71.3%)",
      "severity": "MEDIUM"
    },
    {
      "quarter": "2023-12 (Q4)",
      "signal": "OPERATING LEVERAGE",
      "detail": "Rev growth +29.2% vs OpEx growth +6.3% (leverage: 4.7x)",
      "severity": "MEDIUM"
    },
    {
      "quarter": "2023-12 (Q4)",
      "signal": "GROSS MARGIN INFLECTION",
      "detail": "GM: +79.1% -> +72.9% -> +77.2% (reversal +4.2%)",
      "severity": "MEDIUM"
    },
    {
      "quarter": "2023-12 (Q4)",
      "signal": "YoY REVENUE GROWTH ACCELERATION",
      "detail": "YoY growth: +80.5% vs prior quarter YoY: +18.6% (accel: +61.9%)",
      "severity": "HIGH"
    },
    {
      "quarter": "2023-09 (Q3)",
      "signal": "FCF MARGIN EXPANSION",
      "detail": "FCF margin: -227.8% -> -152.5% (+75.3%)",
      "severity": "MEDIUM"
    },
    {
      "quarter": "2023-09 (Q3)",
      "signal": "OPERATING LEVERAGE",
      "detail": "Rev growth +51.6% vs OpEx growth +10.4% (leverage: 5.0x)",
      "severity": "MEDIUM"
    },
    {
      "quarter": "2023-09 (Q3)",
      "signal": "YoY REVENUE GROWTH DECELERATION",
      "detail": "YoY growth: +18.6% vs prior quarter YoY: +42.2% (decel: -23.6%)",
      "severity": "WARNING"
    },
    {
      "quarter": "2023-06 (Q2)",
      "signal": "GROSS MARGIN INFLECTION",
      "detail": "GM: +71.0% -> +70.5% -> +79.1% (reversal +8.5%)",
      "severity": "HIGH"
    },
    {
      "quarter": "2023-06 (Q2)",
      "signal": "YoY REVENUE GROWTH DECELERATION",
      "detail": "YoY growth: +42.2% vs prior quarter YoY: +56.3% (decel: -14.1%)",
      "severity": "WARNING"
    },
    {
      "quarter": "2023-03 (Q1)",
      "signal": "YoY REVENUE GROWTH DECELERATION",
      "detail": "YoY growth: +56.3% vs prior quarter YoY: +84.4% (decel: -28.1%)",
      "severity": "WARNING"
    },
    {
      "quarter": "2022-12 (Q4)",
      "signal": "FCF MARGIN EXPANSION",
      "detail": "FCF margin: -241.8% -> -216.3% (+25.4%)",
      "severity": "MEDIUM"
    },
    {
      "quarter": "2022-12 (Q4)",
      "signal": "YoY REVENUE GROWTH DECELERATION",
      "detail": "YoY growth: +84.4% vs prior quarter YoY: +177.7% (decel: -93.3%)",
      "severity": "WARNING"
    },
    {
      "quarter": "2022-09 (Q3)",
      "signal": "FCF MARGIN EXPANSION",
      "detail": "FCF margin: -522.6% -> -241.8% (+280.8%)",
      "severity": "MEDIUM"
    },
    {
      "quarter": "2022-09 (Q3)",
      "signal": "OPERATING LEVERAGE",
      "detail": "Rev growth +81.8% vs OpEx growth +8.9% (leverage: 9.2x)",
      "severity": "MEDIUM"
    },
    {
      "quarter": "2022-09 (Q3)",
      "signal": "YoY REVENUE GROWTH ACCELERATION",
      "detail": "YoY growth: +177.7% vs prior quarter YoY: -25.7% (accel: +203.4%)",
      "severity": "HIGH"
    },
    {
      "quarter": "2022-06 (Q2)",
      "signal": "YoY REVENUE GROWTH DECELERATION",
      "detail": "YoY growth: -25.7% vs prior quarter YoY: +14.7% (decel: -40.4%)",
      "severity": "WARNING"
    },
    {
      "quarter": "2021-12 (Q4)",
      "signal": "FCF MARGIN EXPANSION",
      "detail": "FCF margin: -461.6% -> -300.6% (+161.1%)",
      "severity": "MEDIUM"
    },
    {
      "quarter": "2021-12 (Q4)",
      "signal": "OPERATING LEVERAGE",
      "detail": "Rev growth +27.9% vs OpEx growth +14.1% (leverage: 2.0x)",
      "severity": "MEDIUM"
    },
    {
      "quarter": "2021-12 (Q4)",
      "signal": "GROSS MARGIN INFLECTION",
      "detail": "GM: +80.3% -> +58.9% -> +66.9% (reversal +8.0%)",
      "severity": "HIGH"
    },
    {
      "quarter": "2021-06 (Q2)",
      "signal": "FCF MARGIN EXPANSION",
      "detail": "FCF margin: -393.3% -> -216.5% (+176.8%)",
      "severity": "MEDIUM"
    },
    {
      "quarter": "2021-06 (Q2)",
      "signal": "OPERATING LEVERAGE",
      "detail": "Rev growth +121.4% vs OpEx growth +2.1% (leverage: 58.9x)",
      "severity": "MEDIUM"
    }
  ],
  "data_quality": {
    "n_quarters": 19,
    "coverage": {
      "revenue": [
        19,
        19
      ],
      "gross_profit": [
        19,
        19
      ],
      "op_income": [
        19,
        19
      ],
      "fcf": [
        19,
        19
      ]
    },
    "gaps": [],
    "warnings": []
  },
  "market_cap": null,
  "source": "SEC EDGAR",
  "last_updated": "2026-02-03T01:12:30.168888"
}