{
  "ticker": "SPB",
  "name": "Spectrum Brands Holdings, Inc.",
  "quarters": [
    {
      "date": "2021-01-03T00:00:00",
      "quarter_label": "2021-01 (Q1)",
      "revenue": 1145000000,
      "gross_profit": 422300000,
      "operating_income": 123500000,
      "net_income": 72100000,
      "opex": 298800000,
      "cogs": null,
      "rd": 10500000,
      "sga": 9000000,
      "fcf": -117700000,
      "ocf": -110100000,
      "capex": -7600000,
      "gross_margin": 0.36882096069868997,
      "op_margin": 0.10786026200873362,
      "fcf_margin": -0.10279475982532751
    },
    {
      "date": "2021-04-04T00:00:00",
      "quarter_label": "2021-04 (Q2)",
      "revenue": 1149800000,
      "gross_profit": 404000000,
      "operating_income": 116800000,
      "net_income": 36600000,
      "opex": 287200000,
      "cogs": null,
      "rd": 12500000,
      "sga": 8300000,
      "fcf": 21300000,
      "ocf": 30300000,
      "capex": -9000000,
      "gross_margin": 0.35136545486171505,
      "op_margin": 0.10158288397982258,
      "fcf_margin": 0.01852496086275874,
      "fcf_margin_change": 0.12131972068808625
    },
    {
      "date": "2021-07-04T00:00:00",
      "quarter_label": "2021-07 (Q3)",
      "revenue": 1162800000,
      "gross_profit": 407400000,
      "operating_income": 98000000,
      "net_income": 30700000,
      "opex": 309400000,
      "cogs": null,
      "rd": 13100000,
      "sga": 15000000,
      "fcf": 79100000,
      "ocf": 88700000,
      "capex": -9600000,
      "gross_margin": 0.35036119711042313,
      "op_margin": 0.08427932576539388,
      "fcf_margin": 0.06802545579635363,
      "op_leverage_ratio": 0.14626907303894607,
      "fcf_margin_change": 0.049500494933594895
    },
    {
      "date": "2021-09-30T00:00:00",
      "quarter_label": "2021-09 (Q3)",
      "revenue": 757800000,
      "gross_profit": 258200000,
      "operating_income": -241200000,
      "net_income": 50200000,
      "opex": 42100000,
      "cogs": null,
      "rd": -6300000,
      "sga": 14500000,
      "fcf": 262100000,
      "ocf": 279500000,
      "capex": -17400000,
      "gross_margin": 0.34072314594879916,
      "op_margin": -0.3182897862232779,
      "fcf_margin": 0.34586962259171283,
      "fcf_margin_change": 0.27784416679535917
    },
    {
      "date": "2022-01-02T00:00:00",
      "quarter_label": "2022-01 (Q1)",
      "revenue": 757200000,
      "gross_profit": 219300000,
      "operating_income": -23800000,
      "net_income": 8200000,
      "opex": 243100000,
      "cogs": null,
      "rd": 7600000,
      "sga": 9500000,
      "fcf": -285200000,
      "ocf": -271100000,
      "capex": -14100000,
      "gross_margin": 0.28961965134706813,
      "op_margin": -0.03143159006867406,
      "fcf_margin": -0.37665081880612783,
      "incr_op_margin_yoy": 0.37983496647756576,
      "rev_growth_yoy": -0.3386899563318777,
      "fcf_margin_change": -0.7225204413978407
    },
    {
      "date": "2022-04-03T00:00:00",
      "quarter_label": "2022-04 (Q2)",
      "revenue": 807800000,
      "gross_profit": 255600000,
      "operating_income": -8100000,
      "net_income": 15900000,
      "opex": 263700000,
      "cogs": null,
      "rd": 8200000,
      "sga": 9900000,
      "fcf": 54000000,
      "ocf": 64200000,
      "capex": -10200000,
      "gross_margin": 0.31641495419658333,
      "op_margin": -0.010027234463976232,
      "fcf_margin": 0.06684822975984155,
      "incr_op_margin_yoy": 0.3652046783625731,
      "rev_growth_yoy": -0.29744303357105584,
      "rev_growth_yoy_accel": 0.04124692276082187,
      "op_leverage_ratio": 0.7886015929920658,
      "fcf_margin_change": 0.4434990485659694
    },
    {
      "date": "2022-07-03T00:00:00",
      "quarter_label": "2022-07 (Q3)",
      "revenue": 818000000,
      "gross_profit": 276000000,
      "operating_income": 38700000,
      "net_income": 32700000,
      "opex": 237300000,
      "cogs": null,
      "rd": 6100000,
      "sga": 7200000,
      "fcf": 47500000,
      "ocf": 68500000,
      "capex": -21000000,
      "gross_margin": 0.3374083129584352,
      "op_margin": 0.04731051344743276,
      "fcf_margin": 0.05806845965770171,
      "incr_op_margin_yoy": 0.17198375870069604,
      "rev_growth_yoy": -0.29652562779497765,
      "rev_growth_yoy_accel": 0.000917405776078184,
      "op_leverage_ratio": Infinity,
      "fcf_margin_change": -0.008779770102139837
    },
    {
      "date": "2022-09-30T00:00:00",
      "quarter_label": "2022-09 (Q3)",
      "revenue": 749500000,
      "gross_profit": 239500000,
      "operating_income": 16500000,
      "net_income": 14800000,
      "opex": 223000000,
      "cogs": null,
      "rd": 4700000,
      "sga": 14800000,
      "fcf": 65900000,
      "ocf": 84600000,
      "capex": -18700000,
      "gross_margin": 0.31954636424282856,
      "op_margin": 0.022014676450967312,
      "fcf_margin": 0.08792528352234823,
      "incr_op_margin_yoy": -31.048192771084338,
      "rev_growth_yoy": -0.010952757983636844,
      "rev_growth_yoy_accel": 0.28557286981134083,
      "fcf_margin_change": 0.02985682386464652
    },
    {
      "date": "2023-01-01T00:00:00",
      "quarter_label": "2023-01 (Q1)",
      "revenue": 713300000,
      "gross_profit": 201900000,
      "operating_income": -20200000,
      "net_income": -20900000,
      "opex": 222100000,
      "cogs": 511400000,
      "rd": 6200000,
      "sga": 8200000,
      "fcf": -74200000,
      "ocf": -64200000,
      "capex": -10000000,
      "gross_margin": 0.28305060984158137,
      "op_margin": -0.02831908033085658,
      "fcf_margin": -0.10402355250245339,
      "incr_op_margin_yoy": -0.08200455580865604,
      "rev_growth_yoy": -0.05797675647120972,
      "rev_growth_yoy_accel": -0.047023998487572875,
      "fcf_margin_change": -0.19194883602480162
    },
    {
      "date": "2023-04-02T00:00:00",
      "quarter_label": "2023-04 (Q2)",
      "revenue": 729200000,
      "gross_profit": 214500000,
      "operating_income": -77000000,
      "net_income": -53700000,
      "opex": 291500000,
      "cogs": 514700000,
      "rd": 5200000,
      "sga": 8500000,
      "fcf": 225900000,
      "ocf": 241800000,
      "capex": -15900000,
      "gross_margin": 0.294157981349424,
      "op_margin": -0.10559517279210093,
      "fcf_margin": 0.3097915523861766,
      "incr_op_margin_yoy": 0.8765903307888041,
      "rev_growth_yoy": -0.09730131220599159,
      "rev_growth_yoy_accel": -0.039324555734781864,
      "op_leverage_ratio": 0.0713368598521868,
      "fcf_margin_change": 0.41381510488863
    },
    {
      "date": "2023-07-02T00:00:00",
      "quarter_label": "2023-07 (Q3)",
      "revenue": 735500000,
      "gross_profit": 263500000,
      "operating_income": -124700000,
      "net_income": 1859200000,
      "opex": 388200000,
      "cogs": 472000000,
      "rd": 5300000,
      "sga": 5100000,
      "fcf": -91700000,
      "ocf": -73300000,
      "capex": -18400000,
      "gross_margin": 0.35825968728755947,
      "op_margin": -0.16954452753229096,
      "fcf_margin": -0.12467709041468389,
      "incr_op_margin_yoy": 1.9806060606060607,
      "rev_growth_yoy": -0.1008557457212714,
      "rev_growth_yoy_accel": -0.0035544335152798145,
      "fcf_margin_change": -0.4344686428008605
    },
    {
      "date": "2023-09-30T00:00:00",
      "quarter_label": "2023-09 (Q3)",
      "revenue": 740700000,
      "gross_profit": 244400000,
      "operating_income": 16200000,
      "net_income": 16800000,
      "opex": 228200000,
      "cogs": 496300000,
      "rd": 5900000,
      "sga": -18700000,
      "fcf": -528700000,
      "ocf": -514000000,
      "capex": -14700000,
      "gross_margin": 0.32995814769812337,
      "op_margin": 0.02187120291616039,
      "fcf_margin": -0.7137842581341974,
      "incr_op_margin_yoy": 0.03409090909090909,
      "rev_growth_yoy": -0.011741160773849233,
      "rev_growth_yoy_accel": 0.08911458494742217,
      "fcf_margin_change": -0.5891071677195135
    },
    {
      "date": "2023-12-31T00:00:00",
      "quarter_label": "2023-12 (Q4)",
      "revenue": 692200000,
      "gross_profit": 244900000,
      "operating_income": 25000000,
      "net_income": 29100000,
      "opex": 219900000,
      "cogs": 447300000,
      "rd": null,
      "sga": 219900000,
      "fcf": -12700000,
      "ocf": -4300000,
      "capex": -8400000,
      "gross_margin": 0.35379947991909855,
      "op_margin": 0.0361167292689974,
      "fcf_margin": -0.01834729846865068,
      "incr_op_margin_yoy": -2.1421800947867298,
      "rev_growth_yoy": -0.02958082153371653,
      "rev_growth_yoy_accel": -0.017839660759867294,
      "fcf_margin_change": 0.6954369596655468
    },
    {
      "date": "2024-03-31T00:00:00",
      "quarter_label": "2024-03 (Q1)",
      "revenue": 718500000,
      "gross_profit": 273400000,
      "operating_income": 75900000,
      "net_income": 61100000,
      "opex": 197500000,
      "cogs": 445100000,
      "rd": null,
      "sga": 223500000,
      "fcf": -9000000,
      "ocf": 3500000,
      "capex": -12500000,
      "gross_margin": 0.38051496172581767,
      "op_margin": 0.10563674321503132,
      "fcf_margin": -0.012526096033402923,
      "incr_op_margin_yoy": -14.289719626168225,
      "rev_growth_yoy": -0.014673614920460779,
      "rev_growth_yoy_accel": 0.014907206613255751,
      "op_leverage_ratio": Infinity,
      "fcf_margin_change": 0.0058212024352477555
    },
    {
      "date": "2024-06-30T00:00:00",
      "quarter_label": "2024-06 (Q2)",
      "revenue": 779400000,
      "gross_profit": 302800000,
      "operating_income": 47700000,
      "net_income": 6100000,
      "opex": 255100000,
      "cogs": 476600000,
      "rd": null,
      "sga": 255100000,
      "fcf": 72600000,
      "ocf": 82700000,
      "capex": -10100000,
      "gross_margin": 0.38850397741852705,
      "op_margin": 0.061200923787528866,
      "fcf_margin": 0.09314857582755966,
      "incr_op_margin_yoy": 3.927107061503417,
      "rev_growth_yoy": 0.05968728755948335,
      "rev_growth_yoy_accel": 0.07436090247994412,
      "op_leverage_ratio": 0.2906264497796335,
      "fcf_margin_change": 0.10567467186096258
    },
    {
      "date": "2024-09-30T00:00:00",
      "quarter_label": "2024-09 (Q3)",
      "revenue": 773700000,
      "gross_profit": 288100000,
      "operating_income": 22000000,
      "net_income": 28600000,
      "opex": 266100000,
      "cogs": 485600000,
      "rd": null,
      "sga": 263900000,
      "fcf": 67700000,
      "ocf": 80700000,
      "capex": -13000000,
      "gross_margin": 0.37236655034251004,
      "op_margin": 0.028434793847744604,
      "fcf_margin": 0.0875016156132868,
      "incr_op_margin_yoy": 0.17575757575757575,
      "rev_growth_yoy": 0.04455245038477116,
      "rev_growth_yoy_accel": -0.015134837174712187,
      "fcf_margin_change": -0.005646960214272856
    },
    {
      "date": "2024-12-29T00:00:00",
      "quarter_label": "2024-12 (Q4)",
      "revenue": 700200000,
      "gross_profit": 257800000,
      "operating_income": 44700000,
      "net_income": 23500000,
      "opex": 213100000,
      "cogs": 442400000,
      "rd": null,
      "sga": 213100000,
      "fcf": -78300000,
      "ocf": -72400000,
      "capex": -5900000,
      "gross_margin": 0.368180519851471,
      "op_margin": 0.06383890317052271,
      "fcf_margin": -0.11182519280205655,
      "incr_op_margin_yoy": 2.4625,
      "rev_growth_yoy": 0.011557353366079168,
      "rev_growth_yoy_accel": -0.03299509701869199,
      "fcf_margin_change": -0.19932680841534334
    },
    {
      "date": "2025-03-30T00:00:00",
      "quarter_label": "2025-03 (Q1)",
      "revenue": 675700000,
      "gross_profit": 253400000,
      "operating_income": 19500000,
      "net_income": 900000,
      "opex": 233900000,
      "cogs": 422300000,
      "rd": null,
      "sga": 218200000,
      "fcf": 13900000,
      "ocf": 23100000,
      "capex": -9200000,
      "gross_margin": 0.375018499334024,
      "op_margin": 0.028858961077401213,
      "fcf_margin": 0.02057125943466035,
      "incr_op_margin_yoy": 1.3177570093457944,
      "rev_growth_yoy": -0.05956854558107168,
      "rev_growth_yoy_accel": -0.07112589894715085,
      "fcf_margin_change": 0.1323964522367169
    },
    {
      "date": "2025-06-29T00:00:00",
      "quarter_label": "2025-06 (Q2)",
      "revenue": 699600000,
      "gross_profit": 264100000,
      "operating_income": 31300000,
      "net_income": 19900000,
      "opex": 232800000,
      "cogs": 435500000,
      "rd": null,
      "sga": 225000000,
      "fcf": 71800000,
      "ocf": 81800000,
      "capex": -10000000,
      "gross_margin": 0.37750142938822184,
      "op_margin": 0.04473985134362493,
      "fcf_margin": 0.10263007432818753,
      "incr_op_margin_yoy": 0.20551378446115287,
      "rev_growth_yoy": -0.10238645111624327,
      "rev_growth_yoy_accel": -0.04281790553517159,
      "op_leverage_ratio": Infinity,
      "fcf_margin_change": 0.08205881489352718
    },
    {
      "date": "2025-09-30T00:00:00",
      "quarter_label": "2025-09 (Q3)",
      "revenue": 733500000,
      "gross_profit": 256600000,
      "operating_income": 29400000,
      "net_income": 55600000,
      "opex": 227200000,
      "cogs": 476900000,
      "rd": null,
      "sga": 226300000,
      "fcf": 157900000,
      "ocf": 171100000,
      "capex": -13200000,
      "gross_margin": 0.3498295841854124,
      "op_margin": 0.04008179959100205,
      "fcf_margin": 0.2152692569870484,
      "incr_op_margin_yoy": -0.18407960199004975,
      "rev_growth_yoy": -0.05195812330360605,
      "rev_growth_yoy_accel": 0.050428327812637216,
      "op_leverage_ratio": Infinity,
      "fcf_margin_change": 0.11263918265886087
    }
  ],
  "signals": [
    {
      "quarter": "2025-09 (Q3)",
      "signal": "FCF MARGIN EXPANSION",
      "detail": "FCF margin: +10.3% -> +21.5% (+11.3%)",
      "severity": "MEDIUM"
    },
    {
      "quarter": "2025-09 (Q3)",
      "signal": "YoY REVENUE GROWTH ACCELERATION",
      "detail": "YoY growth: -5.2% vs prior quarter YoY: -10.2% (accel: +5.0%)",
      "severity": "MEDIUM"
    },
    {
      "quarter": "2025-06 (Q2)",
      "signal": "FCF MARGIN EXPANSION",
      "detail": "FCF margin: +2.1% -> +10.3% (+8.2%)",
      "severity": "MEDIUM"
    },
    {
      "quarter": "2025-06 (Q2)",
      "signal": "INCREMENTAL MARGIN (YoY)",
      "detail": "YoY Incr OPM: +20.6% vs year-ago OPM: +6.1%",
      "severity": "MEDIUM"
    },
    {
      "quarter": "2025-03 (Q1)",
      "signal": "FCF TURNED POSITIVE",
      "detail": "FCF margin: -11.2% -> +2.1%",
      "severity": "HIGH"
    },
    {
      "quarter": "2025-03 (Q1)",
      "signal": "YoY REVENUE GROWTH DECELERATION",
      "detail": "YoY growth: -6.0% vs prior quarter YoY: +1.2% (decel: -7.1%)",
      "severity": "WARNING"
    },
    {
      "quarter": "2025-03 (Q1)",
      "signal": "INCREMENTAL MARGIN (YoY)",
      "detail": "YoY Incr OPM: +131.8% vs year-ago OPM: +10.6%",
      "severity": "HIGH"
    },
    {
      "quarter": "2024-12 (Q4)",
      "signal": "INCREMENTAL MARGIN (YoY)",
      "detail": "YoY Incr OPM: +246.2% vs year-ago OPM: +3.6%",
      "severity": "HIGH"
    },
    {
      "quarter": "2024-09 (Q3)",
      "signal": "INCREMENTAL MARGIN (YoY)",
      "detail": "YoY Incr OPM: +17.6% vs year-ago OPM: +2.2%",
      "severity": "MEDIUM"
    },
    {
      "quarter": "2024-06 (Q2)",
      "signal": "FCF TURNED POSITIVE",
      "detail": "FCF margin: -1.3% -> +9.3%",
      "severity": "HIGH"
    },
    {
      "quarter": "2024-06 (Q2)",
      "signal": "YoY REVENUE GROWTH ACCELERATION",
      "detail": "YoY growth: +6.0% vs prior quarter YoY: -1.5% (accel: +7.4%)",
      "severity": "MEDIUM"
    },
    {
      "quarter": "2024-06 (Q2)",
      "signal": "OP MARGIN TURNED POSITIVE (YoY)",
      "detail": "Op margin: -17.0% (year-ago) -> +6.1%",
      "severity": "HIGH"
    },
    {
      "quarter": "2024-03 (Q1)",
      "signal": "OP MARGIN TURNED POSITIVE (YoY)",
      "detail": "Op margin: -10.6% (year-ago) -> +10.6%",
      "severity": "HIGH"
    },
    {
      "quarter": "2023-12 (Q4)",
      "signal": "FCF MARGIN EXPANSION",
      "detail": "FCF margin: -71.4% -> -1.8% (+69.5%)",
      "severity": "MEDIUM"
    },
    {
      "quarter": "2023-12 (Q4)",
      "signal": "GROSS MARGIN INFLECTION",
      "detail": "GM: +35.8% -> +33.0% -> +35.4% (reversal +2.4%)",
      "severity": "MEDIUM"
    },
    {
      "quarter": "2023-12 (Q4)",
      "signal": "OP MARGIN TURNED POSITIVE (YoY)",
      "detail": "Op margin: -2.8% (year-ago) -> +3.6%",
      "severity": "HIGH"
    },
    {
      "quarter": "2023-09 (Q3)",
      "signal": "YoY REVENUE GROWTH ACCELERATION",
      "detail": "YoY growth: -1.2% vs prior quarter YoY: -10.1% (accel: +8.9%)",
      "severity": "MEDIUM"
    },
    {
      "quarter": "2023-09 (Q3)",
      "signal": "OP MARGIN TURNED POSITIVE (QoQ)",
      "detail": "Op margin: -17.0% -> +2.2%",
      "severity": "HIGH"
    },
    {
      "quarter": "2023-04 (Q2)",
      "signal": "FCF TURNED POSITIVE",
      "detail": "FCF margin: -10.4% -> +31.0%",
      "severity": "HIGH"
    },
    {
      "quarter": "2022-09 (Q3)",
      "signal": "YoY REVENUE GROWTH ACCELERATION",
      "detail": "YoY growth: -1.1% vs prior quarter YoY: -29.7% (accel: +28.6%)",
      "severity": "HIGH"
    },
    {
      "quarter": "2022-09 (Q3)",
      "signal": "OP MARGIN TURNED POSITIVE (YoY)",
      "detail": "Op margin: -31.8% (year-ago) -> +2.2%",
      "severity": "HIGH"
    },
    {
      "quarter": "2022-07 (Q3)",
      "signal": "OP MARGIN TURNED POSITIVE (QoQ)",
      "detail": "Op margin: -1.0% -> +4.7%",
      "severity": "HIGH"
    },
    {
      "quarter": "2022-04 (Q2)",
      "signal": "FCF TURNED POSITIVE",
      "detail": "FCF margin: -37.7% -> +6.7%",
      "severity": "HIGH"
    },
    {
      "quarter": "2022-04 (Q2)",
      "signal": "GROSS MARGIN INFLECTION",
      "detail": "GM: +34.1% -> +29.0% -> +31.6% (reversal +2.7%)",
      "severity": "MEDIUM"
    },
    {
      "quarter": "2021-09 (Q3)",
      "signal": "FCF MARGIN EXPANSION",
      "detail": "FCF margin: +6.8% -> +34.6% (+27.8%)",
      "severity": "MEDIUM"
    },
    {
      "quarter": "2021-04 (Q2)",
      "signal": "FCF TURNED POSITIVE",
      "detail": "FCF margin: -10.3% -> +1.9%",
      "severity": "HIGH"
    }
  ],
  "data_quality": {
    "n_quarters": 20,
    "coverage": {
      "revenue": [
        20,
        20
      ],
      "gross_profit": [
        20,
        20
      ],
      "op_income": [
        20,
        20
      ],
      "fcf": [
        20,
        20
      ]
    },
    "gaps": [],
    "warnings": []
  },
  "market_cap": null,
  "source": "SEC EDGAR",
  "last_updated": "2026-02-02T21:46:24.326100"
}