{
  "ticker": "SPGI",
  "name": "S&P Global Inc.",
  "quarters": [
    {
      "date": "2020-09-30T00:00:00",
      "quarter_label": "2020-09 (Q3)",
      "revenue": 1846000000,
      "gross_profit": 1327000000,
      "operating_income": 944000000,
      "net_income": 455000000,
      "opex": 910000000,
      "cogs": 519000000,
      "rd": null,
      "sga": 339000000,
      "fcf": 809000000,
      "ocf": 809000000,
      "capex": null,
      "gross_margin": 0.718851570964247,
      "op_margin": 0.5113759479956663,
      "fcf_margin": 0.43824485373781147
    },
    {
      "date": "2020-12-31T00:00:00",
      "quarter_label": "2020-12 (Q4)",
      "revenue": 1867000000,
      "gross_profit": 1308000000,
      "operating_income": 656000000,
      "net_income": 454000000,
      "opex": 1210000000,
      "cogs": 559000000,
      "rd": null,
      "sga": 599000000,
      "fcf": 1141000000,
      "ocf": 1141000000,
      "capex": null,
      "gross_margin": 0.7005891805034815,
      "op_margin": 0.3513658275307981,
      "fcf_margin": 0.611140867702196,
      "op_leverage_ratio": 0.03450704225352113,
      "fcf_margin_change": 0.17289601396438453
    },
    {
      "date": "2021-03-31T00:00:00",
      "quarter_label": "2021-03 (Q1)",
      "revenue": 2016000000,
      "gross_profit": 1489000000,
      "operating_income": 1081000000,
      "net_income": 755000000,
      "opex": 937000000,
      "cogs": 527000000,
      "rd": null,
      "sga": 360000000,
      "fcf": 768000000,
      "ocf": 768000000,
      "capex": null,
      "gross_margin": 0.7385912698412699,
      "op_margin": 0.5362103174603174,
      "fcf_margin": 0.38095238095238093,
      "op_leverage_ratio": Infinity,
      "fcf_margin_change": -0.23018848674981507
    },
    {
      "date": "2021-06-30T00:00:00",
      "quarter_label": "2021-06 (Q2)",
      "revenue": 2106000000,
      "gross_profit": 1573000000,
      "operating_income": 1154000000,
      "net_income": 798000000,
      "opex": 952000000,
      "cogs": 533000000,
      "rd": null,
      "sga": 374000000,
      "fcf": 923000000,
      "ocf": 923000000,
      "capex": null,
      "gross_margin": 0.7469135802469136,
      "op_margin": 0.5479582146248813,
      "fcf_margin": 0.4382716049382716,
      "op_leverage_ratio": 2.7886904761904763,
      "fcf_margin_change": 0.05731922398589068
    },
    {
      "date": "2021-09-30T00:00:00",
      "quarter_label": "2021-09 (Q3)",
      "revenue": 2087000000,
      "gross_profit": 1544000000,
      "operating_income": 1083000000,
      "net_income": 797000000,
      "opex": 1007000000,
      "cogs": 543000000,
      "rd": null,
      "sga": 423000000,
      "fcf": 967000000,
      "ocf": 967000000,
      "capex": null,
      "gross_margin": 0.7398179204599904,
      "op_margin": 0.518926689027312,
      "fcf_margin": 0.4633445136559655,
      "incr_op_margin_yoy": 0.5767634854771784,
      "rev_growth_yoy": 0.1305525460455038,
      "fcf_margin_change": 0.02507290871769391
    },
    {
      "date": "2021-12-31T00:00:00",
      "quarter_label": "2021-12 (Q4)",
      "revenue": 2088000000,
      "gross_profit": 1496000000,
      "operating_income": 904000000,
      "net_income": 675000000,
      "opex": 1190000000,
      "cogs": 592000000,
      "rd": null,
      "sga": 557000000,
      "fcf": 940000000,
      "ocf": 940000000,
      "capex": null,
      "gross_margin": 0.7164750957854407,
      "op_margin": 0.4329501915708812,
      "fcf_margin": 0.4501915708812261,
      "incr_op_margin_yoy": 1.1221719457013575,
      "rev_growth_yoy": 0.11837171933583289,
      "rev_growth_yoy_accel": -0.012180826709670897,
      "fcf_margin_change": -0.01315294277473944
    },
    {
      "date": "2022-03-31T00:00:00",
      "quarter_label": "2022-03 (Q1)",
      "revenue": 2389000000,
      "gross_profit": 1640000000,
      "operating_income": 1892000000,
      "net_income": 1235000000,
      "opex": 1844000000,
      "cogs": 749000000,
      "rd": null,
      "sga": 958000000,
      "fcf": 222000000,
      "ocf": 222000000,
      "capex": null,
      "gross_margin": 0.6864796986186689,
      "op_margin": 0.7919631645039765,
      "fcf_margin": 0.09292591042277103,
      "incr_op_margin_yoy": 2.1742627345844503,
      "rev_growth_yoy": 0.18501984126984128,
      "rev_growth_yoy_accel": 0.06664812193400839,
      "op_leverage_ratio": 0.2623041817521412,
      "fcf_margin_change": -0.35726566045845504
    },
    {
      "date": "2022-06-30T00:00:00",
      "quarter_label": "2022-06 (Q2)",
      "revenue": 2993000000,
      "gross_profit": 1982000000,
      "operating_income": 1482000000,
      "net_income": 972000000,
      "opex": 2078000000,
      "cogs": 1011000000,
      "rd": null,
      "sga": 764000000,
      "fcf": 454000000,
      "ocf": 454000000,
      "capex": null,
      "gross_margin": 0.662211827597728,
      "op_margin": 0.49515536251252923,
      "fcf_margin": 0.1516872702973605,
      "incr_op_margin_yoy": 0.3697857948139797,
      "rev_growth_yoy": 0.4211775878442545,
      "rev_growth_yoy_accel": 0.23615774657441324,
      "op_leverage_ratio": 1.9923509818863525,
      "fcf_margin_change": 0.05876135987458948
    },
    {
      "date": "2022-09-30T00:00:00",
      "quarter_label": "2022-09 (Q3)",
      "revenue": 2861000000,
      "gross_profit": 1867000000,
      "operating_income": 853000000,
      "net_income": 608000000,
      "opex": 2012000000,
      "cogs": 994000000,
      "rd": null,
      "sga": 720000000,
      "fcf": 814000000,
      "ocf": 814000000,
      "capex": null,
      "gross_margin": 0.6525690318070605,
      "op_margin": 0.29814750087382036,
      "fcf_margin": 0.2845159035302342,
      "incr_op_margin_yoy": -0.2971576227390181,
      "rev_growth_yoy": 0.3708672735984667,
      "rev_growth_yoy_accel": -0.0503103142457878,
      "fcf_margin_change": 0.1328286332328737
    },
    {
      "date": "2022-12-31T00:00:00",
      "quarter_label": "2022-12 (Q4)",
      "revenue": 2937000000,
      "gross_profit": 1925000000,
      "operating_income": 716000000,
      "net_income": 433000000,
      "opex": 2228000000,
      "cogs": 1012000000,
      "rd": null,
      "sga": 941000000,
      "fcf": 1113000000,
      "ocf": 1113000000,
      "capex": null,
      "gross_margin": 0.6554307116104869,
      "op_margin": 0.24378617637044603,
      "fcf_margin": 0.37895812053115424,
      "incr_op_margin_yoy": -0.22143698468786807,
      "rev_growth_yoy": 0.40660919540229884,
      "rev_growth_yoy_accel": 0.03574192180383212,
      "op_leverage_ratio": 0.24744003003352882,
      "fcf_margin_change": 0.09444221700092004
    },
    {
      "date": "2023-03-31T00:00:00",
      "quarter_label": "2023-03 (Q1)",
      "revenue": 3160000000,
      "gross_profit": 2072000000,
      "operating_income": 1144000000,
      "net_income": 795000000,
      "opex": 2080000000,
      "cogs": 1088000000,
      "rd": null,
      "sga": 705000000,
      "fcf": 594000000,
      "ocf": 594000000,
      "capex": null,
      "gross_margin": 0.6556962025316456,
      "op_margin": 0.3620253164556962,
      "fcf_margin": 0.1879746835443038,
      "incr_op_margin_yoy": -0.9701686121919585,
      "rev_growth_yoy": 0.3227291753871913,
      "rev_growth_yoy_accel": -0.08388002001510753,
      "op_leverage_ratio": Infinity,
      "fcf_margin_change": -0.19098343698685044
    },
    {
      "date": "2023-06-30T00:00:00",
      "quarter_label": "2023-06 (Q2)",
      "revenue": 3101000000,
      "gross_profit": 2075000000,
      "operating_income": 911000000,
      "net_income": 511000000,
      "opex": 2082000000,
      "cogs": 1026000000,
      "rd": null,
      "sga": 771000000,
      "fcf": 769000000,
      "ocf": 769000000,
      "capex": null,
      "gross_margin": 0.6691389874234118,
      "op_margin": 0.29377620122541115,
      "fcf_margin": 0.24798452112221864,
      "incr_op_margin_yoy": -5.287037037037037,
      "rev_growth_yoy": 0.03608419645840294,
      "rev_growth_yoy_accel": -0.2866449789287884,
      "fcf_margin_change": 0.06000983757791484
    },
    {
      "date": "2023-09-30T00:00:00",
      "quarter_label": "2023-09 (Q3)",
      "revenue": 3084000000,
      "gross_profit": 2089000000,
      "operating_income": 1074000000,
      "net_income": 742000000,
      "opex": 2018000000,
      "cogs": 995000000,
      "rd": null,
      "sga": 741000000,
      "fcf": 1013000000,
      "ocf": 1013000000,
      "capex": null,
      "gross_margin": 0.6773670557717251,
      "op_margin": 0.34824902723735407,
      "fcf_margin": 0.32846952010376135,
      "incr_op_margin_yoy": 0.9910313901345291,
      "rev_growth_yoy": 0.07794477455435163,
      "rev_growth_yoy_accel": 0.04186057809594869,
      "fcf_margin_change": 0.08048499898154271
    },
    {
      "date": "2023-12-31T00:00:00",
      "quarter_label": "2023-12 (Q4)",
      "revenue": 3152000000,
      "gross_profit": 2120000000,
      "operating_income": 890000000,
      "net_income": 579000000,
      "opex": 2264000000,
      "cogs": 1032000000,
      "rd": null,
      "sga": 942000000,
      "fcf": 1334000000,
      "ocf": 1334000000,
      "capex": null,
      "gross_margin": 0.6725888324873096,
      "op_margin": 0.2823604060913706,
      "fcf_margin": 0.4232233502538071,
      "incr_op_margin_yoy": 0.8093023255813954,
      "rev_growth_yoy": 0.073203949608444,
      "rev_growth_yoy_accel": -0.004740824945907635,
      "op_leverage_ratio": 0.18087585545116153,
      "fcf_margin_change": 0.09475383015004574
    },
    {
      "date": "2024-03-31T00:00:00",
      "quarter_label": "2024-03 (Q1)",
      "revenue": 3491000000,
      "gross_profit": 2371000000,
      "operating_income": 1385000000,
      "net_income": 991000000,
      "opex": 2112000000,
      "cogs": 1120000000,
      "rd": null,
      "sga": 705000000,
      "fcf": 948000000,
      "ocf": 948000000,
      "capex": null,
      "gross_margin": 0.6791750214838155,
      "op_margin": 0.3967344600401031,
      "fcf_margin": 0.27155542824405615,
      "incr_op_margin_yoy": 0.7280966767371602,
      "rev_growth_yoy": 0.10474683544303798,
      "rev_growth_yoy_accel": 0.031542885834593984,
      "op_leverage_ratio": Infinity,
      "fcf_margin_change": -0.15166792200975093
    },
    {
      "date": "2024-06-30T00:00:00",
      "quarter_label": "2024-06 (Q2)",
      "revenue": 3549000000,
      "gross_profit": 2464000000,
      "operating_income": 1452000000,
      "net_income": 1011000000,
      "opex": 2110000000,
      "cogs": 1085000000,
      "rd": null,
      "sga": 734000000,
      "fcf": 1556000000,
      "ocf": 1556000000,
      "capex": null,
      "gross_margin": 0.6942800788954635,
      "op_margin": 0.4091293322062553,
      "fcf_margin": 0.4384333615102846,
      "incr_op_margin_yoy": 1.2075892857142858,
      "rev_growth_yoy": 0.14446952595936793,
      "rev_growth_yoy_accel": 0.039722690516329956,
      "op_leverage_ratio": Infinity,
      "fcf_margin_change": 0.16687793326622846
    },
    {
      "date": "2024-09-30T00:00:00",
      "quarter_label": "2024-09 (Q3)",
      "revenue": 3575000000,
      "gross_profit": 2503000000,
      "operating_income": 1434000000,
      "net_income": 971000000,
      "opex": 2173000000,
      "cogs": 1072000000,
      "rd": null,
      "sga": 808000000,
      "fcf": 1445000000,
      "ocf": 1445000000,
      "capex": null,
      "gross_margin": 0.7001398601398602,
      "op_margin": 0.4011188811188811,
      "fcf_margin": 0.4041958041958042,
      "incr_op_margin_yoy": 0.7331975560081466,
      "rev_growth_yoy": 0.15920881971465628,
      "rev_growth_yoy_accel": 0.014739293755288346,
      "fcf_margin_change": -0.034237557314480416
    },
    {
      "date": "2025-03-31T00:00:00",
      "quarter_label": "2025-03 (Q1)",
      "revenue": 3777000000,
      "gross_profit": 2624000000,
      "operating_income": 1578000000,
      "net_income": 1090000000,
      "opex": 2210000000,
      "cogs": 1153000000,
      "rd": null,
      "sga": 764000000,
      "fcf": 953000000,
      "ocf": 953000000,
      "capex": null,
      "gross_margin": 0.6947312682022769,
      "op_margin": 0.4177918983320095,
      "fcf_margin": 0.25231665342864706,
      "incr_op_margin_yoy": 0.6748251748251748,
      "rev_growth_yoy": 0.08192494987109711,
      "rev_growth_yoy_accel": -0.07728386984355917,
      "op_leverage_ratio": 3.3184350784350785,
      "fcf_margin_change": -0.15187915076715713
    },
    {
      "date": "2025-06-30T00:00:00",
      "quarter_label": "2025-06 (Q2)",
      "revenue": 3755000000,
      "gross_profit": 2636000000,
      "operating_income": 1551000000,
      "net_income": 1072000000,
      "opex": 2218000000,
      "cogs": 1119000000,
      "rd": null,
      "sga": 803000000,
      "fcf": 1445000000,
      "ocf": 1445000000,
      "capex": null,
      "gross_margin": 0.7019973368841544,
      "op_margin": 0.4130492676431425,
      "fcf_margin": 0.3848202396804261,
      "incr_op_margin_yoy": 0.48058252427184467,
      "rev_growth_yoy": 0.058044519582981124,
      "rev_growth_yoy_accel": -0.023880430288115984,
      "fcf_margin_change": 0.13250358625177905
    },
    {
      "date": "2025-09-30T00:00:00",
      "quarter_label": "2025-09 (Q3)",
      "revenue": 3888000000,
      "gross_profit": 2767000000,
      "operating_income": 1675000000,
      "net_income": 1176000000,
      "opex": 2220000000,
      "cogs": 1121000000,
      "rd": null,
      "sga": 805000000,
      "fcf": 1505000000,
      "ocf": 1505000000,
      "capex": null,
      "gross_margin": 0.7116769547325102,
      "op_margin": 0.4308127572016461,
      "fcf_margin": 0.3870884773662551,
      "incr_op_margin_yoy": 0.7699680511182109,
      "rev_growth_yoy": 0.08755244755244755,
      "rev_growth_yoy_accel": 0.029507927969466427,
      "op_leverage_ratio": Infinity,
      "fcf_margin_change": 0.002268237685829011
    }
  ],
  "signals": [
    {
      "quarter": "2025-09 (Q3)",
      "signal": "OPERATING LEVERAGE",
      "detail": "Rev growth +3.5% vs OpEx growth +0.1% (leverage: 39.3x)",
      "severity": "MEDIUM"
    },
    {
      "quarter": "2025-09 (Q3)",
      "signal": "INCREMENTAL MARGIN (YoY)",
      "detail": "YoY Incr OPM: +77.0% vs year-ago OPM: +40.1%",
      "severity": "HIGH"
    },
    {
      "quarter": "2025-06 (Q2)",
      "signal": "FCF MARGIN EXPANSION",
      "detail": "FCF margin: +25.2% -> +38.5% (+13.3%)",
      "severity": "MEDIUM"
    },
    {
      "quarter": "2025-03 (Q1)",
      "signal": "OPERATING LEVERAGE",
      "detail": "Rev growth +5.7% vs OpEx growth +1.7% (leverage: 3.3x)",
      "severity": "MEDIUM"
    },
    {
      "quarter": "2025-03 (Q1)",
      "signal": "YoY REVENUE GROWTH DECELERATION",
      "detail": "YoY growth: +8.2% vs prior quarter YoY: +15.9% (decel: -7.7%)",
      "severity": "WARNING"
    },
    {
      "quarter": "2025-03 (Q1)",
      "signal": "INCREMENTAL MARGIN (YoY)",
      "detail": "YoY Incr OPM: +67.5% vs year-ago OPM: +39.7%",
      "severity": "HIGH"
    },
    {
      "quarter": "2024-09 (Q3)",
      "signal": "INCREMENTAL MARGIN (YoY)",
      "detail": "YoY Incr OPM: +73.3% vs year-ago OPM: +34.8%",
      "severity": "HIGH"
    },
    {
      "quarter": "2024-06 (Q2)",
      "signal": "FCF MARGIN EXPANSION",
      "detail": "FCF margin: +27.2% -> +43.8% (+16.7%)",
      "severity": "MEDIUM"
    },
    {
      "quarter": "2024-06 (Q2)",
      "signal": "INCREMENTAL MARGIN (YoY)",
      "detail": "YoY Incr OPM: +120.8% vs year-ago OPM: +29.4%",
      "severity": "HIGH"
    },
    {
      "quarter": "2024-03 (Q1)",
      "signal": "INCREMENTAL MARGIN (YoY)",
      "detail": "YoY Incr OPM: +72.8% vs year-ago OPM: +36.2%",
      "severity": "HIGH"
    },
    {
      "quarter": "2023-12 (Q4)",
      "signal": "FCF MARGIN EXPANSION",
      "detail": "FCF margin: +32.8% -> +42.3% (+9.5%)",
      "severity": "MEDIUM"
    },
    {
      "quarter": "2023-12 (Q4)",
      "signal": "INCREMENTAL MARGIN (YoY)",
      "detail": "YoY Incr OPM: +80.9% vs year-ago OPM: +24.4%",
      "severity": "HIGH"
    },
    {
      "quarter": "2023-09 (Q3)",
      "signal": "FCF MARGIN EXPANSION",
      "detail": "FCF margin: +24.8% -> +32.8% (+8.0%)",
      "severity": "MEDIUM"
    },
    {
      "quarter": "2023-09 (Q3)",
      "signal": "INCREMENTAL MARGIN (YoY)",
      "detail": "YoY Incr OPM: +99.1% vs year-ago OPM: +29.8%",
      "severity": "HIGH"
    },
    {
      "quarter": "2023-06 (Q2)",
      "signal": "FCF MARGIN EXPANSION",
      "detail": "FCF margin: +18.8% -> +24.8% (+6.0%)",
      "severity": "MEDIUM"
    },
    {
      "quarter": "2023-06 (Q2)",
      "signal": "YoY REVENUE GROWTH DECELERATION",
      "detail": "YoY growth: +3.6% vs prior quarter YoY: +32.3% (decel: -28.7%)",
      "severity": "WARNING"
    },
    {
      "quarter": "2023-03 (Q1)",
      "signal": "YoY REVENUE GROWTH DECELERATION",
      "detail": "YoY growth: +32.3% vs prior quarter YoY: +40.7% (decel: -8.4%)",
      "severity": "WARNING"
    },
    {
      "quarter": "2022-12 (Q4)",
      "signal": "FCF MARGIN EXPANSION",
      "detail": "FCF margin: +28.5% -> +37.9% (+9.4%)",
      "severity": "MEDIUM"
    },
    {
      "quarter": "2022-09 (Q3)",
      "signal": "FCF MARGIN EXPANSION",
      "detail": "FCF margin: +15.2% -> +28.5% (+13.3%)",
      "severity": "MEDIUM"
    },
    {
      "quarter": "2022-09 (Q3)",
      "signal": "YoY REVENUE GROWTH DECELERATION",
      "detail": "YoY growth: +37.1% vs prior quarter YoY: +42.1% (decel: -5.0%)",
      "severity": "WARNING"
    },
    {
      "quarter": "2022-06 (Q2)",
      "signal": "FCF MARGIN EXPANSION",
      "detail": "FCF margin: +9.3% -> +15.2% (+5.9%)",
      "severity": "MEDIUM"
    },
    {
      "quarter": "2022-06 (Q2)",
      "signal": "OPERATING LEVERAGE",
      "detail": "Rev growth +25.3% vs OpEx growth +12.7% (leverage: 2.0x)",
      "severity": "MEDIUM"
    },
    {
      "quarter": "2022-06 (Q2)",
      "signal": "YoY REVENUE GROWTH ACCELERATION",
      "detail": "YoY growth: +42.1% vs prior quarter YoY: +18.5% (accel: +23.6%)",
      "severity": "HIGH"
    },
    {
      "quarter": "2022-03 (Q1)",
      "signal": "YoY REVENUE GROWTH ACCELERATION",
      "detail": "YoY growth: +18.5% vs prior quarter YoY: +11.8% (accel: +6.7%)",
      "severity": "MEDIUM"
    },
    {
      "quarter": "2022-03 (Q1)",
      "signal": "INCREMENTAL MARGIN (YoY)",
      "detail": "YoY Incr OPM: +217.4% vs year-ago OPM: +53.6%",
      "severity": "HIGH"
    },
    {
      "quarter": "2021-12 (Q4)",
      "signal": "INCREMENTAL MARGIN (YoY)",
      "detail": "YoY Incr OPM: +112.2% vs year-ago OPM: +35.1%",
      "severity": "HIGH"
    },
    {
      "quarter": "2021-06 (Q2)",
      "signal": "FCF MARGIN EXPANSION",
      "detail": "FCF margin: +38.1% -> +43.8% (+5.7%)",
      "severity": "MEDIUM"
    },
    {
      "quarter": "2021-06 (Q2)",
      "signal": "OPERATING LEVERAGE",
      "detail": "Rev growth +4.5% vs OpEx growth +1.6% (leverage: 2.8x)",
      "severity": "MEDIUM"
    },
    {
      "quarter": "2021-03 (Q1)",
      "signal": "GROSS MARGIN INFLECTION",
      "detail": "GM: +71.9% -> +70.1% -> +73.9% (reversal +3.8%)",
      "severity": "MEDIUM"
    },
    {
      "quarter": "2020-12 (Q4)",
      "signal": "FCF MARGIN EXPANSION",
      "detail": "FCF margin: +43.8% -> +61.1% (+17.3%)",
      "severity": "MEDIUM"
    }
  ],
  "data_quality": {
    "n_quarters": 20,
    "coverage": {
      "revenue": [
        20,
        20
      ],
      "gross_profit": [
        20,
        20
      ],
      "op_income": [
        20,
        20
      ],
      "fcf": [
        20,
        20
      ]
    },
    "gaps": [
      [
        "2024-09 (Q3)",
        "2025-03 (Q1)",
        182
      ]
    ],
    "warnings": [
      "gap: 1Q missing between 2024-09 (Q3) and 2025-03 (Q1)"
    ]
  },
  "market_cap": null,
  "source": "SEC EDGAR",
  "last_updated": "2026-02-02T19:46:31.337674"
}