{
  "ticker": "SPH",
  "name": "SUBURBAN PROPANE PARTNERS LP",
  "quarters": [
    {
      "date": "2020-12-26T00:00:00",
      "quarter_label": "2020-12 (Q4)",
      "revenue": 305191000,
      "gross_profit": 201812000,
      "operating_income": 57686000,
      "net_income": 37977000,
      "opex": 247505000,
      "cogs": 103379000,
      "rd": null,
      "sga": null,
      "fcf": -1578000,
      "ocf": 4234000,
      "capex": -5812000,
      "gross_margin": 0.6612645851286572,
      "op_margin": 0.1890160587959671,
      "fcf_margin": -0.0051705325517462835
    },
    {
      "date": "2021-03-27T00:00:00",
      "quarter_label": "2021-03 (Q1)",
      "revenue": 537238000,
      "gross_profit": 305671000,
      "operating_income": 147157000,
      "net_income": 127216000,
      "opex": 390081000,
      "cogs": 231567000,
      "rd": null,
      "sga": null,
      "fcf": 89136000,
      "ocf": 97595000,
      "capex": -8459000,
      "gross_margin": 0.5689675711695747,
      "op_margin": 0.27391398225739805,
      "fcf_margin": 0.1659152926635867,
      "op_leverage_ratio": 1.3199023019622673,
      "fcf_margin_change": 0.171085825215333
    },
    {
      "date": "2021-06-26T00:00:00",
      "quarter_label": "2021-06 (Q2)",
      "revenue": 238085000,
      "gross_profit": 155029000,
      "operating_income": 8003000,
      "net_income": -26021000,
      "opex": 230082000,
      "cogs": 83056000,
      "rd": null,
      "sga": null,
      "fcf": 71460000,
      "ocf": 78948000,
      "capex": -7488000,
      "gross_margin": 0.651149799441376,
      "op_margin": 0.03361404540395237,
      "fcf_margin": 0.30014490623096796,
      "fcf_margin_change": 0.13422961356738125
    },
    {
      "date": "2021-09-25T00:00:00",
      "quarter_label": "2021-09 (Q3)",
      "revenue": 208241000,
      "gross_profit": 140765000,
      "operating_income": 390000,
      "net_income": -16379000,
      "opex": 207851000,
      "cogs": 67476000,
      "rd": null,
      "sga": null,
      "fcf": 37679000,
      "ocf": 45775000,
      "capex": -8096000,
      "gross_margin": 0.6759715906089578,
      "op_margin": 0.0018728300382729625,
      "fcf_margin": 0.1809393923386845,
      "fcf_margin_change": -0.11920551389228345
    },
    {
      "date": "2021-12-25T00:00:00",
      "quarter_label": "2021-12 (Q4)",
      "revenue": 375407000,
      "gross_profit": 179069000,
      "operating_income": 37256000,
      "net_income": 21298000,
      "opex": 338151000,
      "cogs": 196338000,
      "rd": null,
      "sga": null,
      "fcf": -24008000,
      "ocf": -13335000,
      "capex": -10673000,
      "gross_margin": 0.47699962973519405,
      "op_margin": 0.09924162309173777,
      "fcf_margin": -0.06395192417829183,
      "incr_op_margin_yoy": -0.2909593255098553,
      "rev_growth_yoy": 0.23007231536971928,
      "op_leverage_ratio": 1.2805289830684734,
      "fcf_margin_change": -0.24489131651697632
    },
    {
      "date": "2022-03-26T00:00:00",
      "quarter_label": "2022-03 (Q1)",
      "revenue": 588095000,
      "gross_profit": 349064000,
      "operating_income": 191961000,
      "net_income": 175102000,
      "opex": 396134000,
      "cogs": 239031000,
      "rd": null,
      "sga": null,
      "fcf": 97228000,
      "ocf": 108874000,
      "capex": -11646000,
      "gross_margin": 0.5935503617612801,
      "op_margin": 0.32641154915447335,
      "fcf_margin": 0.16532703049677347,
      "incr_op_margin_yoy": 0.8809800027528167,
      "rev_growth_yoy": 0.09466381752593822,
      "rev_growth_yoy_accel": -0.13540849784378106,
      "op_leverage_ratio": 3.3040804661342893,
      "fcf_margin_change": 0.22927895467506532
    },
    {
      "date": "2022-06-25T00:00:00",
      "quarter_label": "2022-06 (Q2)",
      "revenue": 300332000,
      "gross_profit": 159402000,
      "operating_income": 14771000,
      "net_income": -2535000,
      "opex": 285561000,
      "cogs": 140930000,
      "rd": null,
      "sga": null,
      "fcf": 64612000,
      "ocf": 75597000,
      "capex": -10985000,
      "gross_margin": 0.5307526337519811,
      "op_margin": 0.04918223832292263,
      "fcf_margin": 0.2151352503229759,
      "incr_op_margin_yoy": 0.10872813147621573,
      "rev_growth_yoy": 0.2614486422916185,
      "rev_growth_yoy_accel": 0.1667848247656803,
      "fcf_margin_change": 0.04980821982620243
    },
    {
      "date": "2022-09-24T00:00:00",
      "quarter_label": "2022-09 (Q3)",
      "revenue": 237631000,
      "gross_profit": 101807000,
      "operating_income": -37661000,
      "net_income": -54157000,
      "opex": 275292000,
      "cogs": 135824000,
      "rd": null,
      "sga": null,
      "fcf": 38363000,
      "ocf": 49411000,
      "capex": -11048000,
      "gross_margin": 0.4284247425630494,
      "op_margin": -0.1584852144711759,
      "fcf_margin": 0.16143937449238524,
      "incr_op_margin_yoy": -1.2946920721333788,
      "rev_growth_yoy": 0.14113455083292917,
      "rev_growth_yoy_accel": -0.12031409145868935,
      "fcf_margin_change": -0.053695875830590656
    },
    {
      "date": "2022-12-24T00:00:00",
      "quarter_label": "2022-12 (Q4)",
      "revenue": 397470000,
      "gross_profit": 214817000,
      "operating_income": 62315000,
      "net_income": 45394000,
      "opex": 335155000,
      "cogs": 182653000,
      "rd": null,
      "sga": null,
      "fcf": -4508000,
      "ocf": 6272000,
      "capex": -10780000,
      "gross_margin": 0.5404609152892043,
      "op_margin": 0.15677912798450197,
      "fcf_margin": -0.011341736483256598,
      "incr_op_margin_yoy": 1.135792956533563,
      "rev_growth_yoy": 0.058770880670845245,
      "rev_growth_yoy_accel": -0.08236367016208393,
      "op_leverage_ratio": 3.093248220033381,
      "fcf_margin_change": -0.17278111097564183
    },
    {
      "date": "2023-03-25T00:00:00",
      "quarter_label": "2023-03 (Q1)",
      "revenue": 526501000,
      "gross_profit": 294893000,
      "operating_income": 125679000,
      "net_income": 104477000,
      "opex": 400822000,
      "cogs": 231608000,
      "rd": null,
      "sga": null,
      "fcf": 85870000,
      "ocf": 99122000,
      "capex": -13252000,
      "gross_margin": 0.5600996009504255,
      "op_margin": 0.238706099323648,
      "fcf_margin": 0.16309560665601774,
      "incr_op_margin_yoy": 1.0761113095431374,
      "rev_growth_yoy": -0.10473477924484989,
      "rev_growth_yoy_accel": -0.16350565991569513,
      "op_leverage_ratio": 1.6568692392987607,
      "fcf_margin_change": 0.17443734313927434
    },
    {
      "date": "2023-06-24T00:00:00",
      "quarter_label": "2023-06 (Q2)",
      "revenue": 278628000,
      "gross_profit": 168182000,
      "operating_income": 14866000,
      "net_income": -5261000,
      "opex": 263762000,
      "cogs": 110446000,
      "rd": null,
      "sga": null,
      "fcf": 52644000,
      "ocf": 61998000,
      "capex": -9354000,
      "gross_margin": 0.6036076776203396,
      "op_margin": 0.05335429317943638,
      "fcf_margin": 0.1889400921658986,
      "incr_op_margin_yoy": -0.004377073350534464,
      "rev_growth_yoy": -0.0722666915280423,
      "rev_growth_yoy_accel": 0.03246808771680759,
      "fcf_margin_change": 0.02584448550988086
    },
    {
      "date": "2023-09-30T00:00:00",
      "quarter_label": "2023-09 (Q3)",
      "revenue": 226595000,
      "gross_profit": 161171000,
      "operating_income": 3989000,
      "net_income": -20858000,
      "opex": 222606000,
      "cogs": 65424000,
      "rd": null,
      "sga": null,
      "fcf": 46284000,
      "ocf": 57847000,
      "capex": -11563000,
      "gross_margin": 0.7112734173304794,
      "op_margin": 0.017604095412520136,
      "fcf_margin": 0.20425869944173525,
      "incr_op_margin_yoy": -3.7740123233055454,
      "rev_growth_yoy": -0.046441752128299756,
      "rev_growth_yoy_accel": 0.025824939399742543,
      "fcf_margin_change": 0.015318607275836643
    },
    {
      "date": "2023-12-30T00:00:00",
      "quarter_label": "2023-12 (Q4)",
      "revenue": 365834000,
      "gross_profit": 212781000,
      "operating_income": 48748000,
      "net_income": 24454000,
      "opex": 317086000,
      "cogs": 153053000,
      "rd": null,
      "sga": null,
      "fcf": -23925000,
      "ocf": -12775000,
      "capex": -11150000,
      "gross_margin": 0.5816326530612245,
      "op_margin": 0.13325169339099155,
      "fcf_margin": -0.06539851408015658,
      "incr_op_margin_yoy": 0.42884688329750914,
      "rev_growth_yoy": -0.07959342843485043,
      "rev_growth_yoy_accel": -0.03315167630655067,
      "op_leverage_ratio": 1.447796606253769,
      "fcf_margin_change": -0.2696572135218918
    },
    {
      "date": "2024-03-30T00:00:00",
      "quarter_label": "2024-03 (Q1)",
      "revenue": 498087000,
      "gross_profit": 307967000,
      "operating_income": 136860000,
      "net_income": 111500000,
      "opex": 361227000,
      "cogs": 190120000,
      "rd": null,
      "sga": null,
      "fcf": 60603000,
      "ocf": 75149000,
      "capex": -14546000,
      "gross_margin": 0.6182996143244052,
      "op_margin": 0.2747712748977588,
      "fcf_margin": 0.12167151521722108,
      "incr_op_margin_yoy": -0.3935032026465827,
      "rev_growth_yoy": -0.05396760879846382,
      "rev_growth_yoy_accel": 0.025625819636386604,
      "op_leverage_ratio": 2.5969068166548377,
      "fcf_margin_change": 0.18707002929737765
    },
    {
      "date": "2024-06-29T00:00:00",
      "quarter_label": "2024-06 (Q2)",
      "revenue": 254610000,
      "gross_profit": 160210000,
      "operating_income": 8190000,
      "net_income": -17191000,
      "opex": 246420000,
      "cogs": 94400000,
      "rd": null,
      "sga": null,
      "fcf": 46756000,
      "ocf": 61433000,
      "capex": -14677000,
      "gross_margin": 0.6292368720788657,
      "op_margin": 0.03216684340756451,
      "fcf_margin": 0.18363772043517537,
      "incr_op_margin_yoy": 0.277958198018153,
      "rev_growth_yoy": -0.08620095611352771,
      "rev_growth_yoy_accel": -0.03223334731506389,
      "fcf_margin_change": 0.06196620521795429
    },
    {
      "date": "2024-09-28T00:00:00",
      "quarter_label": "2024-09 (Q3)",
      "revenue": 208641000,
      "gross_profit": 124018000,
      "operating_income": -22548000,
      "net_income": -44589000,
      "opex": 231189000,
      "cogs": 84623000,
      "rd": null,
      "sga": null,
      "fcf": 17722000,
      "ocf": 36778000,
      "capex": -19056000,
      "gross_margin": 0.5944085774128767,
      "op_margin": -0.10807080104102262,
      "fcf_margin": 0.08494016037116386,
      "incr_op_margin_yoy": 1.4780550295198842,
      "rev_growth_yoy": -0.07923387541649198,
      "rev_growth_yoy_accel": 0.006967080697035735,
      "fcf_margin_change": -0.09869756006401151
    },
    {
      "date": "2024-12-28T00:00:00",
      "quarter_label": "2024-12 (Q4)",
      "revenue": 373329000,
      "gross_profit": 226167000,
      "operating_income": 59062000,
      "net_income": 19420000,
      "opex": 314267000,
      "cogs": 147162000,
      "rd": null,
      "sga": null,
      "fcf": -15061000,
      "ocf": 8782000,
      "capex": -23843000,
      "gross_margin": 0.6058114960262931,
      "op_margin": 0.15820362200632687,
      "fcf_margin": -0.04034243254609205,
      "incr_op_margin_yoy": 1.3761174116077386,
      "rev_growth_yoy": 0.02048743419146389,
      "rev_growth_yoy_accel": 0.09972130960795586,
      "op_leverage_ratio": 2.19656183444286,
      "fcf_margin_change": -0.1252825929172559
    },
    {
      "date": "2025-03-29T00:00:00",
      "quarter_label": "2025-03 (Q1)",
      "revenue": 587663000,
      "gross_profit": 345301000,
      "operating_income": 158413000,
      "net_income": 137121000,
      "opex": 429250000,
      "cogs": 242362000,
      "rd": null,
      "sga": null,
      "fcf": 20793000,
      "ocf": 40102000,
      "capex": -19309000,
      "gross_margin": 0.5875833598507988,
      "op_margin": 0.2695643591650317,
      "fcf_margin": 0.03538252365726616,
      "incr_op_margin_yoy": 0.24061132446190944,
      "rev_growth_yoy": 0.17984006810055272,
      "rev_growth_yoy_accel": 0.15935263390908883,
      "op_leverage_ratio": 1.5691500907168534,
      "fcf_margin_change": 0.0757249562033582
    },
    {
      "date": "2025-06-28T00:00:00",
      "quarter_label": "2025-06 (Q2)",
      "revenue": 260150000,
      "gross_profit": 160591000,
      "operating_income": 5591000,
      "net_income": -14835000,
      "opex": 254559000,
      "cogs": 99559000,
      "rd": null,
      "sga": null,
      "fcf": 80863000,
      "ocf": 95543000,
      "capex": -14680000,
      "gross_margin": 0.6173015567941572,
      "op_margin": 0.021491447241975783,
      "fcf_margin": 0.31083221218527773,
      "incr_op_margin_yoy": -0.4691335740072202,
      "rev_growth_yoy": 0.021758768312320806,
      "rev_growth_yoy_accel": -0.15808129978823193,
      "fcf_margin_change": 0.27544968852801155
    },
    {
      "date": "2025-09-27T00:00:00",
      "quarter_label": "2025-09 (Q3)",
      "revenue": 211376000,
      "gross_profit": 136753000,
      "operating_income": -16755000,
      "net_income": -35136000,
      "opex": 228131000,
      "cogs": 74623000,
      "rd": null,
      "sga": null,
      "fcf": 27701000,
      "ocf": 41829000,
      "capex": -14128000,
      "gross_margin": 0.6469655968511089,
      "op_margin": -0.07926633108772992,
      "fcf_margin": 0.13105082885474226,
      "incr_op_margin_yoy": 2.1180987202925046,
      "rev_growth_yoy": 0.013108641158736778,
      "rev_growth_yoy_accel": -0.008650127153584028,
      "fcf_margin_change": -0.17978138333053548
    }
  ],
  "signals": [
    {
      "quarter": "2025-06 (Q2)",
      "signal": "FCF MARGIN EXPANSION",
      "detail": "FCF margin: +3.5% -> +31.1% (+27.5%)",
      "severity": "MEDIUM"
    },
    {
      "quarter": "2025-06 (Q2)",
      "signal": "GROSS MARGIN INFLECTION",
      "detail": "GM: +60.6% -> +58.8% -> +61.7% (reversal +3.0%)",
      "severity": "MEDIUM"
    },
    {
      "quarter": "2025-06 (Q2)",
      "signal": "YoY REVENUE GROWTH DECELERATION",
      "detail": "YoY growth: +2.2% vs prior quarter YoY: +18.0% (decel: -15.8%)",
      "severity": "WARNING"
    },
    {
      "quarter": "2025-03 (Q1)",
      "signal": "FCF TURNED POSITIVE",
      "detail": "FCF margin: -4.0% -> +3.5%",
      "severity": "HIGH"
    },
    {
      "quarter": "2025-03 (Q1)",
      "signal": "OPERATING LEVERAGE",
      "detail": "Rev growth +57.4% vs OpEx growth +36.6% (leverage: 1.6x)",
      "severity": "MEDIUM"
    },
    {
      "quarter": "2025-03 (Q1)",
      "signal": "YoY REVENUE GROWTH ACCELERATION",
      "detail": "YoY growth: +18.0% vs prior quarter YoY: +2.0% (accel: +15.9%)",
      "severity": "HIGH"
    },
    {
      "quarter": "2024-12 (Q4)",
      "signal": "OPERATING LEVERAGE",
      "detail": "Rev growth +78.9% vs OpEx growth +35.9% (leverage: 2.2x)",
      "severity": "MEDIUM"
    },
    {
      "quarter": "2024-12 (Q4)",
      "signal": "YoY REVENUE GROWTH ACCELERATION",
      "detail": "YoY growth: +2.0% vs prior quarter YoY: -7.9% (accel: +10.0%)",
      "severity": "MEDIUM"
    },
    {
      "quarter": "2024-12 (Q4)",
      "signal": "INCREMENTAL MARGIN (YoY)",
      "detail": "YoY Incr OPM: +137.6% vs year-ago OPM: +13.3%",
      "severity": "HIGH"
    },
    {
      "quarter": "2024-12 (Q4)",
      "signal": "OP MARGIN TURNED POSITIVE (QoQ)",
      "detail": "Op margin: -10.8% -> +15.8%",
      "severity": "HIGH"
    },
    {
      "quarter": "2024-06 (Q2)",
      "signal": "FCF MARGIN EXPANSION",
      "detail": "FCF margin: +12.2% -> +18.4% (+6.2%)",
      "severity": "MEDIUM"
    },
    {
      "quarter": "2024-06 (Q2)",
      "signal": "INCREMENTAL MARGIN (YoY)",
      "detail": "YoY Incr OPM: +27.8% vs year-ago OPM: +5.3%",
      "severity": "HIGH"
    },
    {
      "quarter": "2024-03 (Q1)",
      "signal": "FCF TURNED POSITIVE",
      "detail": "FCF margin: -6.5% -> +12.2%",
      "severity": "HIGH"
    },
    {
      "quarter": "2024-03 (Q1)",
      "signal": "OPERATING LEVERAGE",
      "detail": "Rev growth +36.2% vs OpEx growth +13.9% (leverage: 2.6x)",
      "severity": "MEDIUM"
    },
    {
      "quarter": "2024-03 (Q1)",
      "signal": "GROSS MARGIN INFLECTION",
      "detail": "GM: +71.1% -> +58.2% -> +61.8% (reversal +3.7%)",
      "severity": "MEDIUM"
    },
    {
      "quarter": "2023-12 (Q4)",
      "signal": "INCREMENTAL MARGIN (YoY)",
      "detail": "YoY Incr OPM: +42.9% vs year-ago OPM: +15.7%",
      "severity": "HIGH"
    },
    {
      "quarter": "2023-09 (Q3)",
      "signal": "OP MARGIN TURNED POSITIVE (YoY)",
      "detail": "Op margin: -15.8% (year-ago) -> +1.8%",
      "severity": "HIGH"
    },
    {
      "quarter": "2023-03 (Q1)",
      "signal": "FCF TURNED POSITIVE",
      "detail": "FCF margin: -1.1% -> +16.3%",
      "severity": "HIGH"
    },
    {
      "quarter": "2023-03 (Q1)",
      "signal": "OPERATING LEVERAGE",
      "detail": "Rev growth +32.5% vs OpEx growth +19.6% (leverage: 1.7x)",
      "severity": "MEDIUM"
    },
    {
      "quarter": "2023-03 (Q1)",
      "signal": "YoY REVENUE GROWTH DECELERATION",
      "detail": "YoY growth: -10.5% vs prior quarter YoY: +5.9% (decel: -16.4%)",
      "severity": "WARNING"
    },
    {
      "quarter": "2023-03 (Q1)",
      "signal": "INCREMENTAL MARGIN (YoY)",
      "detail": "YoY Incr OPM: +107.6% vs year-ago OPM: +32.6%",
      "severity": "HIGH"
    },
    {
      "quarter": "2022-12 (Q4)",
      "signal": "OPERATING LEVERAGE",
      "detail": "Rev growth +67.3% vs OpEx growth +21.7% (leverage: 3.1x)",
      "severity": "MEDIUM"
    },
    {
      "quarter": "2022-12 (Q4)",
      "signal": "GROSS MARGIN INFLECTION",
      "detail": "GM: +53.1% -> +42.8% -> +54.0% (reversal +11.2%)",
      "severity": "HIGH"
    },
    {
      "quarter": "2022-12 (Q4)",
      "signal": "YoY REVENUE GROWTH DECELERATION",
      "detail": "YoY growth: +5.9% vs prior quarter YoY: +14.1% (decel: -8.2%)",
      "severity": "WARNING"
    },
    {
      "quarter": "2022-12 (Q4)",
      "signal": "INCREMENTAL MARGIN (YoY)",
      "detail": "YoY Incr OPM: +113.6% vs year-ago OPM: +9.9%",
      "severity": "HIGH"
    },
    {
      "quarter": "2022-12 (Q4)",
      "signal": "OP MARGIN TURNED POSITIVE (QoQ)",
      "detail": "Op margin: -15.8% -> +15.7%",
      "severity": "HIGH"
    },
    {
      "quarter": "2022-09 (Q3)",
      "signal": "YoY REVENUE GROWTH DECELERATION",
      "detail": "YoY growth: +14.1% vs prior quarter YoY: +26.1% (decel: -12.0%)",
      "severity": "WARNING"
    },
    {
      "quarter": "2022-06 (Q2)",
      "signal": "YoY REVENUE GROWTH ACCELERATION",
      "detail": "YoY growth: +26.1% vs prior quarter YoY: +9.5% (accel: +16.7%)",
      "severity": "HIGH"
    },
    {
      "quarter": "2022-03 (Q1)",
      "signal": "FCF TURNED POSITIVE",
      "detail": "FCF margin: -6.4% -> +16.5%",
      "severity": "HIGH"
    },
    {
      "quarter": "2022-03 (Q1)",
      "signal": "OPERATING LEVERAGE",
      "detail": "Rev growth +56.7% vs OpEx growth +17.1% (leverage: 3.3x)",
      "severity": "MEDIUM"
    },
    {
      "quarter": "2022-03 (Q1)",
      "signal": "GROSS MARGIN INFLECTION",
      "detail": "GM: +67.6% -> +47.7% -> +59.4% (reversal +11.7%)",
      "severity": "HIGH"
    },
    {
      "quarter": "2022-03 (Q1)",
      "signal": "YoY REVENUE GROWTH DECELERATION",
      "detail": "YoY growth: +9.5% vs prior quarter YoY: +23.0% (decel: -13.5%)",
      "severity": "WARNING"
    },
    {
      "quarter": "2022-03 (Q1)",
      "signal": "INCREMENTAL MARGIN (YoY)",
      "detail": "YoY Incr OPM: +88.1% vs year-ago OPM: +27.4%",
      "severity": "HIGH"
    },
    {
      "quarter": "2021-06 (Q2)",
      "signal": "FCF MARGIN EXPANSION",
      "detail": "FCF margin: +16.6% -> +30.0% (+13.4%)",
      "severity": "MEDIUM"
    },
    {
      "quarter": "2021-06 (Q2)",
      "signal": "GROSS MARGIN INFLECTION",
      "detail": "GM: +66.1% -> +56.9% -> +65.1% (reversal +8.2%)",
      "severity": "HIGH"
    },
    {
      "quarter": "2021-03 (Q1)",
      "signal": "FCF TURNED POSITIVE",
      "detail": "FCF margin: -0.5% -> +16.6%",
      "severity": "HIGH"
    }
  ],
  "data_quality": {
    "n_quarters": 20,
    "coverage": {
      "revenue": [
        20,
        20
      ],
      "gross_profit": [
        20,
        20
      ],
      "op_income": [
        20,
        20
      ],
      "fcf": [
        20,
        20
      ]
    },
    "gaps": [],
    "warnings": []
  },
  "market_cap": null,
  "source": "SEC EDGAR",
  "last_updated": "2026-02-02T21:52:51.883638"
}