{
  "ticker": "SPIR",
  "name": "SPIRE GLOBAL, INC.",
  "quarters": [
    {
      "date": "2020-12-31T00:00:00",
      "quarter_label": "2020-12 (Q4)",
      "revenue": 7269000,
      "gross_profit": 4805000,
      "operating_income": 43798000,
      "net_income": -10164000,
      "opex": 13029000,
      "cogs": 2464000,
      "rd": 6166000,
      "sga": null,
      "fcf": -8427000,
      "ocf": -6353000,
      "capex": -2074000,
      "gross_margin": 0.6610262759664328,
      "op_margin": 6.02531297289861,
      "fcf_margin": -1.159306644655386
    },
    {
      "date": "2021-03-31T00:00:00",
      "quarter_label": "2021-03 (Q1)",
      "revenue": 9716000,
      "gross_profit": 6388000,
      "operating_income": -949627,
      "net_income": -6170865,
      "opex": 19235000,
      "cogs": 3328000,
      "rd": 6900000,
      "sga": null,
      "fcf": -12199000,
      "ocf": -10821000,
      "capex": -1378000,
      "gross_margin": 0.6574722107863318,
      "op_margin": -0.09773847262247838,
      "fcf_margin": -1.2555578427336351,
      "op_leverage_ratio": 0.7067382769247712,
      "fcf_margin_change": -0.09625119807824922
    },
    {
      "date": "2021-06-30T00:00:00",
      "quarter_label": "2021-06 (Q2)",
      "revenue": 9113000,
      "gross_profit": 5386000,
      "operating_income": -1046400,
      "net_income": -3672053,
      "opex": 18959000,
      "cogs": 3727000,
      "rd": 7209000,
      "sga": null,
      "fcf": -11533000,
      "ocf": -7330000,
      "capex": -4203000,
      "gross_margin": 0.5910238121365082,
      "op_margin": -0.1148249753099967,
      "fcf_margin": -1.2655547020739604,
      "fcf_margin_change": -0.009996859340325237
    },
    {
      "date": "2021-09-30T00:00:00",
      "quarter_label": "2021-09 (Q3)",
      "revenue": 9561000,
      "gross_profit": 4223000,
      "operating_income": -17372000,
      "net_income": -32701000,
      "opex": 21595000,
      "cogs": 5338000,
      "rd": 7804000,
      "sga": null,
      "fcf": -25585000,
      "ocf": -21857000,
      "capex": -3728000,
      "gross_margin": 0.44169019976989854,
      "op_margin": -1.8169647526409372,
      "fcf_margin": -2.675975316389499,
      "op_leverage_ratio": 0.3535791637852643,
      "fcf_margin_change": -1.4104206143155384
    },
    {
      "date": "2021-12-31T00:00:00",
      "quarter_label": "2021-12 (Q4)",
      "revenue": 14985000,
      "gross_profit": 8658000,
      "operating_income": 111618000,
      "net_income": 59949000,
      "opex": 32692000,
      "cogs": 6327000,
      "rd": 9702000,
      "sga": null,
      "fcf": -24090000,
      "ocf": -17978000,
      "capex": -6112000,
      "gross_margin": 0.5777777777777777,
      "op_margin": 7.448648648648649,
      "fcf_margin": -1.6076076076076076,
      "incr_op_margin_yoy": 8.78952825298082,
      "rev_growth_yoy": 1.0614940156830375,
      "op_leverage_ratio": 1.1039870651416033,
      "fcf_margin_change": 1.0683677087818912
    },
    {
      "date": "2022-03-31T00:00:00",
      "quarter_label": "2022-03 (Q1)",
      "revenue": 18070000,
      "gross_profit": 8224000,
      "operating_income": -20022000,
      "net_income": -18158000,
      "opex": 28246000,
      "cogs": 9846000,
      "rd": 8657000,
      "sga": null,
      "fcf": -19234000,
      "ocf": -14991000,
      "capex": -4243000,
      "gross_margin": 0.4551189817376868,
      "op_margin": -1.1080243497509685,
      "fcf_margin": -1.0644161593801882,
      "incr_op_margin_yoy": -2.2830228632990184,
      "rev_growth_yoy": 0.8598188554960889,
      "rev_growth_yoy_accel": -0.20167516018694853,
      "op_leverage_ratio": Infinity,
      "fcf_margin_change": 0.5431914482274194
    },
    {
      "date": "2022-06-30T00:00:00",
      "quarter_label": "2022-06 (Q2)",
      "revenue": 19395000,
      "gross_profit": 9822000,
      "operating_income": -16405000,
      "net_income": -40455000,
      "opex": 26227000,
      "cogs": 9573000,
      "rd": 8225000,
      "sga": null,
      "fcf": -25745000,
      "ocf": -17503000,
      "capex": -8242000,
      "gross_margin": 0.5064191802010828,
      "op_margin": -0.8458365558133539,
      "fcf_margin": -1.3274039700953855,
      "incr_op_margin_yoy": -1.4937366271153472,
      "rev_growth_yoy": 1.128278283770438,
      "rev_growth_yoy_accel": 0.268459428274349,
      "op_leverage_ratio": Infinity,
      "fcf_margin_change": -0.2629878107151973
    },
    {
      "date": "2022-09-30T00:00:00",
      "quarter_label": "2022-09 (Q3)",
      "revenue": 20418000,
      "gross_profit": 10220000,
      "operating_income": -16356000,
      "net_income": -21811000,
      "opex": 26576000,
      "cogs": 10198000,
      "rd": 8879000,
      "sga": null,
      "fcf": -13675000,
      "ocf": -10214000,
      "capex": -3461000,
      "gross_margin": 0.5005387403271623,
      "op_margin": -0.8010578900969733,
      "fcf_margin": -0.6697521794495054,
      "incr_op_margin_yoy": 0.09358017868656167,
      "rev_growth_yoy": 1.135550674615626,
      "rev_growth_yoy_accel": 0.007272390845188159,
      "op_leverage_ratio": 3.963775409578134,
      "fcf_margin_change": 0.6576517906458801
    },
    {
      "date": "2022-12-31T00:00:00",
      "quarter_label": "2022-12 (Q4)",
      "revenue": 22385000,
      "gross_profit": 11675000,
      "operating_income": -16311000,
      "net_income": -17543000,
      "opex": 27986000,
      "cogs": 10710000,
      "rd": 9392000,
      "sga": null,
      "fcf": -8081000,
      "ocf": -3033000,
      "capex": -5048000,
      "gross_margin": 0.5215546124637034,
      "op_margin": -0.7286575832030378,
      "fcf_margin": -0.36100067009157916,
      "incr_op_margin_yoy": -17.287702702702703,
      "rev_growth_yoy": 0.49382716049382713,
      "rev_growth_yoy_accel": -0.641723514121799,
      "op_leverage_ratio": 1.8157734553505493,
      "fcf_margin_change": 0.3087515093579262
    },
    {
      "date": "2023-03-31T00:00:00",
      "quarter_label": "2023-03 (Q1)",
      "revenue": 24168000,
      "gross_profit": 13808000,
      "operating_income": -14475000,
      "net_income": -17673000,
      "opex": 28283000,
      "cogs": 10360000,
      "rd": 9663000,
      "sga": null,
      "fcf": -15939000,
      "ocf": -12726000,
      "capex": -3213000,
      "gross_margin": 0.5713339953657729,
      "op_margin": -0.5989324726911619,
      "fcf_margin": -0.6595084409136047,
      "incr_op_margin_yoy": 0.9096425057395867,
      "rev_growth_yoy": 0.33746541228555615,
      "rev_growth_yoy_accel": -0.15636174820827098,
      "op_leverage_ratio": 7.5054826426727255,
      "fcf_margin_change": -0.29850777082202556
    },
    {
      "date": "2023-06-30T00:00:00",
      "quarter_label": "2023-06 (Q2)",
      "revenue": 26493000,
      "gross_profit": 16860000,
      "operating_income": -10992000,
      "net_income": -16266000,
      "opex": 27852000,
      "cogs": 9633000,
      "rd": 9752000,
      "sga": null,
      "fcf": -19329000,
      "ocf": -15889000,
      "capex": -3440000,
      "gross_margin": 0.6363945193069868,
      "op_margin": -0.41490204959800703,
      "fcf_margin": -0.7295889480240063,
      "incr_op_margin_yoy": 0.7626091856861088,
      "rev_growth_yoy": 0.3659706109822119,
      "rev_growth_yoy_accel": 0.028505198696655742,
      "op_leverage_ratio": Infinity,
      "fcf_margin_change": -0.07008050711040159
    },
    {
      "date": "2023-09-30T00:00:00",
      "quarter_label": "2023-09 (Q3)",
      "revenue": 27317000,
      "gross_profit": 17762000,
      "operating_income": -10974000,
      "net_income": -17795000,
      "opex": 28736000,
      "cogs": 9555000,
      "rd": 10538000,
      "sga": null,
      "fcf": -16159000,
      "ocf": -10819000,
      "capex": -5340000,
      "gross_margin": 0.6502178130834279,
      "op_margin": -0.4017278617710583,
      "fcf_margin": -0.5915364059010872,
      "incr_op_margin_yoy": 0.7801130598637483,
      "rev_growth_yoy": 0.33788813791752376,
      "rev_growth_yoy_accel": -0.02808247306468814,
      "op_leverage_ratio": 0.9799415981648358,
      "fcf_margin_change": 0.13805254212291906
    },
    {
      "date": "2023-12-31T00:00:00",
      "quarter_label": "2023-12 (Q4)",
      "revenue": 19634000,
      "gross_profit": 14839000,
      "operating_income": -8208000,
      "net_income": -12222000,
      "opex": 23047000,
      "cogs": 12886000,
      "rd": 8970000,
      "sga": null,
      "fcf": -2232000,
      "ocf": 3127000,
      "capex": -5359000,
      "gross_margin": 0.7557807884282367,
      "op_margin": -0.4180503208719568,
      "fcf_margin": -0.11368035041254966,
      "incr_op_margin_yoy": -2.945474372955289,
      "rev_growth_yoy": -0.12289479562206836,
      "rev_growth_yoy_accel": -0.4607829335395921,
      "fcf_margin_change": 0.4778560554885376
    },
    {
      "date": "2024-03-31T00:00:00",
      "quarter_label": "2024-03 (Q1)",
      "revenue": 34825000,
      "gross_profit": 13142000,
      "operating_income": -11881000,
      "net_income": -25256000,
      "opex": 25023000,
      "cogs": 12546000,
      "rd": 9909000,
      "sga": null,
      "fcf": -15909000,
      "ocf": -8850000,
      "capex": -7059000,
      "gross_margin": 0.37737257717157213,
      "op_margin": -0.3411629576453697,
      "fcf_margin": -0.456826992103374,
      "incr_op_margin_yoy": 0.24340808858027588,
      "rev_growth_yoy": 0.4409549817941079,
      "rev_growth_yoy_accel": 0.5638497774161763,
      "op_leverage_ratio": 9.024123674787065,
      "fcf_margin_change": -0.34314664169082437
    },
    {
      "date": "2024-06-30T00:00:00",
      "quarter_label": "2024-06 (Q2)",
      "revenue": 25399000,
      "gross_profit": 10911000,
      "operating_income": -12352000,
      "net_income": -16559000,
      "opex": 23263000,
      "cogs": 14488000,
      "rd": 7517000,
      "sga": null,
      "fcf": -9915000,
      "ocf": -4389000,
      "capex": -5526000,
      "gross_margin": 0.4295838418835387,
      "op_margin": -0.48631835899051146,
      "fcf_margin": -0.3903696995944722,
      "incr_op_margin_yoy": 1.243144424131627,
      "rev_growth_yoy": -0.041293926697618236,
      "rev_growth_yoy_accel": -0.48224890849172614,
      "fcf_margin_change": 0.06645729250890181
    },
    {
      "date": "2024-09-30T00:00:00",
      "quarter_label": "2024-09 (Q3)",
      "revenue": 28568000,
      "gross_profit": 12725000,
      "operating_income": -13719000,
      "net_income": -12473000,
      "opex": 26444000,
      "cogs": 15843000,
      "rd": 5631000,
      "sga": null,
      "fcf": 5082000,
      "ocf": 13988000,
      "capex": -8906000,
      "gross_margin": 0.4454284514141697,
      "op_margin": -0.4802226267152058,
      "fcf_margin": 0.1778913469616354,
      "incr_op_margin_yoy": -2.194244604316547,
      "rev_growth_yoy": 0.04579565838122781,
      "rev_growth_yoy_accel": 0.08708958507884604,
      "op_leverage_ratio": 0.9124470526783606,
      "fcf_margin_change": 0.5682610465561075
    },
    {
      "date": "2024-12-31T00:00:00",
      "quarter_label": "2024-12 (Q4)",
      "revenue": 21659000,
      "gross_profit": 7026000,
      "operating_income": -30675000,
      "net_income": -48242000,
      "opex": 37701000,
      "cogs": 14633000,
      "rd": 10003000,
      "sga": null,
      "fcf": -24292000,
      "ocf": -19202000,
      "capex": -5090000,
      "gross_margin": 0.3243917078350801,
      "op_margin": -1.4162703725933792,
      "fcf_margin": -1.1215660926173876,
      "incr_op_margin_yoy": -11.094814814814814,
      "rev_growth_yoy": 0.10313741468880513,
      "rev_growth_yoy_accel": 0.057341756307577325,
      "fcf_margin_change": -1.299457439579023
    },
    {
      "date": "2025-03-31T00:00:00",
      "quarter_label": "2025-03 (Q1)",
      "revenue": 23876000,
      "gross_profit": 8784000,
      "operating_income": -25430000,
      "net_income": -20657000,
      "opex": 34214000,
      "cogs": 15092000,
      "rd": 8509000,
      "sga": null,
      "fcf": -17330000,
      "ocf": -8429000,
      "capex": -8901000,
      "gross_margin": 0.3679008209080248,
      "op_margin": -1.0650862791087283,
      "fcf_margin": -0.7258334729435416,
      "incr_op_margin_yoy": 1.2374646086400585,
      "rev_growth_yoy": -0.3144005743000718,
      "rev_growth_yoy_accel": -0.41753798898887695,
      "op_leverage_ratio": Infinity,
      "fcf_margin_change": 0.395732619673846
    },
    {
      "date": "2025-06-30T00:00:00",
      "quarter_label": "2025-06 (Q2)",
      "revenue": 19182000,
      "gross_profit": 9376000,
      "operating_income": -23527000,
      "net_income": 119590000,
      "opex": 32903000,
      "cogs": 9806000,
      "rd": 10195000,
      "sga": null,
      "fcf": -38681000,
      "ocf": -35075000,
      "capex": -3606000,
      "gross_margin": 0.48879157543530394,
      "op_margin": -1.226514440621416,
      "fcf_margin": -2.016525909707017,
      "incr_op_margin_yoy": 1.7974907511661573,
      "rev_growth_yoy": -0.24477341627623134,
      "rev_growth_yoy_accel": 0.06962715802384045,
      "fcf_margin_change": -1.2906924367634753
    },
    {
      "date": "2025-09-30T00:00:00",
      "quarter_label": "2025-09 (Q3)",
      "revenue": 12670000,
      "gross_profit": 4643000,
      "operating_income": -21051000,
      "net_income": -19676000,
      "opex": 25694000,
      "cogs": 8027000,
      "rd": 9116000,
      "sga": null,
      "fcf": -20436000,
      "ocf": -12048000,
      "capex": -8388000,
      "gross_margin": 0.3664561957379637,
      "op_margin": -1.661483820047356,
      "fcf_margin": -1.6129439621152328,
      "incr_op_margin_yoy": 0.4611900868033715,
      "rev_growth_yoy": -0.5564967796135536,
      "rev_growth_yoy_accel": -0.31172336333732226,
      "fcf_margin_change": 0.4035819475917841
    }
  ],
  "signals": [
    {
      "quarter": "2025-09 (Q3)",
      "signal": "FCF MARGIN EXPANSION",
      "detail": "FCF margin: -201.7% -> -161.3% (+40.4%)",
      "severity": "MEDIUM"
    },
    {
      "quarter": "2025-09 (Q3)",
      "signal": "YoY REVENUE GROWTH DECELERATION",
      "detail": "YoY growth: -55.6% vs prior quarter YoY: -24.5% (decel: -31.2%)",
      "severity": "WARNING"
    },
    {
      "quarter": "2025-06 (Q2)",
      "signal": "YoY REVENUE GROWTH ACCELERATION",
      "detail": "YoY growth: -24.5% vs prior quarter YoY: -31.4% (accel: +7.0%)",
      "severity": "MEDIUM"
    },
    {
      "quarter": "2025-03 (Q1)",
      "signal": "FCF MARGIN EXPANSION",
      "detail": "FCF margin: -112.2% -> -72.6% (+39.6%)",
      "severity": "MEDIUM"
    },
    {
      "quarter": "2025-03 (Q1)",
      "signal": "GROSS MARGIN INFLECTION",
      "detail": "GM: +44.5% -> +32.4% -> +36.8% (reversal +4.4%)",
      "severity": "MEDIUM"
    },
    {
      "quarter": "2025-03 (Q1)",
      "signal": "YoY REVENUE GROWTH DECELERATION",
      "detail": "YoY growth: -31.4% vs prior quarter YoY: +10.3% (decel: -41.8%)",
      "severity": "WARNING"
    },
    {
      "quarter": "2024-12 (Q4)",
      "signal": "YoY REVENUE GROWTH ACCELERATION",
      "detail": "YoY growth: +10.3% vs prior quarter YoY: +4.6% (accel: +5.7%)",
      "severity": "MEDIUM"
    },
    {
      "quarter": "2024-09 (Q3)",
      "signal": "FCF TURNED POSITIVE",
      "detail": "FCF margin: -39.0% -> +17.8%",
      "severity": "HIGH"
    },
    {
      "quarter": "2024-09 (Q3)",
      "signal": "YoY REVENUE GROWTH ACCELERATION",
      "detail": "YoY growth: +4.6% vs prior quarter YoY: -4.1% (accel: +8.7%)",
      "severity": "MEDIUM"
    },
    {
      "quarter": "2024-06 (Q2)",
      "signal": "FCF MARGIN EXPANSION",
      "detail": "FCF margin: -45.7% -> -39.0% (+6.6%)",
      "severity": "MEDIUM"
    },
    {
      "quarter": "2024-06 (Q2)",
      "signal": "GROSS MARGIN INFLECTION",
      "detail": "GM: +75.6% -> +37.7% -> +43.0% (reversal +5.2%)",
      "severity": "HIGH"
    },
    {
      "quarter": "2024-06 (Q2)",
      "signal": "YoY REVENUE GROWTH DECELERATION",
      "detail": "YoY growth: -4.1% vs prior quarter YoY: +44.1% (decel: -48.2%)",
      "severity": "WARNING"
    },
    {
      "quarter": "2024-03 (Q1)",
      "signal": "OPERATING LEVERAGE",
      "detail": "Rev growth +77.4% vs OpEx growth +8.6% (leverage: 9.0x)",
      "severity": "MEDIUM"
    },
    {
      "quarter": "2024-03 (Q1)",
      "signal": "YoY REVENUE GROWTH ACCELERATION",
      "detail": "YoY growth: +44.1% vs prior quarter YoY: -12.3% (accel: +56.4%)",
      "severity": "HIGH"
    },
    {
      "quarter": "2023-12 (Q4)",
      "signal": "FCF MARGIN EXPANSION",
      "detail": "FCF margin: -59.2% -> -11.4% (+47.8%)",
      "severity": "MEDIUM"
    },
    {
      "quarter": "2023-12 (Q4)",
      "signal": "YoY REVENUE GROWTH DECELERATION",
      "detail": "YoY growth: -12.3% vs prior quarter YoY: +33.8% (decel: -46.1%)",
      "severity": "WARNING"
    },
    {
      "quarter": "2023-09 (Q3)",
      "signal": "FCF MARGIN EXPANSION",
      "detail": "FCF margin: -73.0% -> -59.2% (+13.8%)",
      "severity": "MEDIUM"
    },
    {
      "quarter": "2023-03 (Q1)",
      "signal": "OPERATING LEVERAGE",
      "detail": "Rev growth +8.0% vs OpEx growth +1.1% (leverage: 7.5x)",
      "severity": "MEDIUM"
    },
    {
      "quarter": "2023-03 (Q1)",
      "signal": "YoY REVENUE GROWTH DECELERATION",
      "detail": "YoY growth: +33.7% vs prior quarter YoY: +49.4% (decel: -15.6%)",
      "severity": "WARNING"
    },
    {
      "quarter": "2022-12 (Q4)",
      "signal": "FCF MARGIN EXPANSION",
      "detail": "FCF margin: -67.0% -> -36.1% (+30.9%)",
      "severity": "MEDIUM"
    },
    {
      "quarter": "2022-12 (Q4)",
      "signal": "OPERATING LEVERAGE",
      "detail": "Rev growth +9.6% vs OpEx growth +5.3% (leverage: 1.8x)",
      "severity": "MEDIUM"
    },
    {
      "quarter": "2022-12 (Q4)",
      "signal": "GROSS MARGIN INFLECTION",
      "detail": "GM: +50.6% -> +50.1% -> +52.2% (reversal +2.1%)",
      "severity": "MEDIUM"
    },
    {
      "quarter": "2022-12 (Q4)",
      "signal": "YoY REVENUE GROWTH DECELERATION",
      "detail": "YoY growth: +49.4% vs prior quarter YoY: +113.6% (decel: -64.2%)",
      "severity": "WARNING"
    },
    {
      "quarter": "2022-09 (Q3)",
      "signal": "FCF MARGIN EXPANSION",
      "detail": "FCF margin: -132.7% -> -67.0% (+65.8%)",
      "severity": "MEDIUM"
    },
    {
      "quarter": "2022-09 (Q3)",
      "signal": "OPERATING LEVERAGE",
      "detail": "Rev growth +5.3% vs OpEx growth +1.3% (leverage: 4.0x)",
      "severity": "MEDIUM"
    },
    {
      "quarter": "2022-06 (Q2)",
      "signal": "GROSS MARGIN INFLECTION",
      "detail": "GM: +57.8% -> +45.5% -> +50.6% (reversal +5.1%)",
      "severity": "HIGH"
    },
    {
      "quarter": "2022-06 (Q2)",
      "signal": "YoY REVENUE GROWTH ACCELERATION",
      "detail": "YoY growth: +112.8% vs prior quarter YoY: +86.0% (accel: +26.8%)",
      "severity": "HIGH"
    },
    {
      "quarter": "2022-03 (Q1)",
      "signal": "FCF MARGIN EXPANSION",
      "detail": "FCF margin: -160.8% -> -106.4% (+54.3%)",
      "severity": "MEDIUM"
    },
    {
      "quarter": "2022-03 (Q1)",
      "signal": "YoY REVENUE GROWTH DECELERATION",
      "detail": "YoY growth: +86.0% vs prior quarter YoY: +106.1% (decel: -20.2%)",
      "severity": "WARNING"
    },
    {
      "quarter": "2021-12 (Q4)",
      "signal": "FCF MARGIN EXPANSION",
      "detail": "FCF margin: -267.6% -> -160.8% (+106.8%)",
      "severity": "MEDIUM"
    },
    {
      "quarter": "2021-12 (Q4)",
      "signal": "GROSS MARGIN INFLECTION",
      "detail": "GM: +59.1% -> +44.2% -> +57.8% (reversal +13.6%)",
      "severity": "HIGH"
    },
    {
      "quarter": "2021-12 (Q4)",
      "signal": "INCREMENTAL MARGIN (YoY)",
      "detail": "YoY Incr OPM: +879.0% vs year-ago OPM: +602.5%",
      "severity": "HIGH"
    },
    {
      "quarter": "2021-12 (Q4)",
      "signal": "OP MARGIN TURNED POSITIVE (QoQ)",
      "detail": "Op margin: -181.7% -> +744.9%",
      "severity": "HIGH"
    }
  ],
  "data_quality": {
    "n_quarters": 20,
    "coverage": {
      "revenue": [
        20,
        20
      ],
      "gross_profit": [
        20,
        20
      ],
      "op_income": [
        20,
        20
      ],
      "fcf": [
        20,
        20
      ]
    },
    "gaps": [],
    "warnings": []
  },
  "market_cap": null,
  "source": "SEC EDGAR",
  "last_updated": "2026-02-02T22:31:14.150062"
}