{
  "ticker": "SPOK",
  "name": "SPOK HOLDINGS, INC.",
  "quarters": [
    {
      "date": "2020-12-31T00:00:00",
      "quarter_label": "2020-12 (Q4)",
      "revenue": 37480000,
      "gross_profit": 29647000,
      "operating_income": -24449000,
      "net_income": -46610000,
      "opex": 61930000,
      "cogs": 7833000,
      "rd": 4166000,
      "sga": null,
      "fcf": 4578000,
      "ocf": 5209000,
      "capex": -631000,
      "gross_margin": 0.791008537886873,
      "op_margin": -0.6523212379935965,
      "fcf_margin": 0.12214514407684098
    },
    {
      "date": "2021-03-31T00:00:00",
      "quarter_label": "2021-03 (Q1)",
      "revenue": 36036000,
      "gross_profit": 28795000,
      "operating_income": -1740000,
      "net_income": -2297000,
      "opex": 37776000,
      "cogs": 7241000,
      "rd": 4506000,
      "sga": null,
      "fcf": -8000,
      "ocf": 719000,
      "capex": -727000,
      "gross_margin": 0.799062049062049,
      "op_margin": -0.04828504828504829,
      "fcf_margin": -0.000222000222000222,
      "fcf_margin_change": -0.1223671442988412
    },
    {
      "date": "2021-06-30T00:00:00",
      "quarter_label": "2021-06 (Q2)",
      "revenue": 35723000,
      "gross_profit": 28750000,
      "operating_income": -1609000,
      "net_income": -719000,
      "opex": 37332000,
      "cogs": 6973000,
      "rd": 4278000,
      "sga": null,
      "fcf": 1676000,
      "ocf": 3147000,
      "capex": -1471000,
      "gross_margin": 0.8048036279147888,
      "op_margin": -0.04504100999356157,
      "fcf_margin": 0.046916552361223864,
      "fcf_margin_change": 0.04713855258322409
    },
    {
      "date": "2021-09-30T00:00:00",
      "quarter_label": "2021-09 (Q3)",
      "revenue": 35851000,
      "gross_profit": 28331000,
      "operating_income": -3557000,
      "net_income": -2494000,
      "opex": 39408000,
      "cogs": 7520000,
      "rd": 4178000,
      "sga": null,
      "fcf": 4757000,
      "ocf": 5662000,
      "capex": -905000,
      "gross_margin": 0.790242949987448,
      "op_margin": -0.0992162003849265,
      "fcf_margin": 0.13268807006778052,
      "fcf_margin_change": 0.08577151770655667
    },
    {
      "date": "2021-12-31T00:00:00",
      "quarter_label": "2021-12 (Q4)",
      "revenue": 34543000,
      "gross_profit": 23703000,
      "operating_income": -20812000,
      "net_income": -16670000,
      "opex": 55355000,
      "cogs": 10840000,
      "rd": 4958000,
      "sga": null,
      "fcf": -2850000,
      "ocf": -1560000,
      "capex": -1290000,
      "gross_margin": 0.6861882291636511,
      "op_margin": -0.6024954404655067,
      "fcf_margin": -0.08250586225863417,
      "incr_op_margin_yoy": -1.2383384405856317,
      "rev_growth_yoy": -0.07836179295624333,
      "fcf_margin_change": -0.2151939323264147
    },
    {
      "date": "2022-03-31T00:00:00",
      "quarter_label": "2022-03 (Q1)",
      "revenue": 33825000,
      "gross_profit": 26021000,
      "operating_income": -8668000,
      "net_income": -7214000,
      "opex": 42493000,
      "cogs": 7804000,
      "rd": 6497000,
      "sga": null,
      "fcf": -5558000,
      "ocf": -4879000,
      "capex": -679000,
      "gross_margin": 0.7692830746489283,
      "op_margin": -0.25626016260162604,
      "fcf_margin": -0.16431633407243162,
      "incr_op_margin_yoy": 3.133423790140208,
      "rev_growth_yoy": -0.06135531135531135,
      "rev_growth_yoy_accel": 0.01700648160093198,
      "fcf_margin_change": -0.08181047181379746
    },
    {
      "date": "2022-06-30T00:00:00",
      "quarter_label": "2022-06 (Q2)",
      "revenue": 33710000,
      "gross_profit": 26730000,
      "operating_income": 2412000,
      "net_income": 1924000,
      "opex": 31298000,
      "cogs": 6980000,
      "rd": 2624000,
      "sga": null,
      "fcf": -1529000,
      "ocf": -1016000,
      "capex": -513000,
      "gross_margin": 0.7929397804805696,
      "op_margin": 0.07155146840700088,
      "fcf_margin": -0.045357460694156033,
      "incr_op_margin_yoy": -1.9975161450571286,
      "rev_growth_yoy": -0.05635025053886852,
      "rev_growth_yoy_accel": 0.005005060816442836,
      "fcf_margin_change": 0.1189588733782756
    },
    {
      "date": "2022-09-30T00:00:00",
      "quarter_label": "2022-09 (Q3)",
      "revenue": 33744000,
      "gross_profit": 27120000,
      "operating_income": 3539000,
      "net_income": 2920000,
      "opex": 30205000,
      "cogs": 6624000,
      "rd": 2223000,
      "sga": null,
      "fcf": 5166000,
      "ocf": 5747000,
      "capex": -581000,
      "gross_margin": 0.8036984352773826,
      "op_margin": 0.10487790422000948,
      "fcf_margin": 0.15309388335704124,
      "incr_op_margin_yoy": -3.3678215472235404,
      "rev_growth_yoy": -0.05877102451814454,
      "rev_growth_yoy_accel": -0.0024207739792760224,
      "fcf_margin_change": 0.19845134405119727
    },
    {
      "date": "2022-12-31T00:00:00",
      "quarter_label": "2022-12 (Q4)",
      "revenue": 33255000,
      "gross_profit": 26396000,
      "operating_income": 2955000,
      "net_income": 24226000,
      "opex": 30300000,
      "cogs": 6859000,
      "rd": 2281000,
      "sga": null,
      "fcf": 4601000,
      "ocf": 6604000,
      "capex": -2003000,
      "gross_margin": 0.7937453014584273,
      "op_margin": 0.08885881822282364,
      "fcf_margin": 0.13835513456623064,
      "incr_op_margin_yoy": -18.452639751552795,
      "rev_growth_yoy": -0.03728685985583186,
      "rev_growth_yoy_accel": 0.021484164662312677,
      "fcf_margin_change": -0.014738748790810607
    },
    {
      "date": "2023-03-31T00:00:00",
      "quarter_label": "2023-03 (Q1)",
      "revenue": 33180000,
      "gross_profit": 26644000,
      "operating_income": 4717000,
      "net_income": 3117000,
      "opex": 28463000,
      "cogs": 6536000,
      "rd": 2493000,
      "sga": null,
      "fcf": 1962000,
      "ocf": 2611000,
      "capex": -649000,
      "gross_margin": 0.8030138637733575,
      "op_margin": 0.14216395418927064,
      "fcf_margin": 0.059132007233273054,
      "rev_growth_yoy": -0.019068736141906874,
      "rev_growth_yoy_accel": 0.018218123713924988,
      "fcf_margin_change": -0.07922312733295758
    },
    {
      "date": "2023-06-30T00:00:00",
      "quarter_label": "2023-06 (Q2)",
      "revenue": 36463000,
      "gross_profit": 29736000,
      "operating_income": 6215000,
      "net_income": 4733000,
      "opex": 30248000,
      "cogs": 6727000,
      "rd": 2853000,
      "sga": null,
      "fcf": 7421000,
      "ocf": 8587000,
      "capex": -1166000,
      "gross_margin": 0.8155116145133423,
      "op_margin": 0.1704467542440282,
      "fcf_margin": 0.2035213778350657,
      "incr_op_margin_yoy": 1.38140210679259,
      "rev_growth_yoy": 0.08166716107979828,
      "rev_growth_yoy_accel": 0.10073589722170516,
      "op_leverage_ratio": 1.5777455117067924,
      "fcf_margin_change": 0.14438937060179263
    },
    {
      "date": "2023-09-30T00:00:00",
      "quarter_label": "2023-09 (Q3)",
      "revenue": 35428000,
      "gross_profit": 28806000,
      "operating_income": 6213000,
      "net_income": 4451000,
      "opex": 29215000,
      "cogs": 6622000,
      "rd": 2561000,
      "sga": null,
      "fcf": 2594000,
      "ocf": 3198000,
      "capex": -604000,
      "gross_margin": 0.8130856949305634,
      "op_margin": 0.17536976402845209,
      "fcf_margin": 0.073218922885853,
      "incr_op_margin_yoy": 1.5878859857482186,
      "rev_growth_yoy": 0.04990516832622096,
      "rev_growth_yoy_accel": -0.03176199275357732,
      "fcf_margin_change": -0.1303024549492127
    },
    {
      "date": "2023-12-31T00:00:00",
      "quarter_label": "2023-12 (Q4)",
      "revenue": 33953000,
      "gross_profit": 27020000,
      "operating_income": 4082000,
      "net_income": 3365000,
      "opex": 29871000,
      "cogs": 6933000,
      "rd": 2642000,
      "sga": null,
      "fcf": 10790000,
      "ocf": 11788000,
      "capex": -998000,
      "gross_margin": 0.7958059670721291,
      "op_margin": 0.1202250169351751,
      "fcf_margin": 0.31779224221718255,
      "rev_growth_yoy": 0.020989324913546836,
      "rev_growth_yoy_accel": -0.028915843412674124,
      "fcf_margin_change": 0.24457331933132956
    },
    {
      "date": "2024-03-31T00:00:00",
      "quarter_label": "2024-03 (Q1)",
      "revenue": 34909000,
      "gross_profit": 27770000,
      "operating_income": 4891000,
      "net_income": 4236000,
      "opex": 30018000,
      "cogs": 7139000,
      "rd": 2951000,
      "sga": null,
      "fcf": 1123000,
      "ocf": 1998000,
      "capex": -875000,
      "gross_margin": 0.7954968632730814,
      "op_margin": 0.14010713569566588,
      "fcf_margin": 0.03216935460769429,
      "incr_op_margin_yoy": 0.1006362058993638,
      "rev_growth_yoy": 0.05210970464135021,
      "rev_growth_yoy_accel": 0.031120379727803373,
      "op_leverage_ratio": 5.7215298218365485,
      "fcf_margin_change": -0.2856228876094883
    },
    {
      "date": "2024-06-30T00:00:00",
      "quarter_label": "2024-06 (Q2)",
      "revenue": 33982000,
      "gross_profit": 26819000,
      "operating_income": 4474000,
      "net_income": 3425000,
      "opex": 29508000,
      "cogs": 7163000,
      "rd": 3176000,
      "sga": null,
      "fcf": 6781000,
      "ocf": 7422000,
      "capex": -641000,
      "gross_margin": 0.7892119357306809,
      "op_margin": 0.13165793655464658,
      "fcf_margin": 0.1995468189041257,
      "incr_op_margin_yoy": 0.701733172108021,
      "rev_growth_yoy": -0.06804157639250748,
      "rev_growth_yoy_accel": -0.1201512810338577,
      "fcf_margin_change": 0.1673774642964314
    },
    {
      "date": "2024-09-30T00:00:00",
      "quarter_label": "2024-09 (Q3)",
      "revenue": 34870000,
      "gross_profit": 27737000,
      "operating_income": 4961000,
      "net_income": 3660000,
      "opex": 29909000,
      "cogs": 7133000,
      "rd": 2831000,
      "sga": null,
      "fcf": 10263000,
      "ocf": 11095000,
      "capex": -832000,
      "gross_margin": 0.7954402064812159,
      "op_margin": 0.14227129337539432,
      "fcf_margin": 0.2943217665615142,
      "rev_growth_yoy": -0.015750254036355424,
      "rev_growth_yoy_accel": 0.052291322356152053,
      "op_leverage_ratio": 1.9229121005971916,
      "fcf_margin_change": 0.0947749476573885
    },
    {
      "date": "2024-12-31T00:00:00",
      "quarter_label": "2024-12 (Q4)",
      "revenue": 33892000,
      "gross_profit": 26897000,
      "operating_income": 4638000,
      "net_income": 3644000,
      "opex": 29254000,
      "cogs": 6995000,
      "rd": 2590000,
      "sga": null,
      "fcf": 7546000,
      "ocf": 8407000,
      "capex": -861000,
      "gross_margin": 0.7936091112947008,
      "op_margin": 0.1368464534403399,
      "fcf_margin": 0.2226484126047445,
      "rev_growth_yoy": -0.0017966011839896327,
      "rev_growth_yoy_accel": 0.013953652852365791,
      "fcf_margin_change": -0.07167335395676971
    },
    {
      "date": "2025-03-31T00:00:00",
      "quarter_label": "2025-03 (Q1)",
      "revenue": 36294000,
      "gross_profit": 29082000,
      "operating_income": 6018000,
      "net_income": 5196000,
      "opex": 30276000,
      "cogs": 7212000,
      "rd": 3055000,
      "sga": null,
      "fcf": 1508000,
      "ocf": 2253000,
      "capex": -745000,
      "gross_margin": 0.8012894693337742,
      "op_margin": 0.165812530996859,
      "fcf_margin": 0.041549567421612386,
      "incr_op_margin_yoy": 0.8137184115523466,
      "rev_growth_yoy": 0.03967458248589189,
      "rev_growth_yoy_accel": 0.04147118366988152,
      "op_leverage_ratio": 2.028664206297753,
      "fcf_margin_change": -0.1810988451831321
    },
    {
      "date": "2025-06-30T00:00:00",
      "quarter_label": "2025-06 (Q2)",
      "revenue": 35686000,
      "gross_profit": 28355000,
      "operating_income": 5392000,
      "net_income": 4552000,
      "opex": 30294000,
      "cogs": 7331000,
      "rd": 3024000,
      "sga": null,
      "fcf": 5991000,
      "ocf": 7037000,
      "capex": -1046000,
      "gross_margin": 0.7945692988847167,
      "op_margin": 0.15109566776887295,
      "fcf_margin": 0.16788096172168357,
      "incr_op_margin_yoy": 0.5387323943661971,
      "rev_growth_yoy": 0.05014419398505091,
      "rev_growth_yoy_accel": 0.010469611499159023,
      "fcf_margin_change": 0.12633139430007118
    },
    {
      "date": "2025-09-30T00:00:00",
      "quarter_label": "2025-09 (Q3)",
      "revenue": 33867000,
      "gross_profit": 26508000,
      "operating_income": 4359000,
      "net_income": 3203000,
      "opex": 29508000,
      "cogs": 7359000,
      "rd": 2993000,
      "sga": null,
      "fcf": 7578000,
      "ocf": 8135000,
      "capex": -557000,
      "gross_margin": 0.7827088316059881,
      "op_margin": 0.1287093630968199,
      "fcf_margin": 0.22375764018070687,
      "incr_op_margin_yoy": 0.6001994017946162,
      "rev_growth_yoy": -0.028763980498996273,
      "rev_growth_yoy_accel": -0.07890817448404719,
      "fcf_margin_change": 0.055876678459023305
    }
  ],
  "signals": [
    {
      "quarter": "2025-09 (Q3)",
      "signal": "FCF MARGIN EXPANSION",
      "detail": "FCF margin: +16.8% -> +22.4% (+5.6%)",
      "severity": "MEDIUM"
    },
    {
      "quarter": "2025-09 (Q3)",
      "signal": "YoY REVENUE GROWTH DECELERATION",
      "detail": "YoY growth: -2.9% vs prior quarter YoY: +5.0% (decel: -7.9%)",
      "severity": "WARNING"
    },
    {
      "quarter": "2025-09 (Q3)",
      "signal": "INCREMENTAL MARGIN (YoY)",
      "detail": "YoY Incr OPM: +60.0% vs year-ago OPM: +14.2%",
      "severity": "HIGH"
    },
    {
      "quarter": "2025-06 (Q2)",
      "signal": "FCF MARGIN EXPANSION",
      "detail": "FCF margin: +4.2% -> +16.8% (+12.6%)",
      "severity": "MEDIUM"
    },
    {
      "quarter": "2025-06 (Q2)",
      "signal": "INCREMENTAL MARGIN (YoY)",
      "detail": "YoY Incr OPM: +53.9% vs year-ago OPM: +13.2%",
      "severity": "HIGH"
    },
    {
      "quarter": "2025-03 (Q1)",
      "signal": "OPERATING LEVERAGE",
      "detail": "Rev growth +7.1% vs OpEx growth +3.5% (leverage: 2.0x)",
      "severity": "MEDIUM"
    },
    {
      "quarter": "2025-03 (Q1)",
      "signal": "INCREMENTAL MARGIN (YoY)",
      "detail": "YoY Incr OPM: +81.4% vs year-ago OPM: +14.0%",
      "severity": "HIGH"
    },
    {
      "quarter": "2024-09 (Q3)",
      "signal": "FCF MARGIN EXPANSION",
      "detail": "FCF margin: +20.0% -> +29.4% (+9.5%)",
      "severity": "MEDIUM"
    },
    {
      "quarter": "2024-09 (Q3)",
      "signal": "OPERATING LEVERAGE",
      "detail": "Rev growth +2.6% vs OpEx growth +1.4% (leverage: 1.9x)",
      "severity": "MEDIUM"
    },
    {
      "quarter": "2024-09 (Q3)",
      "signal": "YoY REVENUE GROWTH ACCELERATION",
      "detail": "YoY growth: -1.6% vs prior quarter YoY: -6.8% (accel: +5.2%)",
      "severity": "MEDIUM"
    },
    {
      "quarter": "2024-06 (Q2)",
      "signal": "FCF MARGIN EXPANSION",
      "detail": "FCF margin: +3.2% -> +20.0% (+16.7%)",
      "severity": "MEDIUM"
    },
    {
      "quarter": "2024-06 (Q2)",
      "signal": "YoY REVENUE GROWTH DECELERATION",
      "detail": "YoY growth: -6.8% vs prior quarter YoY: +5.2% (decel: -12.0%)",
      "severity": "WARNING"
    },
    {
      "quarter": "2024-06 (Q2)",
      "signal": "INCREMENTAL MARGIN (YoY)",
      "detail": "YoY Incr OPM: +70.2% vs year-ago OPM: +17.0%",
      "severity": "HIGH"
    },
    {
      "quarter": "2024-03 (Q1)",
      "signal": "OPERATING LEVERAGE",
      "detail": "Rev growth +2.8% vs OpEx growth +0.5% (leverage: 5.7x)",
      "severity": "MEDIUM"
    },
    {
      "quarter": "2023-12 (Q4)",
      "signal": "FCF MARGIN EXPANSION",
      "detail": "FCF margin: +7.3% -> +31.8% (+24.5%)",
      "severity": "MEDIUM"
    },
    {
      "quarter": "2023-09 (Q3)",
      "signal": "INCREMENTAL MARGIN (YoY)",
      "detail": "YoY Incr OPM: +158.8% vs year-ago OPM: +10.5%",
      "severity": "HIGH"
    },
    {
      "quarter": "2023-06 (Q2)",
      "signal": "FCF MARGIN EXPANSION",
      "detail": "FCF margin: +5.9% -> +20.4% (+14.4%)",
      "severity": "MEDIUM"
    },
    {
      "quarter": "2023-06 (Q2)",
      "signal": "OPERATING LEVERAGE",
      "detail": "Rev growth +9.9% vs OpEx growth +6.3% (leverage: 1.6x)",
      "severity": "MEDIUM"
    },
    {
      "quarter": "2023-06 (Q2)",
      "signal": "YoY REVENUE GROWTH ACCELERATION",
      "detail": "YoY growth: +8.2% vs prior quarter YoY: -1.9% (accel: +10.1%)",
      "severity": "MEDIUM"
    },
    {
      "quarter": "2023-06 (Q2)",
      "signal": "INCREMENTAL MARGIN (YoY)",
      "detail": "YoY Incr OPM: +138.1% vs year-ago OPM: +7.2%",
      "severity": "HIGH"
    },
    {
      "quarter": "2023-03 (Q1)",
      "signal": "OP MARGIN TURNED POSITIVE (YoY)",
      "detail": "Op margin: -25.6% (year-ago) -> +14.2%",
      "severity": "HIGH"
    },
    {
      "quarter": "2022-12 (Q4)",
      "signal": "OP MARGIN TURNED POSITIVE (YoY)",
      "detail": "Op margin: -60.2% (year-ago) -> +8.9%",
      "severity": "HIGH"
    },
    {
      "quarter": "2022-09 (Q3)",
      "signal": "FCF TURNED POSITIVE",
      "detail": "FCF margin: -4.5% -> +15.3%",
      "severity": "HIGH"
    },
    {
      "quarter": "2022-09 (Q3)",
      "signal": "OP MARGIN TURNED POSITIVE (YoY)",
      "detail": "Op margin: -9.9% (year-ago) -> +10.5%",
      "severity": "HIGH"
    },
    {
      "quarter": "2022-06 (Q2)",
      "signal": "FCF MARGIN EXPANSION",
      "detail": "FCF margin: -16.4% -> -4.5% (+11.9%)",
      "severity": "MEDIUM"
    },
    {
      "quarter": "2022-06 (Q2)",
      "signal": "OP MARGIN TURNED POSITIVE (YoY)",
      "detail": "Op margin: -4.5% (year-ago) -> +7.2%",
      "severity": "HIGH"
    },
    {
      "quarter": "2022-06 (Q2)",
      "signal": "OP MARGIN TURNED POSITIVE (QoQ)",
      "detail": "Op margin: -25.6% -> +7.2%",
      "severity": "HIGH"
    },
    {
      "quarter": "2022-03 (Q1)",
      "signal": "GROSS MARGIN INFLECTION",
      "detail": "GM: +79.0% -> +68.6% -> +76.9% (reversal +8.3%)",
      "severity": "HIGH"
    },
    {
      "quarter": "2021-09 (Q3)",
      "signal": "FCF MARGIN EXPANSION",
      "detail": "FCF margin: +4.7% -> +13.3% (+8.6%)",
      "severity": "MEDIUM"
    },
    {
      "quarter": "2021-06 (Q2)",
      "signal": "FCF TURNED POSITIVE",
      "detail": "FCF margin: -0.0% -> +4.7%",
      "severity": "HIGH"
    }
  ],
  "data_quality": {
    "n_quarters": 20,
    "coverage": {
      "revenue": [
        20,
        20
      ],
      "gross_profit": [
        20,
        20
      ],
      "op_income": [
        20,
        20
      ],
      "fcf": [
        20,
        20
      ]
    },
    "gaps": [],
    "warnings": []
  },
  "market_cap": null,
  "source": "SEC EDGAR",
  "last_updated": "2026-02-02T22:49:37.666166"
}