{
  "ticker": "SPRS",
  "name": "SURGE COMPONENTS, INC.",
  "quarters": [
    {
      "date": "2020-11-30T00:00:00",
      "quarter_label": "2020-11 (Q4)",
      "revenue": 9613218,
      "gross_profit": 2563790,
      "operating_income": 789682,
      "net_income": 1013287,
      "opex": 1774108,
      "cogs": 808,
      "rd": null,
      "sga": 605030,
      "fcf": 580628,
      "ocf": 580627,
      "capex": 1,
      "gross_margin": 0.2666942536827938,
      "op_margin": 0.08214543766717868,
      "fcf_margin": 0.06039892156819912
    },
    {
      "date": "2021-02-28T00:00:00",
      "quarter_label": "2021-02 (Q1)",
      "revenue": 8156302,
      "gross_profit": 2300280,
      "operating_income": 356036,
      "net_income": 277664,
      "opex": 1944244,
      "cogs": 1372,
      "rd": null,
      "sga": 681132,
      "fcf": 500331,
      "ocf": 678804,
      "capex": -178473,
      "gross_margin": 0.2820248686230598,
      "op_margin": 0.043651645071504215,
      "fcf_margin": 0.061342873277620176,
      "fcf_margin_change": 0.000943951709421055
    },
    {
      "date": "2021-05-31T00:00:00",
      "quarter_label": "2021-05 (Q2)",
      "revenue": 9592460,
      "gross_profit": 2557008,
      "operating_income": 616595,
      "net_income": 704108,
      "opex": 1940413,
      "cogs": 7035452,
      "rd": null,
      "sga": 594251,
      "fcf": 673921,
      "ocf": 687845,
      "capex": -13924,
      "gross_margin": 0.26656436409429907,
      "op_margin": 0.06427913173471664,
      "fcf_margin": 0.07025528383751405,
      "op_leverage_ratio": Infinity,
      "fcf_margin_change": 0.00891241055989387
    },
    {
      "date": "2021-08-31T00:00:00",
      "quarter_label": "2021-08 (Q3)",
      "revenue": 10632274,
      "gross_profit": 3086713,
      "operating_income": 1254151,
      "net_income": 881240,
      "opex": 1832562,
      "cogs": 7545561,
      "rd": null,
      "sga": 618346,
      "fcf": -69383,
      "ocf": -69383,
      "capex": null,
      "gross_margin": 0.29031541135979,
      "op_margin": 0.11795698643582737,
      "fcf_margin": -0.006525697136849558,
      "op_leverage_ratio": Infinity,
      "fcf_margin_change": -0.0767809809743636
    },
    {
      "date": "2021-11-30T00:00:00",
      "quarter_label": "2021-11 (Q4)",
      "revenue": 11447221,
      "gross_profit": 2941779,
      "operating_income": 926487,
      "net_income": 647749,
      "opex": 2015292,
      "cogs": 1852,
      "rd": null,
      "sga": 692878,
      "fcf": 1027265,
      "ocf": 1029777,
      "capex": -2512,
      "gross_margin": 0.25698630261440747,
      "op_margin": 0.08093553885261759,
      "fcf_margin": 0.08973924763049478,
      "incr_op_margin_yoy": 0.07459366206053097,
      "rev_growth_yoy": 0.19077929991809195,
      "op_leverage_ratio": 0.7686914098205471,
      "fcf_margin_change": 0.09626494476734433
    },
    {
      "date": "2022-02-28T00:00:00",
      "quarter_label": "2022-02 (Q1)",
      "revenue": 10516625,
      "gross_profit": 2963665,
      "operating_income": 940140,
      "net_income": 671753,
      "opex": 2023525,
      "cogs": 856,
      "rd": null,
      "sga": 700978,
      "fcf": -259158,
      "ocf": -238150,
      "capex": -21008,
      "gross_margin": 0.2818076141347628,
      "op_margin": 0.08939559982408805,
      "fcf_margin": -0.02464269668263345,
      "incr_op_margin_yoy": 0.2474678253781368,
      "rev_growth_yoy": 0.28938641555940425,
      "rev_growth_yoy_accel": 0.0986071156413123,
      "fcf_margin_change": -0.11438194431312823
    },
    {
      "date": "2022-05-31T00:00:00",
      "quarter_label": "2022-05 (Q2)",
      "revenue": 15902870,
      "gross_profit": 4370493,
      "operating_income": 1305632,
      "net_income": 862411,
      "opex": 30648612,
      "cogs": 11532377,
      "rd": null,
      "sga": 977097,
      "fcf": 1324321,
      "ocf": 1333573,
      "capex": -9252,
      "gross_margin": 0.2748241669585427,
      "op_margin": 0.08210040074527428,
      "fcf_margin": 0.0832755974236097,
      "incr_op_margin_yoy": 0.10919052803225147,
      "rev_growth_yoy": 0.6578510621884271,
      "rev_growth_yoy_accel": 0.3684646466290229,
      "op_leverage_ratio": 0.03620524367387252,
      "fcf_margin_change": 0.10791829410624315
    },
    {
      "date": "2022-08-31T00:00:00",
      "quarter_label": "2022-08 (Q3)",
      "revenue": 13955954,
      "gross_profit": 3628929,
      "operating_income": 1389488,
      "net_income": 1235423,
      "opex": 2239441,
      "cogs": 10327025,
      "rd": null,
      "sga": 823133,
      "fcf": 124281,
      "ocf": 142372,
      "capex": -18091,
      "gross_margin": 0.2600272973098077,
      "op_margin": 0.09956238032885463,
      "fcf_margin": 0.008905231415924702,
      "incr_op_margin_yoy": 0.04071902228854763,
      "rev_growth_yoy": 0.3126029295332306,
      "rev_growth_yoy_accel": -0.34524813265519655,
      "fcf_margin_change": -0.074370366007685
    },
    {
      "date": "2022-11-30T00:00:00",
      "quarter_label": "2022-11 (Q4)",
      "revenue": 11535342,
      "gross_profit": 3354335,
      "operating_income": 1087158,
      "net_income": 966560,
      "opex": 2267177,
      "cogs": 1487,
      "rd": null,
      "sga": 804506,
      "fcf": 997503,
      "ocf": 997503,
      "capex": null,
      "gross_margin": 0.2907876506825719,
      "op_margin": 0.09424584030538496,
      "fcf_margin": 0.08647363901304357,
      "rev_growth_yoy": 0.007698025573193703,
      "rev_growth_yoy_accel": -0.3049049039600369,
      "fcf_margin_change": 0.07756840759711887
    },
    {
      "date": "2023-02-28T00:00:00",
      "quarter_label": "2023-02 (Q1)",
      "revenue": 9191773,
      "gross_profit": 2649068,
      "operating_income": 559859,
      "net_income": 395160,
      "opex": 2089209,
      "cogs": 119,
      "rd": null,
      "sga": 771539,
      "fcf": 1503034,
      "ocf": 1525733,
      "capex": -22699,
      "gross_margin": 0.28819989353522985,
      "op_margin": 0.06090870607879459,
      "fcf_margin": 0.16351948639288633,
      "incr_op_margin_yoy": 0.2870365897473831,
      "rev_growth_yoy": -0.12597691749967313,
      "rev_growth_yoy_accel": -0.13367494307286684,
      "fcf_margin_change": 0.07704584737984276
    },
    {
      "date": "2023-05-31T00:00:00",
      "quarter_label": "2023-05 (Q2)",
      "revenue": 10199221,
      "gross_profit": 2921692,
      "operating_income": 675382,
      "net_income": 524261,
      "opex": 2246310,
      "cogs": 7277529,
      "rd": null,
      "sga": 739286,
      "fcf": -1396656,
      "ocf": -1387504,
      "capex": -9152,
      "gross_margin": 0.2864622700106214,
      "op_margin": 0.06621897888083805,
      "fcf_margin": -0.13693751709076604,
      "incr_op_margin_yoy": 0.11049943641342586,
      "rev_growth_yoy": -0.3586553244791663,
      "rev_growth_yoy_accel": -0.23267840697949319,
      "op_leverage_ratio": 1.4575594822477944,
      "fcf_margin_change": -0.30045700348365234
    },
    {
      "date": "2023-08-31T00:00:00",
      "quarter_label": "2023-08 (Q3)",
      "revenue": 8857859,
      "gross_profit": 2296001,
      "operating_income": 212972,
      "net_income": 133280,
      "opex": 2083029,
      "cogs": 6561858,
      "rd": null,
      "sga": 748920,
      "fcf": 1131354,
      "ocf": 1131354,
      "capex": null,
      "gross_margin": 0.2592049613794936,
      "op_margin": 0.024043281790780368,
      "fcf_margin": 0.1277231890911788,
      "incr_op_margin_yoy": 0.23077561324377047,
      "rev_growth_yoy": -0.36529892546220777,
      "rev_growth_yoy_accel": -0.006643600983041453,
      "fcf_margin_change": 0.2646607061819448
    },
    {
      "date": "2023-11-30T00:00:00",
      "quarter_label": "2023-11 (Q4)",
      "revenue": 8027689,
      "gross_profit": 2061927,
      "operating_income": 62324,
      "net_income": -80591,
      "opex": 1999603,
      "cogs": 610,
      "rd": null,
      "sga": 750764,
      "fcf": 911799,
      "ocf": 923316,
      "capex": -11517,
      "gross_margin": 0.25685187854188174,
      "op_margin": 0.007763629109199422,
      "fcf_margin": 0.11358175435047371,
      "incr_op_margin_yoy": 0.2921708618269823,
      "rev_growth_yoy": -0.30407880407880405,
      "rev_growth_yoy_accel": 0.061220121383403714,
      "fcf_margin_change": -0.014141434740705089
    },
    {
      "date": "2024-02-29T00:00:00",
      "quarter_label": "2024-02 (Q1)",
      "revenue": 7053706,
      "gross_profit": 2042128,
      "operating_income": -84563,
      "net_income": -72001,
      "opex": 2126691,
      "cogs": 40,
      "rd": null,
      "sga": 672403,
      "fcf": 1135514,
      "ocf": 1135514,
      "capex": null,
      "gross_margin": 0.2895113575757198,
      "op_margin": -0.011988449759601548,
      "fcf_margin": 0.160981192014524,
      "incr_op_margin_yoy": 0.30140402522465387,
      "rev_growth_yoy": -0.23260659287386667,
      "rev_growth_yoy_accel": 0.07147221120493738,
      "fcf_margin_change": 0.047399437664050276
    },
    {
      "date": "2024-05-31T00:00:00",
      "quarter_label": "2024-05 (Q2)",
      "revenue": 7344995,
      "gross_profit": 2002565,
      "operating_income": 112574,
      "net_income": 197940,
      "opex": 1889991,
      "cogs": 5342430,
      "rd": null,
      "sga": 672567,
      "fcf": 457998,
      "ocf": 457998,
      "capex": null,
      "gross_margin": 0.2726434803563515,
      "op_margin": 0.0153266271794603,
      "fcf_margin": 0.06235511392451595,
      "incr_op_margin_yoy": 0.19718410525305285,
      "rev_growth_yoy": -0.2798474510945493,
      "rev_growth_yoy_accel": -0.04724085822068261,
      "op_leverage_ratio": Infinity,
      "fcf_margin_change": -0.09862607809000803
    },
    {
      "date": "2024-08-31T00:00:00",
      "quarter_label": "2024-08 (Q3)",
      "revenue": 7970316,
      "gross_profit": 2487570,
      "operating_income": 535362,
      "net_income": 444352,
      "opex": 1952208,
      "cogs": 5482746,
      "rd": null,
      "sga": 683894,
      "fcf": -638548,
      "ocf": -638548,
      "capex": null,
      "gross_margin": 0.3121043130535853,
      "op_margin": 0.06716948236431278,
      "fcf_margin": -0.08011576956296337,
      "rev_growth_yoy": -0.10019836621919585,
      "rev_growth_yoy_accel": 0.17964908487535342,
      "op_leverage_ratio": 2.5862004266587393,
      "fcf_margin_change": -0.14247088348747933
    },
    {
      "date": "2024-11-30T00:00:00",
      "quarter_label": "2024-11 (Q4)",
      "revenue": 8842122,
      "gross_profit": 2371431,
      "operating_income": 340574,
      "net_income": 255387,
      "opex": 2030857,
      "cogs": 725,
      "rd": null,
      "sga": null,
      "fcf": 868426,
      "ocf": 868426,
      "capex": null,
      "gross_margin": 0.2681970459127345,
      "op_margin": 0.0385172247114437,
      "fcf_margin": 0.09821465933177578,
      "rev_growth_yoy": 0.10145298354233703,
      "rev_growth_yoy_accel": 0.20165134976153287,
      "op_leverage_ratio": 2.7150460273352737,
      "fcf_margin_change": 0.17833042889473916
    },
    {
      "date": "2025-02-28T00:00:00",
      "quarter_label": "2025-02 (Q1)",
      "revenue": 7231738,
      "gross_profit": 2045702,
      "operating_income": -2544,
      "net_income": 57356,
      "opex": 2048246,
      "cogs": 902,
      "rd": null,
      "sga": null,
      "fcf": -130413,
      "ocf": -124278,
      "capex": -6135,
      "gross_margin": 0.2828783343644363,
      "op_margin": -0.00035178265584289695,
      "fcf_margin": -0.018033424330361526,
      "rev_growth_yoy": 0.025239498215547967,
      "rev_growth_yoy_accel": -0.07621348532678907,
      "fcf_margin_change": -0.1162480836621373
    },
    {
      "date": "2025-05-31T00:00:00",
      "quarter_label": "2025-05 (Q2)",
      "revenue": 8916725,
      "gross_profit": 2688403,
      "operating_income": 60648,
      "net_income": 117964,
      "opex": 2627755,
      "cogs": 6228322,
      "rd": null,
      "sga": null,
      "fcf": 101713,
      "ocf": 209635,
      "capex": -107922,
      "gross_margin": 0.30150116774936986,
      "op_margin": 0.006801600363362109,
      "fcf_margin": 0.011406990795387319,
      "incr_op_margin_yoy": -0.03303748099228239,
      "rev_growth_yoy": 0.21398653096428247,
      "rev_growth_yoy_accel": 0.1887470327487345,
      "op_leverage_ratio": 0.8235231293865137,
      "fcf_margin_change": 0.029440415125748846
    },
    {
      "date": "2025-08-31T00:00:00",
      "quarter_label": "2025-08 (Q3)",
      "revenue": 10274031,
      "gross_profit": 2844703,
      "operating_income": 658833,
      "net_income": 472205,
      "opex": 2185870,
      "cogs": 7429328,
      "rd": null,
      "sga": null,
      "fcf": 95797,
      "ocf": 99444,
      "capex": -3647,
      "gross_margin": 0.27688285153120523,
      "op_margin": 0.06412604750754597,
      "fcf_margin": 0.009324188334646839,
      "incr_op_margin_yoy": 0.053596473522115363,
      "rev_growth_yoy": 0.2890368462178915,
      "rev_growth_yoy_accel": 0.07505031525360903,
      "op_leverage_ratio": Infinity,
      "fcf_margin_change": -0.0020828024607404804
    }
  ],
  "signals": [
    {
      "quarter": "2025-08 (Q3)",
      "signal": "YoY REVENUE GROWTH ACCELERATION",
      "detail": "YoY growth: +28.9% vs prior quarter YoY: +21.4% (accel: +7.5%)",
      "severity": "MEDIUM"
    },
    {
      "quarter": "2025-05 (Q2)",
      "signal": "FCF TURNED POSITIVE",
      "detail": "FCF margin: -1.8% -> +1.1%",
      "severity": "HIGH"
    },
    {
      "quarter": "2025-05 (Q2)",
      "signal": "YoY REVENUE GROWTH ACCELERATION",
      "detail": "YoY growth: +21.4% vs prior quarter YoY: +2.5% (accel: +18.9%)",
      "severity": "HIGH"
    },
    {
      "quarter": "2025-05 (Q2)",
      "signal": "OP MARGIN TURNED POSITIVE (QoQ)",
      "detail": "Op margin: -0.0% -> +0.7%",
      "severity": "HIGH"
    },
    {
      "quarter": "2025-02 (Q1)",
      "signal": "YoY REVENUE GROWTH DECELERATION",
      "detail": "YoY growth: +2.5% vs prior quarter YoY: +10.1% (decel: -7.6%)",
      "severity": "WARNING"
    },
    {
      "quarter": "2024-11 (Q4)",
      "signal": "FCF TURNED POSITIVE",
      "detail": "FCF margin: -8.0% -> +9.8%",
      "severity": "HIGH"
    },
    {
      "quarter": "2024-11 (Q4)",
      "signal": "OPERATING LEVERAGE",
      "detail": "Rev growth +10.9% vs OpEx growth +4.0% (leverage: 2.7x)",
      "severity": "MEDIUM"
    },
    {
      "quarter": "2024-11 (Q4)",
      "signal": "YoY REVENUE GROWTH ACCELERATION",
      "detail": "YoY growth: +10.1% vs prior quarter YoY: -10.0% (accel: +20.2%)",
      "severity": "HIGH"
    },
    {
      "quarter": "2024-08 (Q3)",
      "signal": "OPERATING LEVERAGE",
      "detail": "Rev growth +8.5% vs OpEx growth +3.3% (leverage: 2.6x)",
      "severity": "MEDIUM"
    },
    {
      "quarter": "2024-08 (Q3)",
      "signal": "GROSS MARGIN INFLECTION",
      "detail": "GM: +29.0% -> +27.3% -> +31.2% (reversal +3.9%)",
      "severity": "MEDIUM"
    },
    {
      "quarter": "2024-08 (Q3)",
      "signal": "YoY REVENUE GROWTH ACCELERATION",
      "detail": "YoY growth: -10.0% vs prior quarter YoY: -28.0% (accel: +18.0%)",
      "severity": "HIGH"
    },
    {
      "quarter": "2024-05 (Q2)",
      "signal": "INCREMENTAL MARGIN (YoY)",
      "detail": "YoY Incr OPM: +19.7% vs year-ago OPM: +6.6%",
      "severity": "MEDIUM"
    },
    {
      "quarter": "2024-05 (Q2)",
      "signal": "OP MARGIN TURNED POSITIVE (QoQ)",
      "detail": "Op margin: -1.2% -> +1.5%",
      "severity": "HIGH"
    },
    {
      "quarter": "2024-02 (Q1)",
      "signal": "GROSS MARGIN INFLECTION",
      "detail": "GM: +25.9% -> +25.7% -> +29.0% (reversal +3.3%)",
      "severity": "MEDIUM"
    },
    {
      "quarter": "2024-02 (Q1)",
      "signal": "YoY REVENUE GROWTH ACCELERATION",
      "detail": "YoY growth: -23.3% vs prior quarter YoY: -30.4% (accel: +7.1%)",
      "severity": "MEDIUM"
    },
    {
      "quarter": "2023-11 (Q4)",
      "signal": "YoY REVENUE GROWTH ACCELERATION",
      "detail": "YoY growth: -30.4% vs prior quarter YoY: -36.5% (accel: +6.1%)",
      "severity": "MEDIUM"
    },
    {
      "quarter": "2023-11 (Q4)",
      "signal": "INCREMENTAL MARGIN (YoY)",
      "detail": "YoY Incr OPM: +29.2% vs year-ago OPM: +9.4%",
      "severity": "MEDIUM"
    },
    {
      "quarter": "2023-08 (Q3)",
      "signal": "FCF TURNED POSITIVE",
      "detail": "FCF margin: -13.7% -> +12.8%",
      "severity": "HIGH"
    },
    {
      "quarter": "2023-08 (Q3)",
      "signal": "INCREMENTAL MARGIN (YoY)",
      "detail": "YoY Incr OPM: +23.1% vs year-ago OPM: +10.0%",
      "severity": "MEDIUM"
    },
    {
      "quarter": "2023-05 (Q2)",
      "signal": "YoY REVENUE GROWTH DECELERATION",
      "detail": "YoY growth: -35.9% vs prior quarter YoY: -12.6% (decel: -23.3%)",
      "severity": "WARNING"
    },
    {
      "quarter": "2023-02 (Q1)",
      "signal": "FCF MARGIN EXPANSION",
      "detail": "FCF margin: +8.6% -> +16.4% (+7.7%)",
      "severity": "MEDIUM"
    },
    {
      "quarter": "2023-02 (Q1)",
      "signal": "YoY REVENUE GROWTH DECELERATION",
      "detail": "YoY growth: -12.6% vs prior quarter YoY: +0.8% (decel: -13.4%)",
      "severity": "WARNING"
    },
    {
      "quarter": "2023-02 (Q1)",
      "signal": "INCREMENTAL MARGIN (YoY)",
      "detail": "YoY Incr OPM: +28.7% vs year-ago OPM: +8.9%",
      "severity": "MEDIUM"
    },
    {
      "quarter": "2022-11 (Q4)",
      "signal": "FCF MARGIN EXPANSION",
      "detail": "FCF margin: +0.9% -> +8.6% (+7.8%)",
      "severity": "MEDIUM"
    },
    {
      "quarter": "2022-11 (Q4)",
      "signal": "GROSS MARGIN INFLECTION",
      "detail": "GM: +27.5% -> +26.0% -> +29.1% (reversal +3.1%)",
      "severity": "MEDIUM"
    },
    {
      "quarter": "2022-11 (Q4)",
      "signal": "YoY REVENUE GROWTH DECELERATION",
      "detail": "YoY growth: +0.8% vs prior quarter YoY: +31.3% (decel: -30.5%)",
      "severity": "WARNING"
    },
    {
      "quarter": "2022-08 (Q3)",
      "signal": "YoY REVENUE GROWTH DECELERATION",
      "detail": "YoY growth: +31.3% vs prior quarter YoY: +65.8% (decel: -34.5%)",
      "severity": "WARNING"
    },
    {
      "quarter": "2022-05 (Q2)",
      "signal": "FCF TURNED POSITIVE",
      "detail": "FCF margin: -2.5% -> +8.3%",
      "severity": "HIGH"
    },
    {
      "quarter": "2022-05 (Q2)",
      "signal": "YoY REVENUE GROWTH ACCELERATION",
      "detail": "YoY growth: +65.8% vs prior quarter YoY: +28.9% (accel: +36.8%)",
      "severity": "HIGH"
    },
    {
      "quarter": "2022-02 (Q1)",
      "signal": "GROSS MARGIN INFLECTION",
      "detail": "GM: +29.0% -> +25.7% -> +28.2% (reversal +2.5%)",
      "severity": "MEDIUM"
    },
    {
      "quarter": "2022-02 (Q1)",
      "signal": "YoY REVENUE GROWTH ACCELERATION",
      "detail": "YoY growth: +28.9% vs prior quarter YoY: +19.1% (accel: +9.9%)",
      "severity": "MEDIUM"
    },
    {
      "quarter": "2022-02 (Q1)",
      "signal": "INCREMENTAL MARGIN (YoY)",
      "detail": "YoY Incr OPM: +24.7% vs year-ago OPM: +4.4%",
      "severity": "HIGH"
    },
    {
      "quarter": "2021-11 (Q4)",
      "signal": "FCF TURNED POSITIVE",
      "detail": "FCF margin: -0.7% -> +9.0%",
      "severity": "HIGH"
    },
    {
      "quarter": "2021-08 (Q3)",
      "signal": "GROSS MARGIN INFLECTION",
      "detail": "GM: +28.2% -> +26.7% -> +29.0% (reversal +2.4%)",
      "severity": "MEDIUM"
    }
  ],
  "data_quality": {
    "n_quarters": 20,
    "coverage": {
      "revenue": [
        20,
        20
      ],
      "gross_profit": [
        20,
        20
      ],
      "op_income": [
        20,
        20
      ],
      "fcf": [
        20,
        20
      ]
    },
    "gaps": [],
    "warnings": []
  },
  "market_cap": null,
  "source": "SEC EDGAR",
  "last_updated": "2026-02-03T00:00:06.453808"
}