{
  "ticker": "SPRU",
  "name": "Spruce Power Holding Corporation",
  "quarters": [
    {
      "date": "2020-12-31T00:00:00",
      "quarter_label": "2020-12 (Q4)",
      "revenue": 10866000,
      "gross_profit": 1985000,
      "operating_income": -13075060,
      "net_income": -24173744,
      "opex": 15060060,
      "cogs": 8881000,
      "rd": 1148000,
      "sga": 2795000,
      "fcf": -6777000,
      "ocf": -6794000,
      "capex": 17000,
      "gross_margin": 0.18267991901343641,
      "op_margin": -1.203300202466409,
      "fcf_margin": -0.6236885698509111
    },
    {
      "date": "2021-03-31T00:00:00",
      "quarter_label": "2021-03 (Q1)",
      "revenue": 675000,
      "gross_profit": -716000,
      "operating_income": -10086000,
      "net_income": 61914000,
      "opex": 9370000,
      "cogs": 1391000,
      "rd": 1412000,
      "sga": 7958000,
      "fcf": -11066000,
      "ocf": -9962000,
      "capex": -1104000,
      "gross_margin": -1.0607407407407408,
      "op_margin": -14.942222222222222,
      "fcf_margin": -16.394074074074073,
      "fcf_margin_change": -15.770385504223162
    },
    {
      "date": "2021-06-30T00:00:00",
      "quarter_label": "2021-06 (Q2)",
      "revenue": 3694000,
      "gross_profit": 962000,
      "operating_income": -12669000,
      "net_income": -10469000,
      "opex": 13631000,
      "cogs": 2732000,
      "rd": 2809000,
      "sga": 10822000,
      "fcf": -11252000,
      "ocf": -10582000,
      "capex": -670000,
      "gross_margin": 0.26042230644288034,
      "op_margin": -3.4296155928532754,
      "fcf_margin": -3.0460205739036277,
      "op_leverage_ratio": 9.835295140247029,
      "fcf_margin_change": 13.348053500170446
    },
    {
      "date": "2021-09-30T00:00:00",
      "quarter_label": "2021-09 (Q3)",
      "revenue": 3200000,
      "gross_profit": 690000,
      "operating_income": -15269000,
      "net_income": -7531000,
      "opex": 18469000,
      "cogs": 2510000,
      "rd": 3217000,
      "sga": 12742000,
      "fcf": -14814000,
      "ocf": -13671000,
      "capex": -1143000,
      "gross_margin": 0.215625,
      "op_margin": -4.7715625,
      "fcf_margin": -4.629375,
      "fcf_margin_change": -1.583354426096372
    },
    {
      "date": "2021-12-31T00:00:00",
      "quarter_label": "2021-12 (Q4)",
      "revenue": 8031000,
      "gross_profit": -1632000,
      "operating_income": -20882000,
      "net_income": -15124000,
      "opex": -10499000,
      "cogs": 9663000,
      "rd": 3337000,
      "sga": 15913000,
      "fcf": -15003000,
      "ocf": -14279000,
      "capex": -724000,
      "gross_margin": -0.20321255136346655,
      "op_margin": -2.600174324492591,
      "fcf_margin": -1.868135973104221,
      "incr_op_margin_yoy": 2.7537707231040565,
      "rev_growth_yoy": -0.2609055770292656,
      "op_leverage_ratio": Infinity,
      "fcf_margin_change": 2.7612390268957787
    },
    {
      "date": "2022-03-31T00:00:00",
      "quarter_label": "2022-03 (Q1)",
      "revenue": 4763000,
      "gross_profit": -433000,
      "operating_income": -23686000,
      "net_income": -16077000,
      "opex": 7734000,
      "cogs": 5196000,
      "rd": 2989000,
      "sga": 11658000,
      "fcf": -19122000,
      "ocf": -19096000,
      "capex": -26000,
      "gross_margin": -0.09090909090909091,
      "op_margin": -4.972916229267269,
      "fcf_margin": -4.014696619777451,
      "incr_op_margin_yoy": -3.3268101761252447,
      "rev_growth_yoy": 6.0562962962962965,
      "rev_growth_yoy_accel": 6.317201873325562,
      "fcf_margin_change": -2.1465606466732305
    },
    {
      "date": "2022-06-30T00:00:00",
      "quarter_label": "2022-06 (Q2)",
      "revenue": 3010000,
      "gross_profit": 565000,
      "operating_income": -14640000,
      "net_income": -12698000,
      "opex": 9782000,
      "cogs": 2445000,
      "rd": 2404000,
      "sga": 12801000,
      "fcf": -11150000,
      "ocf": -11176000,
      "capex": 26000,
      "gross_margin": 0.1877076411960133,
      "op_margin": -4.863787375415282,
      "fcf_margin": -3.7043189368770766,
      "rev_growth_yoy": -0.18516513264753653,
      "rev_growth_yoy_accel": -6.241461428943833,
      "fcf_margin_change": 0.3103776829003748
    },
    {
      "date": "2022-09-30T00:00:00",
      "quarter_label": "2022-09 (Q3)",
      "revenue": 8360000,
      "gross_profit": 6386000,
      "operating_income": -28008000,
      "net_income": -22005000,
      "opex": 36368000,
      "cogs": 1974000,
      "rd": 2348000,
      "sga": 29343000,
      "fcf": -16124000,
      "ocf": -16124000,
      "capex": null,
      "gross_margin": 0.7638755980861244,
      "op_margin": -3.3502392344497607,
      "fcf_margin": -1.928708133971292,
      "incr_op_margin_yoy": -2.468798449612403,
      "rev_growth_yoy": 1.6125,
      "rev_growth_yoy_accel": 1.7976651326475366,
      "op_leverage_ratio": 0.6539762015978734,
      "fcf_margin_change": 1.7756108029057847
    },
    {
      "date": "2022-12-31T00:00:00",
      "quarter_label": "2022-12 (Q4)",
      "revenue": 7061000,
      "gross_profit": -914000,
      "operating_income": 6461000,
      "net_income": -43151000,
      "opex": 600000,
      "cogs": 7975000,
      "rd": null,
      "sga": 19316000,
      "fcf": -17093000,
      "ocf": -17093000,
      "capex": null,
      "gross_margin": -0.12944342161166975,
      "op_margin": 0.9150262002549214,
      "fcf_margin": -2.4207619317377143,
      "rev_growth_yoy": -0.12078196986676629,
      "rev_growth_yoy_accel": -1.7332819698667663,
      "fcf_margin_change": -0.49205379776642233
    },
    {
      "date": "2023-03-31T00:00:00",
      "quarter_label": "2023-03 (Q1)",
      "revenue": 18095000,
      "gross_profit": 10242000,
      "operating_income": -5475000,
      "net_income": -19395000,
      "opex": 23570000,
      "cogs": 7853000,
      "rd": null,
      "sga": 15717000,
      "fcf": -8263000,
      "ocf": -8251000,
      "capex": -12000,
      "gross_margin": 0.5660127106935617,
      "op_margin": -0.30256977065487706,
      "fcf_margin": -0.4566454821773971,
      "incr_op_margin_yoy": 1.3659615961596159,
      "rev_growth_yoy": 2.7990762124711317,
      "rev_growth_yoy_accel": 2.919858182337898,
      "op_leverage_ratio": 0.04081849831898987,
      "fcf_margin_change": 1.9641164495603172
    },
    {
      "date": "2023-06-30T00:00:00",
      "quarter_label": "2023-06 (Q2)",
      "revenue": 22813000,
      "gross_profit": 14219000,
      "operating_income": -1766000,
      "net_income": 3065000,
      "opex": 24579000,
      "cogs": 8594000,
      "rd": null,
      "sga": 15985000,
      "fcf": -10132000,
      "ocf": -10020000,
      "capex": -112000,
      "gross_margin": 0.6232849690965677,
      "op_margin": -0.07741200192872486,
      "fcf_margin": -0.44413273133739534,
      "incr_op_margin_yoy": 0.650103519668737,
      "rev_growth_yoy": 6.579069767441861,
      "rev_growth_yoy_accel": 3.779993554970729,
      "op_leverage_ratio": 6.090707807680586,
      "fcf_margin_change": 0.012512750840001752
    },
    {
      "date": "2023-09-30T00:00:00",
      "quarter_label": "2023-09 (Q3)",
      "revenue": 23250000,
      "gross_profit": 13440000,
      "operating_income": -24517000,
      "net_income": -19313000,
      "opex": 47767000,
      "cogs": 9810000,
      "rd": null,
      "sga": 12391000,
      "fcf": 2186000,
      "ocf": 2347000,
      "capex": -161000,
      "gross_margin": 0.5780645161290323,
      "op_margin": -1.054494623655914,
      "fcf_margin": 0.09402150537634409,
      "incr_op_margin_yoy": 0.23445265278710545,
      "rev_growth_yoy": 1.7811004784688995,
      "rev_growth_yoy_accel": -4.797969288972961,
      "op_leverage_ratio": 0.020304857893861168,
      "fcf_margin_change": 0.5381542367137394
    },
    {
      "date": "2023-12-31T00:00:00",
      "quarter_label": "2023-12 (Q4)",
      "revenue": 15701000,
      "gross_profit": 4145000,
      "operating_income": -8511000,
      "net_income": -30188000,
      "opex": 24212000,
      "cogs": 11556000,
      "rd": null,
      "sga": 12029000,
      "fcf": -17951000,
      "ocf": -17737000,
      "capex": -214000,
      "gross_margin": 0.2639959238265079,
      "op_margin": -0.5420673842430418,
      "fcf_margin": -1.1433029743328451,
      "incr_op_margin_yoy": -1.7328703703703703,
      "rev_growth_yoy": 1.2236227163291318,
      "rev_growth_yoy_accel": -0.5574777621397677,
      "fcf_margin_change": -1.2373244797091891
    },
    {
      "date": "2024-03-31T00:00:00",
      "quarter_label": "2024-03 (Q1)",
      "revenue": 18287000,
      "gross_profit": 9419000,
      "operating_income": -3597000,
      "net_income": -2454000,
      "opex": 21884000,
      "cogs": 8868000,
      "rd": null,
      "sga": 13469000,
      "fcf": -22254000,
      "ocf": -22187000,
      "capex": -67000,
      "gross_margin": 0.5150653469677914,
      "op_margin": -0.19669710723464756,
      "fcf_margin": -1.216930059605184,
      "rev_growth_yoy": 0.010610665929814866,
      "rev_growth_yoy_accel": -1.213012050399317,
      "op_leverage_ratio": Infinity,
      "fcf_margin_change": -0.07362708527233885
    },
    {
      "date": "2024-06-30T00:00:00",
      "quarter_label": "2024-06 (Q2)",
      "revenue": 22481000,
      "gross_profit": 12342000,
      "operating_income": -3360000,
      "net_income": -8578000,
      "opex": 25841000,
      "cogs": 10139000,
      "rd": null,
      "sga": 16701000,
      "fcf": -5198000,
      "ocf": -5115000,
      "capex": -83000,
      "gross_margin": 0.548996930741515,
      "op_margin": -0.1494595436146079,
      "fcf_margin": -0.23121747253236066,
      "rev_growth_yoy": -0.01455310568535484,
      "rev_growth_yoy_accel": -0.02516377161516971,
      "op_leverage_ratio": 1.2683719150220147,
      "fcf_margin_change": 0.9857125870728233
    },
    {
      "date": "2024-09-30T00:00:00",
      "quarter_label": "2024-09 (Q3)",
      "revenue": 21378000,
      "gross_profit": 11721000,
      "operating_income": -37159000,
      "net_income": -53529000,
      "opex": 58537000,
      "cogs": 9657000,
      "rd": null,
      "sga": 13521000,
      "fcf": -1083000,
      "ocf": -1051000,
      "capex": -32000,
      "gross_margin": 0.5482739264664609,
      "op_margin": -1.738188792216297,
      "fcf_margin": -0.05065955655346618,
      "incr_op_margin_yoy": 6.753205128205129,
      "rev_growth_yoy": -0.08051612903225806,
      "rev_growth_yoy_accel": -0.06596302334690322,
      "fcf_margin_change": 0.18055791597889448
    },
    {
      "date": "2024-12-31T00:00:00",
      "quarter_label": "2024-12 (Q4)",
      "revenue": 20226000,
      "gross_profit": null,
      "operating_income": -6441000,
      "net_income": -5928000,
      "opex": 26667000,
      "cogs": null,
      "rd": null,
      "sga": 15463000,
      "fcf": -13630000,
      "ocf": -13458000,
      "capex": -172000,
      "gross_margin": null,
      "op_margin": -0.3184514980717888,
      "fcf_margin": -0.6738850983882132,
      "incr_op_margin_yoy": 0.4574585635359116,
      "rev_growth_yoy": 0.28819820393605505,
      "rev_growth_yoy_accel": 0.36871433296831313,
      "fcf_margin_change": -0.623225541834747
    },
    {
      "date": "2025-03-31T00:00:00",
      "quarter_label": "2025-03 (Q1)",
      "revenue": 23818000,
      "gross_profit": null,
      "operating_income": -1694000,
      "net_income": -15338000,
      "opex": 25512000,
      "cogs": null,
      "rd": null,
      "sga": 14100000,
      "fcf": -9211000,
      "ocf": -9124000,
      "capex": -87000,
      "gross_margin": null,
      "op_margin": -0.07112268032580402,
      "fcf_margin": -0.3867243261398942,
      "incr_op_margin_yoy": 0.3440607485084072,
      "rev_growth_yoy": 0.3024552961119921,
      "rev_growth_yoy_accel": 0.01425709217593707,
      "op_leverage_ratio": Infinity,
      "fcf_margin_change": 0.287160772248319
    },
    {
      "date": "2025-06-30T00:00:00",
      "quarter_label": "2025-06 (Q2)",
      "revenue": 33239000,
      "gross_profit": null,
      "operating_income": 8902000,
      "net_income": -2966000,
      "opex": 24337000,
      "cogs": null,
      "rd": null,
      "sga": 15099000,
      "fcf": -2440000,
      "ocf": -2343000,
      "capex": -97000,
      "gross_margin": null,
      "op_margin": 0.26781792472697735,
      "fcf_margin": -0.07340774391528024,
      "incr_op_margin_yoy": 1.1398029373489496,
      "rev_growth_yoy": 0.4785374316089142,
      "rev_growth_yoy_accel": 0.1760821354969221,
      "op_leverage_ratio": Infinity,
      "fcf_margin_change": 0.313316582224614
    },
    {
      "date": "2025-09-30T00:00:00",
      "quarter_label": "2025-09 (Q3)",
      "revenue": 30727000,
      "gross_profit": null,
      "operating_income": 8484000,
      "net_income": -860000,
      "opex": 22243000,
      "cogs": null,
      "rd": null,
      "sga": 12942000,
      "fcf": 11203000,
      "ocf": 11239000,
      "capex": -36000,
      "gross_margin": null,
      "op_margin": 0.2761089595469782,
      "fcf_margin": 0.36459791063234287,
      "incr_op_margin_yoy": 4.882126430634292,
      "rev_growth_yoy": 0.43731873889044814,
      "rev_growth_yoy_accel": -0.041218692718466066,
      "fcf_margin_change": 0.4380056545476231
    }
  ],
  "signals": [
    {
      "quarter": "2025-09 (Q3)",
      "signal": "FCF TURNED POSITIVE",
      "detail": "FCF margin: -7.3% -> +36.5%",
      "severity": "HIGH"
    },
    {
      "quarter": "2025-09 (Q3)",
      "signal": "OP MARGIN TURNED POSITIVE (YoY)",
      "detail": "Op margin: -173.8% (year-ago) -> +27.6%",
      "severity": "HIGH"
    },
    {
      "quarter": "2025-06 (Q2)",
      "signal": "FCF MARGIN EXPANSION",
      "detail": "FCF margin: -38.7% -> -7.3% (+31.3%)",
      "severity": "MEDIUM"
    },
    {
      "quarter": "2025-06 (Q2)",
      "signal": "YoY REVENUE GROWTH ACCELERATION",
      "detail": "YoY growth: +47.9% vs prior quarter YoY: +30.2% (accel: +17.6%)",
      "severity": "HIGH"
    },
    {
      "quarter": "2025-06 (Q2)",
      "signal": "OP MARGIN TURNED POSITIVE (YoY)",
      "detail": "Op margin: -14.9% (year-ago) -> +26.8%",
      "severity": "HIGH"
    },
    {
      "quarter": "2025-06 (Q2)",
      "signal": "OP MARGIN TURNED POSITIVE (QoQ)",
      "detail": "Op margin: -7.1% -> +26.8%",
      "severity": "HIGH"
    },
    {
      "quarter": "2025-03 (Q1)",
      "signal": "FCF MARGIN EXPANSION",
      "detail": "FCF margin: -67.4% -> -38.7% (+28.7%)",
      "severity": "MEDIUM"
    },
    {
      "quarter": "2024-12 (Q4)",
      "signal": "YoY REVENUE GROWTH ACCELERATION",
      "detail": "YoY growth: +28.8% vs prior quarter YoY: -8.1% (accel: +36.9%)",
      "severity": "HIGH"
    },
    {
      "quarter": "2024-09 (Q3)",
      "signal": "FCF MARGIN EXPANSION",
      "detail": "FCF margin: -23.1% -> -5.1% (+18.1%)",
      "severity": "MEDIUM"
    },
    {
      "quarter": "2024-09 (Q3)",
      "signal": "YoY REVENUE GROWTH DECELERATION",
      "detail": "YoY growth: -8.1% vs prior quarter YoY: -1.5% (decel: -6.6%)",
      "severity": "WARNING"
    },
    {
      "quarter": "2024-06 (Q2)",
      "signal": "FCF MARGIN EXPANSION",
      "detail": "FCF margin: -121.7% -> -23.1% (+98.6%)",
      "severity": "MEDIUM"
    },
    {
      "quarter": "2024-03 (Q1)",
      "signal": "GROSS MARGIN INFLECTION",
      "detail": "GM: +57.8% -> +26.4% -> +51.5% (reversal +25.1%)",
      "severity": "HIGH"
    },
    {
      "quarter": "2024-03 (Q1)",
      "signal": "YoY REVENUE GROWTH DECELERATION",
      "detail": "YoY growth: +1.1% vs prior quarter YoY: +122.4% (decel: -121.3%)",
      "severity": "WARNING"
    },
    {
      "quarter": "2023-12 (Q4)",
      "signal": "YoY REVENUE GROWTH DECELERATION",
      "detail": "YoY growth: +122.4% vs prior quarter YoY: +178.1% (decel: -55.7%)",
      "severity": "WARNING"
    },
    {
      "quarter": "2023-09 (Q3)",
      "signal": "FCF TURNED POSITIVE",
      "detail": "FCF margin: -44.4% -> +9.4%",
      "severity": "HIGH"
    },
    {
      "quarter": "2023-09 (Q3)",
      "signal": "YoY REVENUE GROWTH DECELERATION",
      "detail": "YoY growth: +178.1% vs prior quarter YoY: +657.9% (decel: -479.8%)",
      "severity": "WARNING"
    },
    {
      "quarter": "2023-06 (Q2)",
      "signal": "OPERATING LEVERAGE",
      "detail": "Rev growth +26.1% vs OpEx growth +4.3% (leverage: 6.1x)",
      "severity": "MEDIUM"
    },
    {
      "quarter": "2023-06 (Q2)",
      "signal": "YoY REVENUE GROWTH ACCELERATION",
      "detail": "YoY growth: +657.9% vs prior quarter YoY: +279.9% (accel: +378.0%)",
      "severity": "HIGH"
    },
    {
      "quarter": "2023-03 (Q1)",
      "signal": "FCF MARGIN EXPANSION",
      "detail": "FCF margin: -242.1% -> -45.7% (+196.4%)",
      "severity": "MEDIUM"
    },
    {
      "quarter": "2023-03 (Q1)",
      "signal": "GROSS MARGIN INFLECTION",
      "detail": "GM: +76.4% -> -12.9% -> +56.6% (reversal +69.5%)",
      "severity": "HIGH"
    },
    {
      "quarter": "2023-03 (Q1)",
      "signal": "YoY REVENUE GROWTH ACCELERATION",
      "detail": "YoY growth: +279.9% vs prior quarter YoY: -12.1% (accel: +292.0%)",
      "severity": "HIGH"
    },
    {
      "quarter": "2022-12 (Q4)",
      "signal": "YoY REVENUE GROWTH DECELERATION",
      "detail": "YoY growth: -12.1% vs prior quarter YoY: +161.2% (decel: -173.3%)",
      "severity": "WARNING"
    },
    {
      "quarter": "2022-12 (Q4)",
      "signal": "OP MARGIN TURNED POSITIVE (YoY)",
      "detail": "Op margin: -260.0% (year-ago) -> +91.5%",
      "severity": "HIGH"
    },
    {
      "quarter": "2022-12 (Q4)",
      "signal": "OP MARGIN TURNED POSITIVE (QoQ)",
      "detail": "Op margin: -335.0% -> +91.5%",
      "severity": "HIGH"
    },
    {
      "quarter": "2022-09 (Q3)",
      "signal": "FCF MARGIN EXPANSION",
      "detail": "FCF margin: -370.4% -> -192.9% (+177.6%)",
      "severity": "MEDIUM"
    },
    {
      "quarter": "2022-09 (Q3)",
      "signal": "YoY REVENUE GROWTH ACCELERATION",
      "detail": "YoY growth: +161.2% vs prior quarter YoY: -18.5% (accel: +179.8%)",
      "severity": "HIGH"
    },
    {
      "quarter": "2022-06 (Q2)",
      "signal": "FCF MARGIN EXPANSION",
      "detail": "FCF margin: -401.5% -> -370.4% (+31.0%)",
      "severity": "MEDIUM"
    },
    {
      "quarter": "2022-06 (Q2)",
      "signal": "YoY REVENUE GROWTH DECELERATION",
      "detail": "YoY growth: -18.5% vs prior quarter YoY: +605.6% (decel: -624.1%)",
      "severity": "WARNING"
    },
    {
      "quarter": "2022-03 (Q1)",
      "signal": "GROSS MARGIN INFLECTION",
      "detail": "GM: +21.6% -> -20.3% -> -9.1% (reversal +11.2%)",
      "severity": "HIGH"
    },
    {
      "quarter": "2022-03 (Q1)",
      "signal": "YoY REVENUE GROWTH ACCELERATION",
      "detail": "YoY growth: +605.6% vs prior quarter YoY: -26.1% (accel: +631.7%)",
      "severity": "HIGH"
    },
    {
      "quarter": "2021-12 (Q4)",
      "signal": "FCF MARGIN EXPANSION",
      "detail": "FCF margin: -462.9% -> -186.8% (+276.1%)",
      "severity": "MEDIUM"
    },
    {
      "quarter": "2021-06 (Q2)",
      "signal": "FCF MARGIN EXPANSION",
      "detail": "FCF margin: -1639.4% -> -304.6% (+1334.8%)",
      "severity": "MEDIUM"
    },
    {
      "quarter": "2021-06 (Q2)",
      "signal": "OPERATING LEVERAGE",
      "detail": "Rev growth +447.3% vs OpEx growth +45.5% (leverage: 9.8x)",
      "severity": "MEDIUM"
    },
    {
      "quarter": "2021-06 (Q2)",
      "signal": "GROSS MARGIN INFLECTION",
      "detail": "GM: +18.3% -> -106.1% -> +26.0% (reversal +132.1%)",
      "severity": "HIGH"
    }
  ],
  "data_quality": {
    "n_quarters": 20,
    "coverage": {
      "revenue": [
        20,
        20
      ],
      "gross_profit": [
        16,
        20
      ],
      "op_income": [
        20,
        20
      ],
      "fcf": [
        20,
        20
      ]
    },
    "gaps": [],
    "warnings": []
  },
  "market_cap": null,
  "source": "SEC EDGAR",
  "last_updated": "2026-02-02T23:19:53.433364"
}