{
  "ticker": "SPRY",
  "name": "ARS Pharmaceuticals, Inc.",
  "quarters": [
    {
      "date": "2022-03-31T00:00:00",
      "quarter_label": "2022-03 (Q1)",
      "revenue": 663000,
      "gross_profit": null,
      "operating_income": -24698000,
      "net_income": -24631000,
      "opex": 24698000,
      "cogs": null,
      "rd": 16897000,
      "sga": null,
      "fcf": -6946000,
      "ocf": -6925000,
      "capex": -21000,
      "gross_margin": null,
      "op_margin": -37.25188536953243,
      "fcf_margin": -10.476621417797888
    },
    {
      "date": "2022-06-30T00:00:00",
      "quarter_label": "2022-06 (Q2)",
      "revenue": 464000,
      "gross_profit": null,
      "operating_income": -19798000,
      "net_income": -19429000,
      "opex": 19798000,
      "cogs": null,
      "rd": 12245000,
      "sga": null,
      "fcf": -6996000,
      "ocf": -6974000,
      "capex": -22000,
      "gross_margin": null,
      "op_margin": -42.668103448275865,
      "fcf_margin": -15.077586206896552,
      "fcf_margin_change": -4.600964789098663
    },
    {
      "date": "2022-09-30T00:00:00",
      "quarter_label": "2022-09 (Q3)",
      "revenue": 189000,
      "gross_profit": null,
      "operating_income": -18939000,
      "net_income": -17864000,
      "opex": 18939000,
      "cogs": null,
      "rd": 8363000,
      "sga": null,
      "fcf": -5712000,
      "ocf": -5682000,
      "capex": -30000,
      "gross_margin": null,
      "op_margin": -100.2063492063492,
      "fcf_margin": -30.22222222222222,
      "fcf_margin_change": -15.14463601532567
    },
    {
      "date": "2022-12-31T00:00:00",
      "quarter_label": "2022-12 (Q4)",
      "revenue": 0,
      "gross_profit": null,
      "operating_income": 27919000,
      "net_income": 27242000,
      "opex": -26603000,
      "cogs": null,
      "rd": -19129000,
      "sga": null,
      "fcf": -20623000,
      "ocf": -20497000,
      "capex": -126000,
      "gross_margin": null,
      "op_margin": null,
      "fcf_margin": null
    },
    {
      "date": "2023-03-31T00:00:00",
      "quarter_label": "2023-03 (Q1)",
      "revenue": 20000,
      "gross_profit": null,
      "operating_income": -18713000,
      "net_income": -14961000,
      "opex": 18733000,
      "cogs": null,
      "rd": 6552000,
      "sga": 337000,
      "fcf": -12622000,
      "ocf": -12429000,
      "capex": -193000,
      "gross_margin": null,
      "op_margin": -935.65,
      "fcf_margin": -631.1,
      "rev_growth_yoy": -0.9698340874811463
    },
    {
      "date": "2023-06-30T00:00:00",
      "quarter_label": "2023-06 (Q2)",
      "revenue": 10000,
      "gross_profit": null,
      "operating_income": -20603000,
      "net_income": -17370000,
      "opex": 20613000,
      "cogs": null,
      "rd": 7308000,
      "sga": 181000,
      "fcf": -16699000,
      "ocf": -16669000,
      "capex": -30000,
      "gross_margin": null,
      "op_margin": -2060.3,
      "fcf_margin": -1669.9,
      "rev_growth_yoy": -0.978448275862069,
      "rev_growth_yoy_accel": -0.00861418838092265,
      "fcf_margin_change": -1038.8000000000002
    },
    {
      "date": "2023-09-30T00:00:00",
      "quarter_label": "2023-09 (Q3)",
      "revenue": 0,
      "gross_profit": null,
      "operating_income": -17978000,
      "net_income": -14866000,
      "opex": 17978000,
      "cogs": null,
      "rd": 3002000,
      "sga": 14976000,
      "fcf": -12806000,
      "ocf": -12763000,
      "capex": -43000,
      "gross_margin": null,
      "op_margin": null,
      "fcf_margin": null,
      "rev_growth_yoy": -1.0,
      "rev_growth_yoy_accel": -0.02155172413793105
    },
    {
      "date": "2023-12-31T00:00:00",
      "quarter_label": "2023-12 (Q4)",
      "revenue": 0,
      "gross_profit": null,
      "operating_income": -10226000,
      "net_income": -7168000,
      "opex": 10226000,
      "cogs": null,
      "rd": 3404000,
      "sga": -39522000,
      "fcf": -17314000,
      "ocf": -17405000,
      "capex": 91000,
      "gross_margin": null,
      "op_margin": null,
      "fcf_margin": null
    },
    {
      "date": "2024-03-31T00:00:00",
      "quarter_label": "2024-03 (Q1)",
      "revenue": 0,
      "gross_profit": null,
      "operating_income": -13192000,
      "net_income": -10292000,
      "opex": 13192000,
      "cogs": null,
      "rd": 5234000,
      "sga": 93000,
      "fcf": -6793000,
      "ocf": -6710000,
      "capex": -83000,
      "gross_margin": null,
      "op_margin": null,
      "fcf_margin": null,
      "rev_growth_yoy": -1.0
    },
    {
      "date": "2024-06-30T00:00:00",
      "quarter_label": "2024-06 (Q2)",
      "revenue": 500000,
      "gross_profit": null,
      "operating_income": -15340000,
      "net_income": -12516000,
      "opex": 15840000,
      "cogs": null,
      "rd": 6896000,
      "sga": 114000,
      "fcf": -7317000,
      "ocf": -7279000,
      "capex": -38000,
      "gross_margin": null,
      "op_margin": -30.68,
      "fcf_margin": -14.634,
      "rev_growth_yoy": 49.0,
      "rev_growth_yoy_accel": 50.0
    },
    {
      "date": "2024-09-30T00:00:00",
      "quarter_label": "2024-09 (Q3)",
      "revenue": 2068000,
      "gross_profit": null,
      "operating_income": -21748000,
      "net_income": -19128000,
      "opex": 23816000,
      "cogs": null,
      "rd": 4423000,
      "sga": 19281000,
      "fcf": -14607000,
      "ocf": -14467000,
      "capex": -140000,
      "gross_margin": null,
      "op_margin": -10.516441005802708,
      "fcf_margin": -7.063346228239845,
      "incr_op_margin_yoy": -1.823017408123791,
      "op_leverage_ratio": 6.227963891675025,
      "fcf_margin_change": 7.570653771760155
    },
    {
      "date": "2024-12-31T00:00:00",
      "quarter_label": "2024-12 (Q4)",
      "revenue": 86581000,
      "gross_profit": null,
      "operating_income": 47197000,
      "net_income": 49934000,
      "opex": 39384000,
      "cogs": null,
      "rd": 3027000,
      "sga": 35492000,
      "fcf": 41702000,
      "ocf": 42004000,
      "capex": -302000,
      "gross_margin": null,
      "op_margin": 0.5451195989882307,
      "fcf_margin": 0.4816530185606542,
      "incr_op_margin_yoy": 0.6632286529377115,
      "op_leverage_ratio": 62.5185623537644,
      "fcf_margin_change": 7.544999246800499
    },
    {
      "date": "2025-03-31T00:00:00",
      "quarter_label": "2025-03 (Q1)",
      "revenue": 7973000,
      "gross_profit": null,
      "operating_income": -37177000,
      "net_income": -33940000,
      "opex": 45150000,
      "cogs": null,
      "rd": 2952000,
      "sga": 41104000,
      "fcf": -40833000,
      "ocf": -40742000,
      "capex": -91000,
      "gross_margin": null,
      "op_margin": -4.662862159789289,
      "fcf_margin": -5.121409757933024,
      "incr_op_margin_yoy": -3.008277938040888,
      "fcf_margin_change": -5.603062776493678
    },
    {
      "date": "2025-06-30T00:00:00",
      "quarter_label": "2025-06 (Q2)",
      "revenue": 15717000,
      "gross_profit": null,
      "operating_income": -47614000,
      "net_income": -44883000,
      "opex": 63331000,
      "cogs": null,
      "rd": 4035000,
      "sga": 54312000,
      "fcf": -39643000,
      "ocf": -39592000,
      "capex": -51000,
      "gross_margin": null,
      "op_margin": -3.0294585480689697,
      "fcf_margin": -2.5223006935165744,
      "incr_op_margin_yoy": -2.1209173950187292,
      "rev_growth_yoy": 30.434,
      "op_leverage_ratio": 2.412034792663124,
      "fcf_margin_change": 2.5991090644164494
    },
    {
      "date": "2025-09-30T00:00:00",
      "quarter_label": "2025-09 (Q3)",
      "revenue": 32501000,
      "gross_profit": null,
      "operating_income": -53192000,
      "net_income": -51151000,
      "opex": 85693000,
      "cogs": null,
      "rd": 2751000,
      "sga": 74751000,
      "fcf": -47244000,
      "ocf": -47047000,
      "capex": -197000,
      "gross_margin": null,
      "op_margin": -1.6366265653364511,
      "fcf_margin": -1.4536168117904065,
      "incr_op_margin_yoy": -1.033220517201722,
      "rev_growth_yoy": 14.716150870406189,
      "rev_growth_yoy_accel": -15.717849129593812,
      "op_leverage_ratio": 3.0243463138712814,
      "fcf_margin_change": 1.068683881726168
    }
  ],
  "signals": [
    {
      "quarter": "2025-09 (Q3)",
      "signal": "FCF MARGIN EXPANSION",
      "detail": "FCF margin: -252.2% -> -145.4% (+106.9%)",
      "severity": "MEDIUM"
    },
    {
      "quarter": "2025-09 (Q3)",
      "signal": "OPERATING LEVERAGE",
      "detail": "Rev growth +106.8% vs OpEx growth +35.3% (leverage: 3.0x)",
      "severity": "MEDIUM"
    },
    {
      "quarter": "2025-09 (Q3)",
      "signal": "YoY REVENUE GROWTH DECELERATION",
      "detail": "YoY growth: +1471.6% vs prior quarter YoY: +3043.4% (decel: -1571.8%)",
      "severity": "WARNING"
    },
    {
      "quarter": "2025-06 (Q2)",
      "signal": "FCF MARGIN EXPANSION",
      "detail": "FCF margin: -512.1% -> -252.2% (+259.9%)",
      "severity": "MEDIUM"
    },
    {
      "quarter": "2025-06 (Q2)",
      "signal": "OPERATING LEVERAGE",
      "detail": "Rev growth +97.1% vs OpEx growth +40.3% (leverage: 2.4x)",
      "severity": "MEDIUM"
    },
    {
      "quarter": "2024-12 (Q4)",
      "signal": "FCF TURNED POSITIVE",
      "detail": "FCF margin: -706.3% -> +48.2%",
      "severity": "HIGH"
    },
    {
      "quarter": "2024-12 (Q4)",
      "signal": "OPERATING LEVERAGE",
      "detail": "Rev growth +4086.7% vs OpEx growth +65.4% (leverage: 62.5x)",
      "severity": "MEDIUM"
    },
    {
      "quarter": "2024-12 (Q4)",
      "signal": "OP MARGIN TURNED POSITIVE (QoQ)",
      "detail": "Op margin: -1051.6% -> +54.5%",
      "severity": "HIGH"
    },
    {
      "quarter": "2024-09 (Q3)",
      "signal": "FCF MARGIN EXPANSION",
      "detail": "FCF margin: -1463.4% -> -706.3% (+757.1%)",
      "severity": "MEDIUM"
    },
    {
      "quarter": "2024-09 (Q3)",
      "signal": "OPERATING LEVERAGE",
      "detail": "Rev growth +313.6% vs OpEx growth +50.4% (leverage: 6.2x)",
      "severity": "MEDIUM"
    },
    {
      "quarter": "2024-06 (Q2)",
      "signal": "YoY REVENUE GROWTH ACCELERATION",
      "detail": "YoY growth: +4900.0% vs prior quarter YoY: -100.0% (accel: +5000.0%)",
      "severity": "HIGH"
    }
  ],
  "data_quality": {
    "n_quarters": 15,
    "coverage": {
      "revenue": [
        15,
        15
      ],
      "gross_profit": [
        0,
        15
      ],
      "op_income": [
        15,
        15
      ],
      "fcf": [
        15,
        15
      ]
    },
    "gaps": [],
    "warnings": [
      "gross_profit: no data"
    ]
  },
  "market_cap": null,
  "source": "SEC EDGAR",
  "last_updated": "2026-02-02T22:00:01.297221"
}