{
  "ticker": "SPSC",
  "name": "SPS COMMERCE, INC.",
  "sector": "Technology",
  "industry": "Software - Application",
  "quarters": [
    {
      "date": "2021-03-31T00:00:00",
      "quarter_label": "2021-03 (Q1)",
      "revenue": 90094000,
      "gross_profit": 60124000,
      "operating_income": 12662000,
      "net_income": 10200000,
      "opex": 47462000,
      "cogs": 29970000,
      "rd": 8706000,
      "sga": null,
      "fcf": 18342000,
      "ocf": 21605000,
      "capex": -3263000,
      "gross_margin": 0.6673474371212289,
      "op_margin": 0.14054210047283947,
      "fcf_margin": 0.20358736430838903
    },
    {
      "date": "2021-06-30T00:00:00",
      "quarter_label": "2021-06 (Q2)",
      "revenue": 94539000,
      "gross_profit": 62809000,
      "operating_income": 13529000,
      "net_income": 10183000,
      "opex": 49280000,
      "cogs": 31730000,
      "rd": 8899000,
      "sga": null,
      "fcf": 27578000,
      "ocf": 33053000,
      "capex": -5475000,
      "gross_margin": 0.6643713176572631,
      "op_margin": 0.1431049619733655,
      "fcf_margin": 0.29171029945313576,
      "op_leverage_ratio": 1.2880361503861888,
      "fcf_margin_change": 0.08812293514474673
    },
    {
      "date": "2021-09-30T00:00:00",
      "quarter_label": "2021-09 (Q3)",
      "revenue": 97887000,
      "gross_profit": 63544000,
      "operating_income": 13521000,
      "net_income": 11449000,
      "opex": 50023000,
      "cogs": 34343000,
      "rd": 10854000,
      "sga": null,
      "fcf": 20081000,
      "ocf": 26910000,
      "capex": -6829000,
      "gross_margin": 0.6491566806623964,
      "op_margin": 0.13812865855527293,
      "fcf_margin": 0.2051447076731333,
      "op_leverage_ratio": 2.3488556646429197,
      "fcf_margin_change": -0.08656559178000245
    },
    {
      "date": "2021-12-31T00:00:00",
      "quarter_label": "2021-12 (Q4)",
      "revenue": 102756000,
      "gross_profit": 67121000,
      "operating_income": 15373000,
      "net_income": 12765000,
      "opex": 51748000,
      "cogs": 35635000,
      "rd": 10579000,
      "sga": null,
      "fcf": 27304000,
      "ocf": 31325000,
      "capex": -4021000,
      "gross_margin": 0.6532075985830511,
      "op_margin": 0.1496068356105726,
      "fcf_margin": 0.26571684378527777,
      "op_leverage_ratio": 1.4424321389214982,
      "fcf_margin_change": 0.06057213611214446
    },
    {
      "date": "2022-03-31T00:00:00",
      "quarter_label": "2022-03 (Q1)",
      "revenue": 105193000,
      "gross_profit": 69804000,
      "operating_income": 16510000,
      "net_income": 12603000,
      "opex": 53294000,
      "cogs": 35389000,
      "rd": 10701000,
      "sga": null,
      "fcf": -8000,
      "ocf": 4347000,
      "capex": -4355000,
      "gross_margin": 0.6635802762541234,
      "op_margin": 0.15694960691300752,
      "fcf_margin": -7.605068778340764e-05,
      "incr_op_margin_yoy": 0.25485131465659977,
      "rev_growth_yoy": 0.1675916265234089,
      "op_leverage_ratio": 0.7938389775963325,
      "fcf_margin_change": -0.26579289447306115
    },
    {
      "date": "2022-06-30T00:00:00",
      "quarter_label": "2022-06 (Q2)",
      "revenue": 109178000,
      "gross_profit": 71648000,
      "operating_income": 15968000,
      "net_income": 10753000,
      "opex": 55680000,
      "cogs": 37530000,
      "rd": 11432000,
      "sga": null,
      "fcf": 28602000,
      "ocf": 32438000,
      "capex": -3836000,
      "gross_margin": 0.656249427540347,
      "op_margin": 0.14625657183681695,
      "fcf_margin": 0.2619758559416732,
      "incr_op_margin_yoy": 0.16660974110253432,
      "rev_growth_yoy": 0.15484614815049874,
      "rev_growth_yoy_accel": -0.012745478372910152,
      "op_leverage_ratio": 0.8461539049976307,
      "fcf_margin_change": 0.2620519066294566
    },
    {
      "date": "2022-09-30T00:00:00",
      "quarter_label": "2022-09 (Q3)",
      "revenue": 114486000,
      "gross_profit": 75881000,
      "operating_income": 19690000,
      "net_income": 15863000,
      "opex": 56191000,
      "cogs": 38605000,
      "rd": 11135000,
      "sga": null,
      "fcf": 33995000,
      "ocf": 39698000,
      "capex": -5703000,
      "gross_margin": 0.6627971979106616,
      "op_margin": 0.17198609436961726,
      "fcf_margin": 0.29693586988802123,
      "incr_op_margin_yoy": 0.37164889451171756,
      "rev_growth_yoy": 0.16957307916270803,
      "rev_growth_yoy_accel": 0.014726931012209288,
      "op_leverage_ratio": 5.29753831325702,
      "fcf_margin_change": 0.03496001394634801
    },
    {
      "date": "2022-12-31T00:00:00",
      "quarter_label": "2022-12 (Q4)",
      "revenue": 122018000,
      "gross_profit": 80477000,
      "operating_income": 19014000,
      "net_income": 15915000,
      "opex": 61463000,
      "cogs": 41541000,
      "rd": 12480000,
      "sga": null,
      "fcf": 17583000,
      "ocf": 23569000,
      "capex": -5986000,
      "gross_margin": 0.659550230293891,
      "op_margin": 0.15582946778344178,
      "fcf_margin": 0.14410168991460276,
      "incr_op_margin_yoy": 0.18902502336206,
      "rev_growth_yoy": 0.18745377398886684,
      "rev_growth_yoy_accel": 0.01788069482615881,
      "op_leverage_ratio": 0.7012119180332219,
      "fcf_margin_change": -0.15283417997341847
    },
    {
      "date": "2023-03-31T00:00:00",
      "quarter_label": "2023-03 (Q1)",
      "revenue": 125868000,
      "gross_profit": 82904000,
      "operating_income": 16730000,
      "net_income": 15289000,
      "opex": 66174000,
      "cogs": 42964000,
      "rd": 12563000,
      "sga": null,
      "fcf": 16370000,
      "ocf": 21631000,
      "capex": -5261000,
      "gross_margin": 0.6586582769250325,
      "op_margin": 0.13291702418406584,
      "fcf_margin": 0.1300568849906251,
      "incr_op_margin_yoy": 0.01064087061668682,
      "rev_growth_yoy": 0.19654349624024411,
      "rev_growth_yoy_accel": 0.009089722251377275,
      "op_leverage_ratio": 0.4116588698079452,
      "fcf_margin_change": -0.014044804923977666
    },
    {
      "date": "2023-06-30T00:00:00",
      "quarter_label": "2023-06 (Q2)",
      "revenue": 130416000,
      "gross_profit": 85872000,
      "operating_income": 17033000,
      "net_income": 14682000,
      "opex": 68839000,
      "cogs": 44544000,
      "rd": 13318000,
      "sga": null,
      "fcf": 29531000,
      "ocf": 34039000,
      "capex": -4508000,
      "gross_margin": 0.6584468163415532,
      "op_margin": 0.13060514047356153,
      "fcf_margin": 0.22643694025272973,
      "incr_op_margin_yoy": 0.05014596478011112,
      "rev_growth_yoy": 0.1945263697814578,
      "rev_growth_yoy_accel": -0.0020171264587863225,
      "op_leverage_ratio": 0.8972124643399312,
      "fcf_margin_change": 0.09638005526210464
    },
    {
      "date": "2023-09-30T00:00:00",
      "quarter_label": "2023-09 (Q3)",
      "revenue": 135661000,
      "gross_profit": 90140000,
      "operating_income": 20599000,
      "net_income": 16842000,
      "opex": 69541000,
      "cogs": 45521000,
      "rd": 13558000,
      "sga": null,
      "fcf": 38144000,
      "ocf": 43842000,
      "capex": -5698000,
      "gross_margin": 0.6644503578773561,
      "op_margin": 0.15184172311865607,
      "fcf_margin": 0.28117144942172034,
      "incr_op_margin_yoy": 0.04292798110979929,
      "rev_growth_yoy": 0.18495711266006323,
      "rev_growth_yoy_accel": -0.009569257121394559,
      "op_leverage_ratio": 3.943774344626234,
      "fcf_margin_change": 0.054734509168990614
    },
    {
      "date": "2023-12-31T00:00:00",
      "quarter_label": "2023-12 (Q4)",
      "revenue": 144965000,
      "gross_profit": 95925000,
      "operating_income": 22885000,
      "net_income": 19011000,
      "opex": 73040000,
      "cogs": 49040000,
      "rd": 14216000,
      "sga": null,
      "fcf": 28492000,
      "ocf": 32786000,
      "capex": -4294000,
      "gross_margin": 0.6617114475907978,
      "op_margin": 0.15786569171869072,
      "fcf_margin": 0.19654399337771186,
      "incr_op_margin_yoy": 0.16869307534754,
      "rev_growth_yoy": 0.1880624170204396,
      "rev_growth_yoy_accel": 0.003105304360376371,
      "op_leverage_ratio": 1.3630496535567147,
      "fcf_margin_change": -0.08462745604400848
    },
    {
      "date": "2024-03-31T00:00:00",
      "quarter_label": "2024-03 (Q1)",
      "revenue": 149576000,
      "gross_profit": 98089000,
      "operating_income": 15403000,
      "net_income": 18003000,
      "opex": 82686000,
      "cogs": 51487000,
      "rd": 16009000,
      "sga": null,
      "fcf": 30531000,
      "ocf": 34064000,
      "capex": -3533000,
      "gross_margin": 0.6557803390918329,
      "op_margin": 0.10297775044124725,
      "fcf_margin": 0.2041169706370006,
      "incr_op_margin_yoy": -0.05597266745402396,
      "rev_growth_yoy": 0.188356055550259,
      "rev_growth_yoy_accel": 0.00029363852981939553,
      "op_leverage_ratio": 0.2408493448399633,
      "fcf_margin_change": 0.007572977259288738
    },
    {
      "date": "2024-06-30T00:00:00",
      "quarter_label": "2024-06 (Q2)",
      "revenue": 153596000,
      "gross_profit": 101578000,
      "operating_income": 23165000,
      "net_income": 18032000,
      "opex": 78413000,
      "cogs": 52018000,
      "rd": 14366000,
      "sga": null,
      "fcf": 24383000,
      "ocf": 29442000,
      "capex": -5059000,
      "gross_margin": 0.6613323263626657,
      "op_margin": 0.15081772962837575,
      "fcf_margin": 0.15874762363603218,
      "incr_op_margin_yoy": 0.2645383951682485,
      "rev_growth_yoy": 0.17773892773892774,
      "rev_growth_yoy_accel": -0.010617127811331256,
      "op_leverage_ratio": null,
      "fcf_margin_change": -0.045369347000968424
    },
    {
      "date": "2024-09-30T00:00:00",
      "quarter_label": "2024-09 (Q3)",
      "revenue": 163686000,
      "gross_profit": 112062000,
      "operating_income": 25571000,
      "net_income": 23460000,
      "opex": 86491000,
      "cogs": 51624000,
      "rd": 15292000,
      "sga": null,
      "fcf": 48090000,
      "ocf": 53330000,
      "capex": -5240000,
      "gross_margin": 0.684615666581137,
      "op_margin": 0.15621983553877547,
      "fcf_margin": 0.29379421575455444,
      "incr_op_margin_yoy": 0.17741302408563783,
      "rev_growth_yoy": 0.20658111026750503,
      "rev_growth_yoy_accel": 0.028842182528577287,
      "op_leverage_ratio": 0.6376692598476091,
      "fcf_margin_change": 0.13504659211852227
    },
    {
      "date": "2024-12-31T00:00:00",
      "quarter_label": "2024-12 (Q4)",
      "revenue": 170907000,
      "gross_profit": 115322000,
      "operating_income": 24744000,
      "net_income": 17559000,
      "opex": 90578000,
      "cogs": 55585000,
      "rd": 17142000,
      "sga": null,
      "fcf": 34348000,
      "ocf": 40562000,
      "capex": -6214000,
      "gross_margin": 0.674764638078019,
      "op_margin": 0.1447804946549878,
      "fcf_margin": 0.20097479915977695,
      "incr_op_margin_yoy": 0.07165985660319174,
      "rev_growth_yoy": 0.17895354050977821,
      "rev_growth_yoy_accel": -0.027627569757726816,
      "op_leverage_ratio": 0.9335811832534604,
      "fcf_margin_change": -0.09281941659477749
    },
    {
      "date": "2025-03-31T00:00:00",
      "quarter_label": "2025-03 (Q1)",
      "revenue": 181549000,
      "gross_profit": 124635000,
      "operating_income": 25956000,
      "net_income": 22196000,
      "opex": 98679000,
      "cogs": 56914000,
      "rd": 17439000,
      "sga": null,
      "fcf": 33833000,
      "ocf": 39983000,
      "capex": -6150000,
      "gross_margin": 0.6865088763914976,
      "op_margin": 0.14296966659138854,
      "fcf_margin": 0.18635740213385918,
      "incr_op_margin_yoy": 0.3300597379038564,
      "rev_growth_yoy": 0.21375755468791785,
      "rev_growth_yoy_accel": 0.034804014178139636,
      "op_leverage_ratio": 0.6962216089751757,
      "fcf_margin_change": -0.014617397025917772
    },
    {
      "date": "2025-06-30T00:00:00",
      "quarter_label": "2025-06 (Q2)",
      "revenue": 187400000,
      "gross_profit": 127574000,
      "operating_income": 26470000,
      "net_income": 19733000,
      "opex": 101104000,
      "cogs": 59826000,
      "rd": 17271000,
      "sga": null,
      "fcf": 25658000,
      "ocf": 32323000,
      "capex": -6665000,
      "gross_margin": 0.6807577374599787,
      "op_margin": 0.1412486659551761,
      "fcf_margin": 0.13691568836712914,
      "incr_op_margin_yoy": 0.09776949473435097,
      "rev_growth_yoy": 0.2200838563504258,
      "rev_growth_yoy_accel": 0.006326301662507944,
      "op_leverage_ratio": 1.31144243981049,
      "fcf_margin_change": -0.04944171376673004
    },
    {
      "date": "2025-09-30T00:00:00",
      "quarter_label": "2025-09 (Q3)",
      "revenue": 189904000,
      "gross_profit": 131972000,
      "operating_income": 31191000,
      "net_income": 25569000,
      "opex": 100781000,
      "cogs": 57932000,
      "rd": 17276000,
      "sga": null,
      "fcf": 54555000,
      "ocf": 60613000,
      "capex": -6058000,
      "gross_margin": 0.6949406015671076,
      "op_margin": 0.1642461454208442,
      "fcf_margin": 0.2872767292948016,
      "incr_op_margin_yoy": 0.2143565489358456,
      "rev_growth_yoy": 0.16017252544505944,
      "rev_growth_yoy_accel": -0.05991133090536635,
      "op_leverage_ratio": null,
      "fcf_margin_change": 0.15036104092767244
    },
    {
      "date": "2025-12-31T00:00:00",
      "quarter_label": "2025-12 (Q4)",
      "revenue": 192652000,
      "gross_profit": 135695000,
      "operating_income": 34686000,
      "net_income": 25841000,
      "opex": 101009000,
      "cogs": 56957000,
      "rd": 16694000,
      "sga": null,
      "fcf": 38220000,
      "ocf": 45871000,
      "capex": -7651000,
      "gross_margin": 0.704352926520358,
      "op_margin": 0.18004484770466955,
      "fcf_margin": 0.1983888046840936,
      "incr_op_margin_yoy": 0.45720855369050356,
      "rev_growth_yoy": 0.12723293955192005,
      "rev_growth_yoy_accel": -0.03293958589313939,
      "op_leverage_ratio": 6.3962647609207535,
      "fcf_margin_change": -0.08888792461070799
    }
  ],
  "signals": [
    {
      "quarter": "2025-12 (Q4)",
      "signal": "OPERATING LEVERAGE",
      "detail": "Rev growth +1.4% vs OpEx growth +0.2% (leverage: 6.4x)",
      "severity": "MEDIUM"
    },
    {
      "quarter": "2025-12 (Q4)",
      "signal": "INCREMENTAL MARGIN (YoY)",
      "detail": "YoY Incr OPM: +45.7% vs year-ago OPM: +14.5%",
      "severity": "HIGH"
    },
    {
      "quarter": "2025-09 (Q3)",
      "signal": "FCF MARGIN EXPANSION",
      "detail": "FCF margin: +13.7% -> +28.7% (+15.0%)",
      "severity": "MEDIUM"
    },
    {
      "quarter": "2025-09 (Q3)",
      "signal": "YoY REVENUE GROWTH DECELERATION",
      "detail": "YoY growth: +16.0% vs prior quarter YoY: +22.0% (decel: -6.0%)",
      "severity": "WARNING"
    },
    {
      "quarter": "2025-03 (Q1)",
      "signal": "INCREMENTAL MARGIN (YoY)",
      "detail": "YoY Incr OPM: +33.0% vs year-ago OPM: +10.3%",
      "severity": "HIGH"
    },
    {
      "quarter": "2024-09 (Q3)",
      "signal": "FCF MARGIN EXPANSION",
      "detail": "FCF margin: +15.9% -> +29.4% (+13.5%)",
      "severity": "MEDIUM"
    },
    {
      "quarter": "2024-06 (Q2)",
      "signal": "INCREMENTAL MARGIN (YoY)",
      "detail": "YoY Incr OPM: +26.5% vs year-ago OPM: +13.1%",
      "severity": "MEDIUM"
    },
    {
      "quarter": "2023-09 (Q3)",
      "signal": "FCF MARGIN EXPANSION",
      "detail": "FCF margin: +22.6% -> +28.1% (+5.5%)",
      "severity": "MEDIUM"
    },
    {
      "quarter": "2023-09 (Q3)",
      "signal": "OPERATING LEVERAGE",
      "detail": "Rev growth +4.0% vs OpEx growth +1.0% (leverage: 3.9x)",
      "severity": "MEDIUM"
    },
    {
      "quarter": "2023-06 (Q2)",
      "signal": "FCF MARGIN EXPANSION",
      "detail": "FCF margin: +13.0% -> +22.6% (+9.6%)",
      "severity": "MEDIUM"
    },
    {
      "quarter": "2022-09 (Q3)",
      "signal": "OPERATING LEVERAGE",
      "detail": "Rev growth +4.9% vs OpEx growth +0.9% (leverage: 5.3x)",
      "severity": "MEDIUM"
    },
    {
      "quarter": "2022-09 (Q3)",
      "signal": "INCREMENTAL MARGIN (YoY)",
      "detail": "YoY Incr OPM: +37.2% vs year-ago OPM: +13.8%",
      "severity": "HIGH"
    },
    {
      "quarter": "2022-06 (Q2)",
      "signal": "FCF TURNED POSITIVE",
      "detail": "FCF margin: -0.0% -> +26.2%",
      "severity": "HIGH"
    },
    {
      "quarter": "2022-03 (Q1)",
      "signal": "INCREMENTAL MARGIN (YoY)",
      "detail": "YoY Incr OPM: +25.5% vs year-ago OPM: +14.1%",
      "severity": "MEDIUM"
    },
    {
      "quarter": "2021-12 (Q4)",
      "signal": "FCF MARGIN EXPANSION",
      "detail": "FCF margin: +20.5% -> +26.6% (+6.1%)",
      "severity": "MEDIUM"
    },
    {
      "quarter": "2021-09 (Q3)",
      "signal": "OPERATING LEVERAGE",
      "detail": "Rev growth +3.5% vs OpEx growth +1.5% (leverage: 2.3x)",
      "severity": "MEDIUM"
    },
    {
      "quarter": "2021-06 (Q2)",
      "signal": "FCF MARGIN EXPANSION",
      "detail": "FCF margin: +20.4% -> +29.2% (+8.8%)",
      "severity": "MEDIUM"
    }
  ],
  "data_quality": {
    "n_quarters": 20,
    "coverage": {
      "revenue": [
        20,
        20
      ],
      "gross_profit": [
        20,
        20
      ],
      "op_income": [
        20,
        20
      ],
      "fcf": [
        20,
        20
      ]
    },
    "gaps": [],
    "warnings": []
  },
  "market_cap": null,
  "source": "SEC EDGAR",
  "last_updated": "2026-02-24T10:18:45.711510"
}