{
  "ticker": "SPT",
  "name": "SPROUT SOCIAL, INC.",
  "quarters": [
    {
      "date": "2020-12-31T00:00:00",
      "quarter_label": "2020-12 (Q4)",
      "revenue": 37346000,
      "gross_profit": 27731000,
      "operating_income": -5795000,
      "net_income": -5876000,
      "opex": 33526000,
      "cogs": 9615000,
      "rd": 7805000,
      "sga": null,
      "fcf": -1973000,
      "ocf": -174000,
      "capex": -1799000,
      "gross_margin": 0.7425427087238259,
      "op_margin": -0.1551705671290098,
      "fcf_margin": -0.052830289723129656
    },
    {
      "date": "2021-03-31T00:00:00",
      "quarter_label": "2021-03 (Q1)",
      "revenue": 40818000,
      "gross_profit": 30821000,
      "operating_income": -6219000,
      "net_income": -6367000,
      "opex": 37040000,
      "cogs": 9997000,
      "rd": 8272000,
      "sga": null,
      "fcf": 3447000,
      "ocf": 3620000,
      "capex": -173000,
      "gross_margin": 0.7550835415747954,
      "op_margin": -0.15235925327061592,
      "fcf_margin": 0.08444803763045715,
      "op_leverage_ratio": 0.8869836351055906,
      "fcf_margin_change": 0.1372783273535868
    },
    {
      "date": "2021-06-30T00:00:00",
      "quarter_label": "2021-06 (Q2)",
      "revenue": 44685000,
      "gross_profit": 33530000,
      "operating_income": -5312000,
      "net_income": -5442000,
      "opex": 38842000,
      "cogs": 11155000,
      "rd": 9008000,
      "sga": null,
      "fcf": 4062000,
      "ocf": 4355000,
      "capex": -293000,
      "gross_margin": 0.7503636567080676,
      "op_margin": -0.11887658050800044,
      "fcf_margin": 0.09090298757972474,
      "op_leverage_ratio": 1.9473259088053303,
      "fcf_margin_change": 0.006454949949267597
    },
    {
      "date": "2021-09-30T00:00:00",
      "quarter_label": "2021-09 (Q3)",
      "revenue": 49091000,
      "gross_profit": 36745000,
      "operating_income": -6838000,
      "net_income": -6993000,
      "opex": 43583000,
      "cogs": 12346000,
      "rd": 10551000,
      "sga": null,
      "fcf": 4169000,
      "ocf": 4365000,
      "capex": -196000,
      "gross_margin": 0.7485078731335683,
      "op_margin": -0.13929233464382473,
      "fcf_margin": 0.08492391680756146,
      "op_leverage_ratio": 0.8078195497097649,
      "fcf_margin_change": -0.005979070772163281
    },
    {
      "date": "2021-12-31T00:00:00",
      "quarter_label": "2021-12 (Q4)",
      "revenue": 53265000,
      "gross_profit": 39975000,
      "operating_income": -9720000,
      "net_income": -9900000,
      "opex": 49695000,
      "cogs": 13290000,
      "rd": 12218000,
      "sga": null,
      "fcf": 2213000,
      "ocf": 2477000,
      "capex": -264000,
      "gross_margin": 0.7504928189242467,
      "op_margin": -0.18248380737820333,
      "fcf_margin": 0.041546982070778185,
      "incr_op_margin_yoy": -0.2465607136126641,
      "rev_growth_yoy": 0.42625716274835324,
      "op_leverage_ratio": 0.6062954952982392,
      "fcf_margin_change": -0.04337693473678328
    },
    {
      "date": "2022-03-31T00:00:00",
      "quarter_label": "2022-03 (Q1)",
      "revenue": 57429000,
      "gross_profit": 43438000,
      "operating_income": -9609000,
      "net_income": -9755000,
      "opex": 53047000,
      "cogs": 13991000,
      "rd": 13065000,
      "sga": null,
      "fcf": 5089000,
      "ocf": 5402000,
      "capex": -313000,
      "gross_margin": 0.7563774399693535,
      "op_margin": -0.16731964686830694,
      "fcf_margin": 0.08861376656393112,
      "incr_op_margin_yoy": -0.20408163265306123,
      "rev_growth_yoy": 0.4069528149345877,
      "rev_growth_yoy_accel": -0.019304347813765554,
      "op_leverage_ratio": 1.1589840906692728,
      "fcf_margin_change": 0.047066784493152936
    },
    {
      "date": "2022-06-30T00:00:00",
      "quarter_label": "2022-06 (Q2)",
      "revenue": 61432000,
      "gross_profit": 46292000,
      "operating_income": -14533000,
      "net_income": -14610000,
      "opex": 60825000,
      "cogs": 15140000,
      "rd": 15374000,
      "sga": null,
      "fcf": 667000,
      "ocf": 1267000,
      "capex": -600000,
      "gross_margin": 0.7535486391457221,
      "op_margin": -0.23657051699440032,
      "fcf_margin": 0.010857533533012111,
      "incr_op_margin_yoy": -0.5506060787006628,
      "rev_growth_yoy": 0.3747790086158666,
      "rev_growth_yoy_accel": -0.03217380631872108,
      "op_leverage_ratio": 0.47538691676666933,
      "fcf_margin_change": -0.07775623303091901
    },
    {
      "date": "2022-09-30T00:00:00",
      "quarter_label": "2022-09 (Q3)",
      "revenue": 65307000,
      "gross_profit": 49995000,
      "operating_income": -14385000,
      "net_income": -13933000,
      "opex": 64380000,
      "cogs": 15312000,
      "rd": 16278000,
      "sga": null,
      "fcf": 533000,
      "ocf": 1047000,
      "capex": -514000,
      "gross_margin": 0.7655381505811015,
      "op_margin": -0.22026735265744868,
      "fcf_margin": 0.00816145283047759,
      "incr_op_margin_yoy": -0.465404538727183,
      "rev_growth_yoy": 0.3303253142123811,
      "rev_growth_yoy_accel": -0.04445369440348551,
      "op_leverage_ratio": 1.0792438059192613,
      "fcf_margin_change": -0.00269608070253452
    },
    {
      "date": "2022-12-31T00:00:00",
      "quarter_label": "2022-12 (Q4)",
      "revenue": 69660000,
      "gross_profit": 54245000,
      "operating_income": -13149000,
      "net_income": -11942000,
      "opex": 67394000,
      "cogs": 15415000,
      "rd": 16719000,
      "sga": null,
      "fcf": 2555000,
      "ocf": 2952000,
      "capex": -397000,
      "gross_margin": 0.7787108814240598,
      "op_margin": -0.18875968992248063,
      "fcf_margin": 0.03667815101923629,
      "incr_op_margin_yoy": -0.20914913083257092,
      "rev_growth_yoy": 0.30780061954379045,
      "rev_growth_yoy_accel": -0.02252469466859064,
      "op_leverage_ratio": 1.4237595738544824,
      "fcf_margin_change": 0.028516698188758703
    },
    {
      "date": "2023-03-31T00:00:00",
      "quarter_label": "2023-03 (Q1)",
      "revenue": 75212000,
      "gross_profit": 58337000,
      "operating_income": -11933000,
      "net_income": -10252000,
      "opex": 70270000,
      "cogs": 16875000,
      "rd": 17876000,
      "sga": null,
      "fcf": 7901000,
      "ocf": 8284000,
      "capex": -383000,
      "gross_margin": 0.7756342073073446,
      "op_margin": -0.15865819284156785,
      "fcf_margin": 0.10504972610753603,
      "incr_op_margin_yoy": -0.13068661080807512,
      "rev_growth_yoy": 0.3096519180205123,
      "rev_growth_yoy_accel": 0.00185129847672183,
      "op_leverage_ratio": 1.8676622434339334,
      "fcf_margin_change": 0.06837157508829975
    },
    {
      "date": "2023-06-30T00:00:00",
      "quarter_label": "2023-06 (Q2)",
      "revenue": 79315000,
      "gross_profit": 61081000,
      "operating_income": -14917000,
      "net_income": -13085000,
      "opex": 75998000,
      "cogs": 18234000,
      "rd": 18956000,
      "sga": null,
      "fcf": 6033000,
      "ocf": 6294000,
      "capex": -261000,
      "gross_margin": 0.770106537224989,
      "op_margin": -0.18807287398348357,
      "fcf_margin": 0.07606379625543717,
      "incr_op_margin_yoy": -0.02147290723033048,
      "rev_growth_yoy": 0.2911023570777445,
      "rev_growth_yoy_accel": -0.018549560942767773,
      "op_leverage_ratio": 0.669239126712812,
      "fcf_margin_change": -0.028985929852098857
    },
    {
      "date": "2023-09-30T00:00:00",
      "quarter_label": "2023-09 (Q3)",
      "revenue": 85532000,
      "gross_profit": 65334000,
      "operating_income": -24204000,
      "net_income": -23013000,
      "opex": 89538000,
      "cogs": 20198000,
      "rd": 20057000,
      "sga": null,
      "fcf": -6318000,
      "ocf": -5518000,
      "capex": -800000,
      "gross_margin": 0.7638544638264042,
      "op_margin": -0.2829818079783005,
      "fcf_margin": -0.07386709067951176,
      "incr_op_margin_yoy": -0.4854882571075402,
      "rev_growth_yoy": 0.3096911510251581,
      "rev_growth_yoy_accel": 0.018588793947413584,
      "op_leverage_ratio": 0.43995579021293013,
      "fcf_margin_change": -0.14993088693494894
    },
    {
      "date": "2023-12-31T00:00:00",
      "quarter_label": "2023-12 (Q4)",
      "revenue": 93584000,
      "gross_profit": 72623000,
      "operating_income": -18223000,
      "net_income": -20077000,
      "opex": 90846000,
      "cogs": 20961000,
      "rd": 22661000,
      "sga": null,
      "fcf": -3233000,
      "ocf": -2604000,
      "capex": -629000,
      "gross_margin": 0.7760194050265002,
      "op_margin": -0.19472345700119678,
      "fcf_margin": -0.03454650367584203,
      "incr_op_margin_yoy": -0.2120882795519144,
      "rev_growth_yoy": 0.34343956359460237,
      "rev_growth_yoy_accel": 0.033748412569444275,
      "op_leverage_ratio": 6.444285673219787,
      "fcf_margin_change": 0.039320587003669735
    },
    {
      "date": "2024-03-31T00:00:00",
      "quarter_label": "2024-03 (Q1)",
      "revenue": 96784000,
      "gross_profit": 74356000,
      "operating_income": -13287000,
      "net_income": -13575000,
      "opex": 87643000,
      "cogs": 22428000,
      "rd": 23769000,
      "sga": null,
      "fcf": 10072000,
      "ocf": 11164000,
      "capex": -1092000,
      "gross_margin": 0.7682674822284675,
      "op_margin": -0.13728508844437098,
      "fcf_margin": 0.10406678789882626,
      "incr_op_margin_yoy": -0.06276654923048396,
      "rev_growth_yoy": 0.2868159336276126,
      "rev_growth_yoy_accel": -0.056623629966989775,
      "op_leverage_ratio": Infinity,
      "fcf_margin_change": 0.13861329157466828
    },
    {
      "date": "2024-06-30T00:00:00",
      "quarter_label": "2024-06 (Q2)",
      "revenue": 99396000,
      "gross_profit": 76994000,
      "operating_income": -16513000,
      "net_income": -16892000,
      "opex": 93507000,
      "cogs": 22402000,
      "rd": 25126000,
      "sga": null,
      "fcf": 1570000,
      "ocf": 2063000,
      "capex": -493000,
      "gross_margin": 0.774618696929454,
      "op_margin": -0.1661334460139241,
      "fcf_margin": 0.01579540424161938,
      "incr_op_margin_yoy": -0.07947811363975897,
      "rev_growth_yoy": 0.25318035680514406,
      "rev_growth_yoy_accel": -0.03363557682246854,
      "op_leverage_ratio": 0.40336004682766946,
      "fcf_margin_change": -0.08827138365720688
    },
    {
      "date": "2024-09-30T00:00:00",
      "quarter_label": "2024-09 (Q3)",
      "revenue": 102638000,
      "gross_profit": 79406000,
      "operating_income": -16879000,
      "net_income": -17087000,
      "opex": 96285000,
      "cogs": 23232000,
      "rd": 26272000,
      "sga": null,
      "fcf": 8475000,
      "ocf": 8952000,
      "capex": -477000,
      "gross_margin": 0.7736510843936943,
      "op_margin": -0.16445176250511506,
      "fcf_margin": 0.08257175704904617,
      "incr_op_margin_yoy": 0.4282123231614638,
      "rev_growth_yoy": 0.19999532338773793,
      "rev_growth_yoy_accel": -0.05318503341740613,
      "op_leverage_ratio": 1.0978828104472398,
      "fcf_margin_change": 0.06677635280742679
    },
    {
      "date": "2024-12-31T00:00:00",
      "quarter_label": "2024-12 (Q4)",
      "revenue": 107090000,
      "gross_profit": 83677000,
      "operating_income": -13677000,
      "net_income": -14417000,
      "opex": 97354000,
      "cogs": 23413000,
      "rd": 27627000,
      "sga": null,
      "fcf": 3254000,
      "ocf": 4142000,
      "capex": -888000,
      "gross_margin": 0.7813708095994024,
      "op_margin": -0.12771500606966102,
      "fcf_margin": 0.030385656924082547,
      "incr_op_margin_yoy": 0.3365911446764401,
      "rev_growth_yoy": 0.14431954180201745,
      "rev_growth_yoy_accel": -0.05567578158572048,
      "op_leverage_ratio": 3.9068604999003744,
      "fcf_margin_change": -0.05218610012496362
    },
    {
      "date": "2025-03-31T00:00:00",
      "quarter_label": "2025-03 (Q1)",
      "revenue": 109289000,
      "gross_profit": 84451000,
      "operating_income": -11202000,
      "net_income": -11220000,
      "opex": 95653000,
      "cogs": 24838000,
      "rd": 23229000,
      "sga": null,
      "fcf": 16747000,
      "ocf": 18104000,
      "capex": -1357000,
      "gross_margin": 0.77273101593024,
      "op_margin": -0.10249887911866702,
      "fcf_margin": 0.15323591578292417,
      "incr_op_margin_yoy": 0.16673330667732908,
      "rev_growth_yoy": 0.1292052405356257,
      "rev_growth_yoy_accel": -0.015114301266391739,
      "op_leverage_ratio": Infinity,
      "fcf_margin_change": 0.12285025885884163
    },
    {
      "date": "2025-06-30T00:00:00",
      "quarter_label": "2025-06 (Q2)",
      "revenue": 111778000,
      "gross_profit": 86844000,
      "operating_income": -12315000,
      "net_income": -11985000,
      "opex": 99159000,
      "cogs": 24934000,
      "rd": 24587000,
      "sga": null,
      "fcf": 4182000,
      "ocf": 5090000,
      "capex": -908000,
      "gross_margin": 0.7769328490400615,
      "op_margin": -0.11017373722915064,
      "fcf_margin": 0.03741344450607454,
      "incr_op_margin_yoy": 0.339040542723308,
      "rev_growth_yoy": 0.12457241740110266,
      "rev_growth_yoy_accel": -0.004632823134523054,
      "op_leverage_ratio": 0.6213483196739104,
      "fcf_margin_change": -0.11582247127684964
    },
    {
      "date": "2025-09-30T00:00:00",
      "quarter_label": "2025-09 (Q3)",
      "revenue": 115593000,
      "gross_profit": 89809000,
      "operating_income": -9111000,
      "net_income": -9381000,
      "opex": 98920000,
      "cogs": 25784000,
      "rd": 25068000,
      "sga": null,
      "fcf": 8511000,
      "ocf": 9298000,
      "capex": -787000,
      "gross_margin": 0.7769415102990666,
      "op_margin": -0.07881965170901352,
      "fcf_margin": 0.07362902597908177,
      "incr_op_margin_yoy": 0.5996140486298727,
      "rev_growth_yoy": 0.126220308267893,
      "rev_growth_yoy_accel": 0.001647890866790333,
      "op_leverage_ratio": Infinity,
      "fcf_margin_change": 0.036215581473007234
    }
  ],
  "signals": [
    {
      "quarter": "2025-03 (Q1)",
      "signal": "FCF MARGIN EXPANSION",
      "detail": "FCF margin: +3.0% -> +15.3% (+12.3%)",
      "severity": "MEDIUM"
    },
    {
      "quarter": "2024-12 (Q4)",
      "signal": "OPERATING LEVERAGE",
      "detail": "Rev growth +4.3% vs OpEx growth +1.1% (leverage: 3.9x)",
      "severity": "MEDIUM"
    },
    {
      "quarter": "2024-12 (Q4)",
      "signal": "YoY REVENUE GROWTH DECELERATION",
      "detail": "YoY growth: +14.4% vs prior quarter YoY: +20.0% (decel: -5.6%)",
      "severity": "WARNING"
    },
    {
      "quarter": "2024-09 (Q3)",
      "signal": "FCF MARGIN EXPANSION",
      "detail": "FCF margin: +1.6% -> +8.3% (+6.7%)",
      "severity": "MEDIUM"
    },
    {
      "quarter": "2024-09 (Q3)",
      "signal": "YoY REVENUE GROWTH DECELERATION",
      "detail": "YoY growth: +20.0% vs prior quarter YoY: +25.3% (decel: -5.3%)",
      "severity": "WARNING"
    },
    {
      "quarter": "2024-03 (Q1)",
      "signal": "FCF TURNED POSITIVE",
      "detail": "FCF margin: -3.5% -> +10.4%",
      "severity": "HIGH"
    },
    {
      "quarter": "2024-03 (Q1)",
      "signal": "YoY REVENUE GROWTH DECELERATION",
      "detail": "YoY growth: +28.7% vs prior quarter YoY: +34.3% (decel: -5.7%)",
      "severity": "WARNING"
    },
    {
      "quarter": "2023-12 (Q4)",
      "signal": "OPERATING LEVERAGE",
      "detail": "Rev growth +9.4% vs OpEx growth +1.5% (leverage: 6.4x)",
      "severity": "MEDIUM"
    },
    {
      "quarter": "2023-03 (Q1)",
      "signal": "FCF MARGIN EXPANSION",
      "detail": "FCF margin: +3.7% -> +10.5% (+6.8%)",
      "severity": "MEDIUM"
    },
    {
      "quarter": "2023-03 (Q1)",
      "signal": "OPERATING LEVERAGE",
      "detail": "Rev growth +8.0% vs OpEx growth +4.3% (leverage: 1.9x)",
      "severity": "MEDIUM"
    },
    {
      "quarter": "2021-06 (Q2)",
      "signal": "OPERATING LEVERAGE",
      "detail": "Rev growth +9.5% vs OpEx growth +4.9% (leverage: 1.9x)",
      "severity": "MEDIUM"
    },
    {
      "quarter": "2021-03 (Q1)",
      "signal": "FCF TURNED POSITIVE",
      "detail": "FCF margin: -5.3% -> +8.4%",
      "severity": "HIGH"
    }
  ],
  "data_quality": {
    "n_quarters": 20,
    "coverage": {
      "revenue": [
        20,
        20
      ],
      "gross_profit": [
        20,
        20
      ],
      "op_income": [
        20,
        20
      ],
      "fcf": [
        20,
        20
      ]
    },
    "gaps": [],
    "warnings": []
  },
  "market_cap": null,
  "source": "SEC EDGAR",
  "last_updated": "2026-02-02T22:20:43.199061"
}