{
  "ticker": "SPWH",
  "name": "SPORTSMAN\u2019S WAREHOUSE HOLDINGS, INC.",
  "quarters": [
    {
      "date": "2021-01-30T00:00:00",
      "quarter_label": "2021-01 (Q1)",
      "revenue": 438195000,
      "gross_profit": 142004000,
      "operating_income": 39375000,
      "net_income": 29567000,
      "opex": 102629000,
      "cogs": 296191000,
      "rd": null,
      "sga": 102629000,
      "fcf": 62720000,
      "ocf": 67080000,
      "capex": -4360000,
      "gross_margin": 0.32406576980568014,
      "op_margin": 0.08985725533153048,
      "fcf_margin": 0.14313262360364679
    },
    {
      "date": "2021-05-01T00:00:00",
      "quarter_label": "2021-05 (Q2)",
      "revenue": 326992000,
      "gross_profit": 104047000,
      "operating_income": 13628000,
      "net_income": 10450000,
      "opex": 90419000,
      "cogs": 222945000,
      "rd": null,
      "sga": 90419000,
      "fcf": -9625000,
      "ocf": -4010000,
      "capex": -5615000,
      "gross_margin": 0.31819432891324556,
      "op_margin": 0.04167686059597788,
      "fcf_margin": -0.029434970886137887,
      "fcf_margin_change": -0.17256759448978468
    },
    {
      "date": "2021-07-31T00:00:00",
      "quarter_label": "2021-07 (Q3)",
      "revenue": 361778000,
      "gross_profit": 120054000,
      "operating_income": 24184000,
      "net_income": 17723000,
      "opex": 95870000,
      "cogs": 241724000,
      "rd": null,
      "sga": 95870000,
      "fcf": -76093000,
      "ocf": -63772000,
      "capex": -12321000,
      "gross_margin": 0.33184439075897376,
      "op_margin": 0.06684762478647126,
      "fcf_margin": -0.2103306447600462,
      "op_leverage_ratio": 1.7646187218646991,
      "fcf_margin_change": -0.1808956738739083
    },
    {
      "date": "2021-10-30T00:00:00",
      "quarter_label": "2021-10 (Q4)",
      "revenue": 401014000,
      "gross_profit": 129622000,
      "operating_income": 29648000,
      "net_income": 21863000,
      "opex": 99974000,
      "cogs": 271392000,
      "rd": null,
      "sga": 99974000,
      "fcf": -31088000,
      "ocf": -10561000,
      "capex": -20527000,
      "gross_margin": 0.3232355977596792,
      "op_margin": 0.07393258090739974,
      "fcf_margin": -0.0775234779833123,
      "op_leverage_ratio": 2.5334827265343827,
      "fcf_margin_change": 0.1328071667767339
    },
    {
      "date": "2022-01-29T00:00:00",
      "quarter_label": "2022-01 (Q1)",
      "revenue": 416288000,
      "gross_profit": 136574000,
      "operating_income": 23159000,
      "net_income": 58434000,
      "opex": 113415000,
      "cogs": 279714000,
      "rd": null,
      "sga": 113415000,
      "fcf": 41728000,
      "ocf": 56717000,
      "capex": -14989000,
      "gross_margin": 0.3280757552463679,
      "op_margin": 0.05563215850564993,
      "fcf_margin": 0.10023829656391729,
      "incr_op_margin_yoy": 0.7402200209978546,
      "rev_growth_yoy": -0.0499937242551832,
      "op_leverage_ratio": 0.2833014120528024,
      "fcf_margin_change": 0.17776177454722958
    },
    {
      "date": "2022-04-30T00:00:00",
      "quarter_label": "2022-04 (Q2)",
      "revenue": 309505000,
      "gross_profit": 99091000,
      "operating_income": 3006000,
      "net_income": 1998000,
      "opex": 96085000,
      "cogs": 210414000,
      "rd": null,
      "sga": 96085000,
      "fcf": -28844000,
      "ocf": -16843000,
      "capex": -12001000,
      "gross_margin": 0.32015960969935864,
      "op_margin": 0.009712282515629797,
      "fcf_margin": -0.0931939710182388,
      "incr_op_margin_yoy": 0.6074226568307886,
      "rev_growth_yoy": -0.05347837255957332,
      "rev_growth_yoy_accel": -0.003484648304390124,
      "fcf_margin_change": -0.1934322675821561
    },
    {
      "date": "2022-07-30T00:00:00",
      "quarter_label": "2022-07 (Q3)",
      "revenue": 351021000,
      "gross_profit": 117539000,
      "operating_income": 20516000,
      "net_income": 14614000,
      "opex": 97023000,
      "cogs": 233482000,
      "rd": null,
      "sga": 97023000,
      "fcf": 14223000,
      "ocf": 24810000,
      "capex": -10587000,
      "gross_margin": 0.3348489121733458,
      "op_margin": 0.05844664564228351,
      "fcf_margin": 0.04051894331108395,
      "incr_op_margin_yoy": 0.34098726410709307,
      "rev_growth_yoy": -0.029733704094776353,
      "rev_growth_yoy_accel": 0.02374466846479697,
      "op_leverage_ratio": 13.740438417227812,
      "fcf_margin_change": 0.13371291432932275
    },
    {
      "date": "2022-10-29T00:00:00",
      "quarter_label": "2022-10 (Q4)",
      "revenue": 359720000,
      "gross_profit": 120822000,
      "operating_income": 18500000,
      "net_income": 12877000,
      "opex": 102322000,
      "cogs": 238898000,
      "rd": null,
      "sga": 102322000,
      "fcf": -9347000,
      "ocf": 6542000,
      "capex": -15889000,
      "gross_margin": 0.3358779050372512,
      "op_margin": 0.051428889135994665,
      "fcf_margin": -0.025984098743467143,
      "incr_op_margin_yoy": 0.2699665811013707,
      "rev_growth_yoy": -0.10297396100884258,
      "rev_growth_yoy_accel": -0.07324025691406623,
      "op_leverage_ratio": 0.4537503899893773,
      "fcf_margin_change": -0.0665030420545511
    },
    {
      "date": "2023-01-28T00:00:00",
      "quarter_label": "2023-01 (Q1)",
      "revenue": 379269000,
      "gross_profit": 122788000,
      "operating_income": 16041000,
      "net_income": 11029000,
      "opex": 106747000,
      "cogs": 256481000,
      "rd": null,
      "sga": 106747000,
      "fcf": 7251000,
      "ocf": 32285000,
      "capex": -25034000,
      "gross_margin": 0.3237491068344631,
      "op_margin": 0.04229451919350118,
      "fcf_margin": 0.019118356628145195,
      "incr_op_margin_yoy": 0.19227964018476998,
      "rev_growth_yoy": -0.08892641632715813,
      "rev_growth_yoy_accel": 0.014047544681684454,
      "op_leverage_ratio": 1.256653968780489,
      "fcf_margin_change": 0.04510245537161234
    },
    {
      "date": "2023-04-29T00:00:00",
      "quarter_label": "2023-04 (Q2)",
      "revenue": 267529000,
      "gross_profit": 80044000,
      "operating_income": -18959000,
      "net_income": -15639000,
      "opex": 99003000,
      "cogs": 187485000,
      "rd": null,
      "sga": 99003000,
      "fcf": -59742000,
      "ocf": -36985000,
      "capex": -22757000,
      "gross_margin": 0.29919747018080284,
      "op_margin": -0.07086708356851033,
      "fcf_margin": -0.22331037009071913,
      "incr_op_margin_yoy": 0.5232752048789785,
      "rev_growth_yoy": -0.13562301093681847,
      "rev_growth_yoy_accel": -0.046696594609660344,
      "fcf_margin_change": -0.24242872671886434
    },
    {
      "date": "2023-07-29T00:00:00",
      "quarter_label": "2023-07 (Q3)",
      "revenue": 309495000,
      "gross_profit": 100817000,
      "operating_income": -1517000,
      "net_income": -3288000,
      "opex": 102334000,
      "cogs": 208678000,
      "rd": null,
      "sga": 102334000,
      "fcf": -50557000,
      "ocf": -21343000,
      "capex": -29214000,
      "gross_margin": 0.3257467810465436,
      "op_margin": -0.004901533142700205,
      "fcf_margin": -0.16335320441364157,
      "incr_op_margin_yoy": 0.5305832490487887,
      "rev_growth_yoy": -0.11830061449314998,
      "rev_growth_yoy_accel": 0.017322396443668495,
      "op_leverage_ratio": 4.662302330424399,
      "fcf_margin_change": 0.05995716567707757
    },
    {
      "date": "2023-10-28T00:00:00",
      "quarter_label": "2023-10 (Q4)",
      "revenue": 340569000,
      "gross_profit": 103185000,
      "operating_income": 3072000,
      "net_income": -1331000,
      "opex": 100113000,
      "cogs": 237384000,
      "rd": null,
      "sga": 100113000,
      "fcf": 22492000,
      "ocf": 41691000,
      "capex": -19199000,
      "gross_margin": 0.3029782511033007,
      "op_margin": 0.009020198550073553,
      "fcf_margin": 0.06604241724878071,
      "incr_op_margin_yoy": 0.8055976189232938,
      "rev_growth_yoy": -0.05323863004559101,
      "rev_growth_yoy_accel": 0.06506198444755897,
      "op_leverage_ratio": Infinity,
      "fcf_margin_change": 0.22939562166242228
    },
    {
      "date": "2024-02-03T00:00:00",
      "quarter_label": "2024-02 (Q1)",
      "revenue": 370394000,
      "gross_profit": 99367000,
      "operating_income": -7933000,
      "net_income": -8739000,
      "opex": 107300000,
      "cogs": 271027000,
      "rd": null,
      "sga": 107300000,
      "fcf": 60178000,
      "ocf": 68903000,
      "capex": -8725000,
      "gross_margin": 0.26827378413257236,
      "op_margin": -0.0214177335485996,
      "fcf_margin": 0.16247023439904534,
      "incr_op_margin_yoy": 2.701295774647887,
      "rev_growth_yoy": -0.023400277903018702,
      "rev_growth_yoy_accel": 0.02983835214257231,
      "op_leverage_ratio": 1.2198829716710726,
      "fcf_margin_change": 0.09642781715026463
    },
    {
      "date": "2024-05-04T00:00:00",
      "quarter_label": "2024-05 (Q2)",
      "revenue": 244240000,
      "gross_profit": 73786000,
      "operating_income": -20627000,
      "net_income": -18066000,
      "opex": 94413000,
      "cogs": 170454000,
      "rd": null,
      "sga": 94413000,
      "fcf": -37962000,
      "ocf": -34650000,
      "capex": -3312000,
      "gross_margin": 0.302104487389453,
      "op_margin": -0.08445381591876842,
      "fcf_margin": -0.15542908614477563,
      "incr_op_margin_yoy": 0.07162179569753961,
      "rev_growth_yoy": -0.08705224480336711,
      "rev_growth_yoy_accel": -0.06365196690034841,
      "fcf_margin_change": -0.317899320543821
    },
    {
      "date": "2024-08-03T00:00:00",
      "quarter_label": "2024-08 (Q3)",
      "revenue": 288734000,
      "gross_profit": 90018000,
      "operating_income": -4323000,
      "net_income": -5906000,
      "opex": 94341000,
      "cogs": 198716000,
      "rd": null,
      "sga": 94341000,
      "fcf": 14144000,
      "ocf": 18518000,
      "capex": -4374000,
      "gross_margin": 0.3117679248027596,
      "op_margin": -0.014972258203051944,
      "fcf_margin": 0.04898626417394557,
      "incr_op_margin_yoy": 0.135157266027648,
      "rev_growth_yoy": -0.06708024362267564,
      "rev_growth_yoy_accel": 0.019972001180691465,
      "op_leverage_ratio": Infinity,
      "fcf_margin_change": 0.2044153503187212
    },
    {
      "date": "2024-11-02T00:00:00",
      "quarter_label": "2024-11 (Q4)",
      "revenue": 324261000,
      "gross_profit": 103088000,
      "operating_income": 3115000,
      "net_income": 364000,
      "opex": 99973000,
      "cogs": 221173000,
      "rd": null,
      "sga": 99973000,
      "fcf": -6158000,
      "ocf": -2539000,
      "capex": -3619000,
      "gross_margin": 0.31791673991013414,
      "op_margin": 0.009606458994452,
      "fcf_margin": -0.018990874634939137,
      "incr_op_margin_yoy": -0.0026367427029678685,
      "rev_growth_yoy": -0.047884569646679524,
      "rev_growth_yoy_accel": 0.01919567397599612,
      "op_leverage_ratio": 2.0610970315425194,
      "fcf_margin_change": -0.0679771388088847
    },
    {
      "date": "2025-02-01T00:00:00",
      "quarter_label": "2025-02 (Q1)",
      "revenue": 340398000,
      "gross_profit": 103574000,
      "operating_income": 3596000,
      "net_income": -8723000,
      "opex": 99978000,
      "cogs": 236824000,
      "rd": null,
      "sga": 99978000,
      "fcf": 49569000,
      "ocf": 52820000,
      "capex": -3251000,
      "gross_margin": 0.3042732330977268,
      "op_margin": 0.01056410437194108,
      "fcf_margin": 0.14562071457529127,
      "incr_op_margin_yoy": -0.38435124683291105,
      "rev_growth_yoy": -0.08098403321868065,
      "rev_growth_yoy_accel": -0.03309946357200113,
      "op_leverage_ratio": Infinity,
      "fcf_margin_change": 0.16461158921023042
    },
    {
      "date": "2025-05-03T00:00:00",
      "quarter_label": "2025-05 (Q2)",
      "revenue": 249103000,
      "gross_profit": 75643000,
      "operating_income": -19613000,
      "net_income": -21254000,
      "opex": 95256000,
      "cogs": 173460000,
      "rd": null,
      "sga": 95256000,
      "fcf": -64049000,
      "ocf": -60234000,
      "capex": -3815000,
      "gross_margin": 0.3036615375968977,
      "op_margin": -0.07873449938378904,
      "fcf_margin": -0.2571185413262787,
      "incr_op_margin_yoy": 0.20851326341764342,
      "rev_growth_yoy": 0.01991074353095316,
      "rev_growth_yoy_accel": 0.10089477674963382,
      "fcf_margin_change": -0.40273925590157
    },
    {
      "date": "2025-08-02T00:00:00",
      "quarter_label": "2025-08 (Q3)",
      "revenue": 293899000,
      "gross_profit": 93949000,
      "operating_income": -3217000,
      "net_income": -7083000,
      "opex": 97166000,
      "cogs": 199950000,
      "rd": null,
      "sga": 97166000,
      "fcf": -33930000,
      "ocf": -26565000,
      "capex": -7365000,
      "gross_margin": 0.3196642383948227,
      "op_margin": -0.010945937209721706,
      "fcf_margin": -0.1154478239122964,
      "incr_op_margin_yoy": 0.21413359148112293,
      "rev_growth_yoy": 0.017888437108203398,
      "rev_growth_yoy_accel": -0.0020223064227497638,
      "op_leverage_ratio": 8.968488414966933,
      "fcf_margin_change": 0.1416707174139823
    },
    {
      "date": "2025-11-01T00:00:00",
      "quarter_label": "2025-11 (Q4)",
      "revenue": 331323000,
      "gross_profit": 108719000,
      "operating_income": 4267000,
      "net_income": 8000,
      "opex": 104452000,
      "cogs": 222604000,
      "rd": null,
      "sga": 104452000,
      "fcf": 8743000,
      "ocf": 16304000,
      "capex": -7561000,
      "gross_margin": 0.32813598814449946,
      "op_margin": 0.012878671266407704,
      "fcf_margin": 0.02638814691403857,
      "incr_op_margin_yoy": 0.1631265930331351,
      "rev_growth_yoy": 0.021778752301386844,
      "rev_growth_yoy_accel": 0.0038903151931834468,
      "op_leverage_ratio": 1.698154709281426,
      "fcf_margin_change": 0.14183597082633498
    }
  ],
  "signals": [
    {
      "quarter": "2025-11 (Q4)",
      "signal": "FCF TURNED POSITIVE",
      "detail": "FCF margin: -11.5% -> +2.6%",
      "severity": "HIGH"
    },
    {
      "quarter": "2025-11 (Q4)",
      "signal": "OPERATING LEVERAGE",
      "detail": "Rev growth +12.7% vs OpEx growth +7.5% (leverage: 1.7x)",
      "severity": "MEDIUM"
    },
    {
      "quarter": "2025-11 (Q4)",
      "signal": "INCREMENTAL MARGIN (YoY)",
      "detail": "YoY Incr OPM: +16.3% vs year-ago OPM: +1.0%",
      "severity": "MEDIUM"
    },
    {
      "quarter": "2025-11 (Q4)",
      "signal": "OP MARGIN TURNED POSITIVE (QoQ)",
      "detail": "Op margin: -1.1% -> +1.3%",
      "severity": "HIGH"
    },
    {
      "quarter": "2025-08 (Q3)",
      "signal": "FCF MARGIN EXPANSION",
      "detail": "FCF margin: -25.7% -> -11.5% (+14.2%)",
      "severity": "MEDIUM"
    },
    {
      "quarter": "2025-08 (Q3)",
      "signal": "OPERATING LEVERAGE",
      "detail": "Rev growth +18.0% vs OpEx growth +2.0% (leverage: 9.0x)",
      "severity": "MEDIUM"
    },
    {
      "quarter": "2025-05 (Q2)",
      "signal": "YoY REVENUE GROWTH ACCELERATION",
      "detail": "YoY growth: +2.0% vs prior quarter YoY: -8.1% (accel: +10.1%)",
      "severity": "MEDIUM"
    },
    {
      "quarter": "2025-02 (Q1)",
      "signal": "FCF TURNED POSITIVE",
      "detail": "FCF margin: -1.9% -> +14.6%",
      "severity": "HIGH"
    },
    {
      "quarter": "2025-02 (Q1)",
      "signal": "OPERATING LEVERAGE",
      "detail": "Rev growth +5.0% vs OpEx growth +0.0% (leverage: 995.0x)",
      "severity": "MEDIUM"
    },
    {
      "quarter": "2025-02 (Q1)",
      "signal": "OP MARGIN TURNED POSITIVE (YoY)",
      "detail": "Op margin: -2.1% (year-ago) -> +1.1%",
      "severity": "HIGH"
    },
    {
      "quarter": "2024-11 (Q4)",
      "signal": "OPERATING LEVERAGE",
      "detail": "Rev growth +12.3% vs OpEx growth +6.0% (leverage: 2.1x)",
      "severity": "MEDIUM"
    },
    {
      "quarter": "2024-11 (Q4)",
      "signal": "OP MARGIN TURNED POSITIVE (QoQ)",
      "detail": "Op margin: -1.5% -> +1.0%",
      "severity": "HIGH"
    },
    {
      "quarter": "2024-08 (Q3)",
      "signal": "FCF TURNED POSITIVE",
      "detail": "FCF margin: -15.5% -> +4.9%",
      "severity": "HIGH"
    },
    {
      "quarter": "2024-05 (Q2)",
      "signal": "GROSS MARGIN INFLECTION",
      "detail": "GM: +30.3% -> +26.8% -> +30.2% (reversal +3.4%)",
      "severity": "MEDIUM"
    },
    {
      "quarter": "2024-05 (Q2)",
      "signal": "YoY REVENUE GROWTH DECELERATION",
      "detail": "YoY growth: -8.7% vs prior quarter YoY: -2.3% (decel: -6.4%)",
      "severity": "WARNING"
    },
    {
      "quarter": "2024-02 (Q1)",
      "signal": "FCF MARGIN EXPANSION",
      "detail": "FCF margin: +6.6% -> +16.2% (+9.6%)",
      "severity": "MEDIUM"
    },
    {
      "quarter": "2023-10 (Q4)",
      "signal": "FCF TURNED POSITIVE",
      "detail": "FCF margin: -16.3% -> +6.6%",
      "severity": "HIGH"
    },
    {
      "quarter": "2023-10 (Q4)",
      "signal": "YoY REVENUE GROWTH ACCELERATION",
      "detail": "YoY growth: -5.3% vs prior quarter YoY: -11.8% (accel: +6.5%)",
      "severity": "MEDIUM"
    },
    {
      "quarter": "2023-10 (Q4)",
      "signal": "INCREMENTAL MARGIN (YoY)",
      "detail": "YoY Incr OPM: +80.6% vs year-ago OPM: +5.1%",
      "severity": "HIGH"
    },
    {
      "quarter": "2023-10 (Q4)",
      "signal": "OP MARGIN TURNED POSITIVE (QoQ)",
      "detail": "Op margin: -0.5% -> +0.9%",
      "severity": "HIGH"
    },
    {
      "quarter": "2023-07 (Q3)",
      "signal": "FCF MARGIN EXPANSION",
      "detail": "FCF margin: -22.3% -> -16.3% (+6.0%)",
      "severity": "MEDIUM"
    },
    {
      "quarter": "2023-07 (Q3)",
      "signal": "OPERATING LEVERAGE",
      "detail": "Rev growth +15.7% vs OpEx growth +3.4% (leverage: 4.7x)",
      "severity": "MEDIUM"
    },
    {
      "quarter": "2023-07 (Q3)",
      "signal": "GROSS MARGIN INFLECTION",
      "detail": "GM: +32.4% -> +29.9% -> +32.6% (reversal +2.7%)",
      "severity": "MEDIUM"
    },
    {
      "quarter": "2023-01 (Q1)",
      "signal": "FCF TURNED POSITIVE",
      "detail": "FCF margin: -2.6% -> +1.9%",
      "severity": "HIGH"
    },
    {
      "quarter": "2023-01 (Q1)",
      "signal": "INCREMENTAL MARGIN (YoY)",
      "detail": "YoY Incr OPM: +19.2% vs year-ago OPM: +5.6%",
      "severity": "MEDIUM"
    },
    {
      "quarter": "2022-10 (Q4)",
      "signal": "YoY REVENUE GROWTH DECELERATION",
      "detail": "YoY growth: -10.3% vs prior quarter YoY: -3.0% (decel: -7.3%)",
      "severity": "WARNING"
    },
    {
      "quarter": "2022-10 (Q4)",
      "signal": "INCREMENTAL MARGIN (YoY)",
      "detail": "YoY Incr OPM: +27.0% vs year-ago OPM: +7.4%",
      "severity": "MEDIUM"
    },
    {
      "quarter": "2022-07 (Q3)",
      "signal": "FCF TURNED POSITIVE",
      "detail": "FCF margin: -9.3% -> +4.1%",
      "severity": "HIGH"
    },
    {
      "quarter": "2022-07 (Q3)",
      "signal": "OPERATING LEVERAGE",
      "detail": "Rev growth +13.4% vs OpEx growth +1.0% (leverage: 13.7x)",
      "severity": "MEDIUM"
    },
    {
      "quarter": "2022-07 (Q3)",
      "signal": "INCREMENTAL MARGIN (YoY)",
      "detail": "YoY Incr OPM: +34.1% vs year-ago OPM: +6.7%",
      "severity": "HIGH"
    },
    {
      "quarter": "2022-04 (Q2)",
      "signal": "INCREMENTAL MARGIN (YoY)",
      "detail": "YoY Incr OPM: +60.7% vs year-ago OPM: +4.2%",
      "severity": "HIGH"
    },
    {
      "quarter": "2022-01 (Q1)",
      "signal": "FCF TURNED POSITIVE",
      "detail": "FCF margin: -7.8% -> +10.0%",
      "severity": "HIGH"
    },
    {
      "quarter": "2022-01 (Q1)",
      "signal": "INCREMENTAL MARGIN (YoY)",
      "detail": "YoY Incr OPM: +74.0% vs year-ago OPM: +9.0%",
      "severity": "HIGH"
    },
    {
      "quarter": "2021-10 (Q4)",
      "signal": "FCF MARGIN EXPANSION",
      "detail": "FCF margin: -21.0% -> -7.8% (+13.3%)",
      "severity": "MEDIUM"
    },
    {
      "quarter": "2021-10 (Q4)",
      "signal": "OPERATING LEVERAGE",
      "detail": "Rev growth +10.8% vs OpEx growth +4.3% (leverage: 2.5x)",
      "severity": "MEDIUM"
    },
    {
      "quarter": "2021-07 (Q3)",
      "signal": "OPERATING LEVERAGE",
      "detail": "Rev growth +10.6% vs OpEx growth +6.0% (leverage: 1.8x)",
      "severity": "MEDIUM"
    }
  ],
  "data_quality": {
    "n_quarters": 20,
    "coverage": {
      "revenue": [
        20,
        20
      ],
      "gross_profit": [
        20,
        20
      ],
      "op_income": [
        20,
        20
      ],
      "fcf": [
        20,
        20
      ]
    },
    "gaps": [],
    "warnings": []
  },
  "market_cap": null,
  "source": "SEC EDGAR",
  "last_updated": "2026-02-02T23:36:18.207633"
}