{
  "ticker": "SPXC",
  "name": "SPX TECHNOLOGIES, INC.",
  "quarters": [
    {
      "date": "2020-12-31T00:00:00",
      "quarter_label": "2020-12 (Q4)",
      "revenue": 348300000,
      "gross_profit": 123500000,
      "operating_income": 34900000,
      "net_income": 24600000,
      "opex": 88600000,
      "cogs": 311100000,
      "rd": null,
      "sga": 90700000,
      "fcf": 69900000,
      "ocf": 69900000,
      "capex": null,
      "gross_margin": 0.35457938558713753,
      "op_margin": 0.10020097616996841,
      "fcf_margin": 0.20068906115417742
    },
    {
      "date": "2021-04-03T00:00:00",
      "quarter_label": "2021-04 (Q2)",
      "revenue": 398500000,
      "gross_profit": 104400000,
      "operating_income": 31700000,
      "net_income": 26800000,
      "opex": 72700000,
      "cogs": 273300000,
      "rd": null,
      "sga": 88800000,
      "fcf": 60200000,
      "ocf": 60200000,
      "capex": null,
      "gross_margin": 0.26198243412797995,
      "op_margin": 0.0795483061480552,
      "fcf_margin": 0.15106649937264743,
      "op_leverage_ratio": Infinity,
      "fcf_margin_change": -0.04962256178152999
    },
    {
      "date": "2021-07-03T00:00:00",
      "quarter_label": "2021-07 (Q3)",
      "revenue": 296700000,
      "gross_profit": 102300000,
      "operating_income": 12900000,
      "net_income": 61500000,
      "opex": 89400000,
      "cogs": 194700000,
      "rd": null,
      "sga": 79200000,
      "fcf": 18700000,
      "ocf": 18700000,
      "capex": null,
      "gross_margin": 0.3447927199191102,
      "op_margin": 0.043478260869565216,
      "fcf_margin": 0.06302662622177284,
      "fcf_margin_change": -0.0880398731508746
    },
    {
      "date": "2021-10-02T00:00:00",
      "quarter_label": "2021-10 (Q4)",
      "revenue": 285800000,
      "gross_profit": 95800000,
      "operating_income": 11800000,
      "net_income": 331100000,
      "opex": 84000000,
      "cogs": 191800000,
      "rd": null,
      "sga": 76200000,
      "fcf": 74900000,
      "ocf": 74900000,
      "capex": null,
      "gross_margin": 0.3351994401679496,
      "op_margin": 0.041287613715885234,
      "fcf_margin": 0.2620713785864241,
      "fcf_margin_change": 0.19904475236465125
    },
    {
      "date": "2021-12-31T00:00:00",
      "quarter_label": "2021-12 (Q4)",
      "revenue": 350000000,
      "gross_profit": 129300000,
      "operating_income": 29000000,
      "net_income": 6400000,
      "opex": 100300000,
      "cogs": 217300000,
      "rd": null,
      "sga": 74900000,
      "fcf": 20800000,
      "ocf": 20800000,
      "capex": null,
      "gross_margin": 0.36942857142857144,
      "op_margin": 0.08285714285714285,
      "fcf_margin": 0.05942857142857143,
      "incr_op_margin_yoy": -3.4705882352941178,
      "rev_growth_yoy": 0.004880849842090152,
      "op_leverage_ratio": 1.1576159054124253,
      "fcf_margin_change": -0.20264280715785266
    },
    {
      "date": "2022-04-02T00:00:00",
      "quarter_label": "2022-04 (Q2)",
      "revenue": 307100000,
      "gross_profit": 104000000,
      "operating_income": 11400000,
      "net_income": 11400000,
      "opex": 92600000,
      "cogs": 203100000,
      "rd": null,
      "sga": 84200000,
      "fcf": -57200000,
      "ocf": -57200000,
      "capex": null,
      "gross_margin": 0.3386519049169652,
      "op_margin": 0.0371214588082058,
      "fcf_margin": -0.18625854770433084,
      "incr_op_margin_yoy": 0.22210065645514224,
      "rev_growth_yoy": -0.22936010037641155,
      "rev_growth_yoy_accel": -0.2342409502185017,
      "fcf_margin_change": -0.24568711913290225
    },
    {
      "date": "2022-07-02T00:00:00",
      "quarter_label": "2022-07 (Q3)",
      "revenue": 354000000,
      "gross_profit": 124600000,
      "operating_income": 27200000,
      "net_income": 13000000,
      "opex": 97400000,
      "cogs": 229400000,
      "rd": null,
      "sga": 88300000,
      "fcf": -39300000,
      "ocf": -39300000,
      "capex": null,
      "gross_margin": 0.3519774011299435,
      "op_margin": 0.0768361581920904,
      "fcf_margin": -0.11101694915254237,
      "incr_op_margin_yoy": 0.24956369982547993,
      "rev_growth_yoy": 0.19312436804853386,
      "rev_growth_yoy_accel": 0.4224844684249454,
      "op_leverage_ratio": 2.946203733854336,
      "fcf_margin_change": 0.07524159855178847
    },
    {
      "date": "2022-10-01T00:00:00",
      "quarter_label": "2022-10 (Q4)",
      "revenue": 370500000,
      "gross_profit": 133100000,
      "operating_income": 37300000,
      "net_income": 3100000,
      "opex": 95800000,
      "cogs": 237400000,
      "rd": null,
      "sga": 89100000,
      "fcf": -14000000,
      "ocf": -14000000,
      "capex": null,
      "gross_margin": 0.3592442645074224,
      "op_margin": 0.10067476383265857,
      "fcf_margin": -0.037786774628879895,
      "incr_op_margin_yoy": 0.3010625737898465,
      "rev_growth_yoy": 0.29636109167249824,
      "rev_growth_yoy_accel": 0.10323672362396438,
      "op_leverage_ratio": Infinity,
      "fcf_margin_change": 0.07323017452366248
    },
    {
      "date": "2022-12-31T00:00:00",
      "quarter_label": "2022-12 (Q4)",
      "revenue": 429300000,
      "gross_profit": 162200000,
      "operating_income": -24900000,
      "net_income": -27300000,
      "opex": 187100000,
      "cogs": 267100000,
      "rd": null,
      "sga": 94100000,
      "fcf": -26300000,
      "ocf": -26300000,
      "capex": null,
      "gross_margin": 0.3778243652457489,
      "op_margin": -0.058001397624039136,
      "fcf_margin": -0.06126252038201724,
      "incr_op_margin_yoy": -0.6796973518284993,
      "rev_growth_yoy": 0.22657142857142856,
      "rev_growth_yoy_accel": -0.06978966310106968,
      "op_leverage_ratio": 0.1665266882768468,
      "fcf_margin_change": -0.023475745753137343
    },
    {
      "date": "2023-04-01T00:00:00",
      "quarter_label": "2023-04 (Q2)",
      "revenue": 399800000,
      "gross_profit": 149900000,
      "operating_income": 49800000,
      "net_income": 42800000,
      "opex": 100100000,
      "cogs": 249900000,
      "rd": null,
      "sga": 93800000,
      "fcf": -4400000,
      "ocf": -4400000,
      "capex": null,
      "gross_margin": 0.3749374687343672,
      "op_margin": 0.12456228114057029,
      "fcf_margin": -0.011005502751375688,
      "incr_op_margin_yoy": 0.41423948220064727,
      "rev_growth_yoy": 0.3018560729404103,
      "rev_growth_yoy_accel": 0.07528464436898172,
      "fcf_margin_change": 0.050257017630641554
    },
    {
      "date": "2023-07-01T00:00:00",
      "quarter_label": "2023-07 (Q3)",
      "revenue": 423300000,
      "gross_profit": 163600000,
      "operating_income": 51300000,
      "net_income": 36000000,
      "opex": 112300000,
      "cogs": 259700000,
      "rd": null,
      "sga": 100800000,
      "fcf": 72000000,
      "ocf": 72000000,
      "capex": null,
      "gross_margin": 0.3864871249704701,
      "op_margin": 0.12119064493267187,
      "fcf_margin": 0.1700921332388377,
      "incr_op_margin_yoy": 0.3477633477633478,
      "rev_growth_yoy": 0.19576271186440677,
      "rev_growth_yoy_accel": -0.1060933610760035,
      "op_leverage_ratio": 0.4822800744634613,
      "fcf_margin_change": 0.1810976359902134
    },
    {
      "date": "2023-09-30T00:00:00",
      "quarter_label": "2023-09 (Q3)",
      "revenue": 448700000,
      "gross_profit": 168600000,
      "operating_income": 57700000,
      "net_income": -20400000,
      "opex": 110900000,
      "cogs": 280100000,
      "rd": null,
      "sga": 96300000,
      "fcf": 14400000,
      "ocf": 14400000,
      "capex": null,
      "gross_margin": 0.3757521729440606,
      "op_margin": 0.12859371517717852,
      "fcf_margin": 0.03209271227991977,
      "incr_op_margin_yoy": 0.2608695652173913,
      "rev_growth_yoy": 0.21106612685560053,
      "rev_growth_yoy_accel": 0.015303414991193753,
      "op_leverage_ratio": Infinity,
      "fcf_margin_change": -0.13799942095891793
    },
    {
      "date": "2023-12-31T00:00:00",
      "quarter_label": "2023-12 (Q4)",
      "revenue": 469400000,
      "gross_profit": 187900000,
      "operating_income": 63100000,
      "net_income": 31500000,
      "opex": 124800000,
      "cogs": 281500000,
      "rd": null,
      "sga": 103500000,
      "fcf": 126500000,
      "ocf": 126500000,
      "capex": null,
      "gross_margin": 0.40029825308904987,
      "op_margin": 0.1344269279931828,
      "fcf_margin": 0.26949296974861525,
      "incr_op_margin_yoy": 2.1945137157107233,
      "rev_growth_yoy": 0.09340787328208712,
      "rev_growth_yoy_accel": -0.11765825357351341,
      "op_leverage_ratio": 0.36807050904852223,
      "fcf_margin_change": 0.23740025746869547
    },
    {
      "date": "2024-03-30T00:00:00",
      "quarter_label": "2024-03 (Q1)",
      "revenue": 465200000,
      "gross_profit": 182900000,
      "operating_income": 64600000,
      "net_income": 49000000,
      "opex": 118300000,
      "cogs": 282300000,
      "rd": null,
      "sga": 102900000,
      "fcf": 10500000,
      "ocf": 10500000,
      "capex": null,
      "gross_margin": 0.39316423043852106,
      "op_margin": 0.13886500429922613,
      "fcf_margin": 0.022570937231298365,
      "incr_op_margin_yoy": 0.22629969418960244,
      "rev_growth_yoy": 0.16358179089544772,
      "rev_growth_yoy_accel": 0.0701739176133606,
      "fcf_margin_change": -0.2469220325173169
    },
    {
      "date": "2024-06-29T00:00:00",
      "quarter_label": "2024-06 (Q2)",
      "revenue": 501300000,
      "gross_profit": 200800000,
      "operating_income": 74600000,
      "net_income": 44200000,
      "opex": 126200000,
      "cogs": 300500000,
      "rd": null,
      "sga": 101200000,
      "fcf": 57500000,
      "ocf": 57500000,
      "capex": null,
      "gross_margin": 0.400558547775783,
      "op_margin": 0.1488130859764612,
      "fcf_margin": 0.1147017753840016,
      "incr_op_margin_yoy": 0.2987179487179487,
      "rev_growth_yoy": 0.18426647767540752,
      "rev_growth_yoy_accel": 0.0206846867799598,
      "op_leverage_ratio": 1.1620508941301957,
      "fcf_margin_change": 0.09213083815270323
    },
    {
      "date": "2024-09-28T00:00:00",
      "quarter_label": "2024-09 (Q3)",
      "revenue": 483700000,
      "gross_profit": 197600000,
      "operating_income": 78900000,
      "net_income": 50200000,
      "opex": 118700000,
      "cogs": 286100000,
      "rd": null,
      "sga": 101600000,
      "fcf": 51400000,
      "ocf": 51400000,
      "capex": null,
      "gross_margin": 0.40851767624560675,
      "op_margin": 0.16311763489766384,
      "fcf_margin": 0.10626421335538556,
      "incr_op_margin_yoy": 0.6057142857142858,
      "rev_growth_yoy": 0.078003120124805,
      "rev_growth_yoy_accel": -0.10626335755060252,
      "fcf_margin_change": -0.008437562028616036
    },
    {
      "date": "2024-12-31T00:00:00",
      "quarter_label": "2024-12 (Q4)",
      "revenue": 533700000,
      "gross_profit": 218100000,
      "operating_income": 90200000,
      "net_income": 57100000,
      "opex": 127900000,
      "cogs": 315600000,
      "rd": null,
      "sga": 108900000,
      "fcf": 166500000,
      "ocf": 166500000,
      "capex": null,
      "gross_margin": 0.4086565486228218,
      "op_margin": 0.16900880644556868,
      "fcf_margin": 0.31197301854974707,
      "incr_op_margin_yoy": 0.4214618973561431,
      "rev_growth_yoy": 0.1369833830421815,
      "rev_growth_yoy_accel": 0.0589802629173765,
      "op_leverage_ratio": 1.3336958768909943,
      "fcf_margin_change": 0.20570880519436152
    },
    {
      "date": "2025-03-29T00:00:00",
      "quarter_label": "2025-03 (Q1)",
      "revenue": 482600000,
      "gross_profit": 195900000,
      "operating_income": 66600000,
      "net_income": 51200000,
      "opex": 129300000,
      "cogs": 286700000,
      "rd": null,
      "sga": 109500000,
      "fcf": -10900000,
      "ocf": -10900000,
      "capex": null,
      "gross_margin": 0.4059262329050974,
      "op_margin": 0.13800248653128885,
      "fcf_margin": -0.022585992540406132,
      "incr_op_margin_yoy": 0.11494252873563218,
      "rev_growth_yoy": 0.037403267411865865,
      "rev_growth_yoy_accel": -0.09958011563031563,
      "fcf_margin_change": -0.3345590110901532
    },
    {
      "date": "2025-06-28T00:00:00",
      "quarter_label": "2025-06 (Q2)",
      "revenue": 552400000,
      "gross_profit": 228900000,
      "operating_income": 86600000,
      "net_income": 52200000,
      "opex": 142300000,
      "cogs": 323500000,
      "rd": null,
      "sga": 117200000,
      "fcf": 42500000,
      "ocf": 42500000,
      "capex": null,
      "gross_margin": 0.41437364228819695,
      "op_margin": 0.15677045619116584,
      "fcf_margin": 0.07693700217233888,
      "incr_op_margin_yoy": 0.23483365949119372,
      "rev_growth_yoy": 0.10193496908039099,
      "rev_growth_yoy_accel": 0.06453170166852512,
      "op_leverage_ratio": 1.4385444228378337,
      "fcf_margin_change": 0.09952299471274502
    },
    {
      "date": "2025-09-27T00:00:00",
      "quarter_label": "2025-09 (Q3)",
      "revenue": 592800000,
      "gross_profit": 239500000,
      "operating_income": 97100000,
      "net_income": 62700000,
      "opex": 142400000,
      "cogs": 353300000,
      "rd": null,
      "sga": 117700000,
      "fcf": 106500000,
      "ocf": 106500000,
      "capex": null,
      "gross_margin": 0.4040148448043185,
      "op_margin": 0.16379892037786775,
      "fcf_margin": 0.17965587044534412,
      "incr_op_margin_yoy": 0.16681943171402383,
      "rev_growth_yoy": 0.22555302873682034,
      "rev_growth_yoy_accel": 0.12361805965642936,
      "op_leverage_ratio": Infinity,
      "fcf_margin_change": 0.10271886827300523
    }
  ],
  "signals": [
    {
      "quarter": "2025-09 (Q3)",
      "signal": "FCF MARGIN EXPANSION",
      "detail": "FCF margin: +7.7% -> +18.0% (+10.3%)",
      "severity": "MEDIUM"
    },
    {
      "quarter": "2025-09 (Q3)",
      "signal": "OPERATING LEVERAGE",
      "detail": "Rev growth +7.3% vs OpEx growth +0.1% (leverage: 104.1x)",
      "severity": "MEDIUM"
    },
    {
      "quarter": "2025-09 (Q3)",
      "signal": "YoY REVENUE GROWTH ACCELERATION",
      "detail": "YoY growth: +22.6% vs prior quarter YoY: +10.2% (accel: +12.4%)",
      "severity": "MEDIUM"
    },
    {
      "quarter": "2025-06 (Q2)",
      "signal": "FCF TURNED POSITIVE",
      "detail": "FCF margin: -2.3% -> +7.7%",
      "severity": "HIGH"
    },
    {
      "quarter": "2025-06 (Q2)",
      "signal": "YoY REVENUE GROWTH ACCELERATION",
      "detail": "YoY growth: +10.2% vs prior quarter YoY: +3.7% (accel: +6.5%)",
      "severity": "MEDIUM"
    },
    {
      "quarter": "2025-03 (Q1)",
      "signal": "YoY REVENUE GROWTH DECELERATION",
      "detail": "YoY growth: +3.7% vs prior quarter YoY: +13.7% (decel: -10.0%)",
      "severity": "WARNING"
    },
    {
      "quarter": "2024-12 (Q4)",
      "signal": "FCF MARGIN EXPANSION",
      "detail": "FCF margin: +10.6% -> +31.2% (+20.6%)",
      "severity": "MEDIUM"
    },
    {
      "quarter": "2024-12 (Q4)",
      "signal": "YoY REVENUE GROWTH ACCELERATION",
      "detail": "YoY growth: +13.7% vs prior quarter YoY: +7.8% (accel: +5.9%)",
      "severity": "MEDIUM"
    },
    {
      "quarter": "2024-12 (Q4)",
      "signal": "INCREMENTAL MARGIN (YoY)",
      "detail": "YoY Incr OPM: +42.1% vs year-ago OPM: +13.4%",
      "severity": "HIGH"
    },
    {
      "quarter": "2024-09 (Q3)",
      "signal": "YoY REVENUE GROWTH DECELERATION",
      "detail": "YoY growth: +7.8% vs prior quarter YoY: +18.4% (decel: -10.6%)",
      "severity": "WARNING"
    },
    {
      "quarter": "2024-09 (Q3)",
      "signal": "INCREMENTAL MARGIN (YoY)",
      "detail": "YoY Incr OPM: +60.6% vs year-ago OPM: +12.9%",
      "severity": "HIGH"
    },
    {
      "quarter": "2024-06 (Q2)",
      "signal": "FCF MARGIN EXPANSION",
      "detail": "FCF margin: +2.3% -> +11.5% (+9.2%)",
      "severity": "MEDIUM"
    },
    {
      "quarter": "2024-06 (Q2)",
      "signal": "INCREMENTAL MARGIN (YoY)",
      "detail": "YoY Incr OPM: +29.9% vs year-ago OPM: +12.1%",
      "severity": "MEDIUM"
    },
    {
      "quarter": "2024-03 (Q1)",
      "signal": "YoY REVENUE GROWTH ACCELERATION",
      "detail": "YoY growth: +16.4% vs prior quarter YoY: +9.3% (accel: +7.0%)",
      "severity": "MEDIUM"
    },
    {
      "quarter": "2024-03 (Q1)",
      "signal": "INCREMENTAL MARGIN (YoY)",
      "detail": "YoY Incr OPM: +22.6% vs year-ago OPM: +12.5%",
      "severity": "MEDIUM"
    },
    {
      "quarter": "2023-12 (Q4)",
      "signal": "FCF MARGIN EXPANSION",
      "detail": "FCF margin: +3.2% -> +26.9% (+23.7%)",
      "severity": "MEDIUM"
    },
    {
      "quarter": "2023-12 (Q4)",
      "signal": "GROSS MARGIN INFLECTION",
      "detail": "GM: +38.6% -> +37.6% -> +40.0% (reversal +2.5%)",
      "severity": "MEDIUM"
    },
    {
      "quarter": "2023-12 (Q4)",
      "signal": "YoY REVENUE GROWTH DECELERATION",
      "detail": "YoY growth: +9.3% vs prior quarter YoY: +21.1% (decel: -11.8%)",
      "severity": "WARNING"
    },
    {
      "quarter": "2023-12 (Q4)",
      "signal": "OP MARGIN TURNED POSITIVE (YoY)",
      "detail": "Op margin: -5.8% (year-ago) -> +13.4%",
      "severity": "HIGH"
    },
    {
      "quarter": "2023-09 (Q3)",
      "signal": "INCREMENTAL MARGIN (YoY)",
      "detail": "YoY Incr OPM: +26.1% vs year-ago OPM: +10.1%",
      "severity": "MEDIUM"
    },
    {
      "quarter": "2023-07 (Q3)",
      "signal": "FCF TURNED POSITIVE",
      "detail": "FCF margin: -1.1% -> +17.0%",
      "severity": "HIGH"
    },
    {
      "quarter": "2023-07 (Q3)",
      "signal": "YoY REVENUE GROWTH DECELERATION",
      "detail": "YoY growth: +19.6% vs prior quarter YoY: +30.2% (decel: -10.6%)",
      "severity": "WARNING"
    },
    {
      "quarter": "2023-07 (Q3)",
      "signal": "INCREMENTAL MARGIN (YoY)",
      "detail": "YoY Incr OPM: +34.8% vs year-ago OPM: +7.7%",
      "severity": "HIGH"
    },
    {
      "quarter": "2023-04 (Q2)",
      "signal": "FCF MARGIN EXPANSION",
      "detail": "FCF margin: -6.1% -> -1.1% (+5.0%)",
      "severity": "MEDIUM"
    },
    {
      "quarter": "2023-04 (Q2)",
      "signal": "YoY REVENUE GROWTH ACCELERATION",
      "detail": "YoY growth: +30.2% vs prior quarter YoY: +22.7% (accel: +7.5%)",
      "severity": "MEDIUM"
    },
    {
      "quarter": "2023-04 (Q2)",
      "signal": "INCREMENTAL MARGIN (YoY)",
      "detail": "YoY Incr OPM: +41.4% vs year-ago OPM: +3.7%",
      "severity": "HIGH"
    },
    {
      "quarter": "2023-04 (Q2)",
      "signal": "OP MARGIN TURNED POSITIVE (QoQ)",
      "detail": "Op margin: -5.8% -> +12.5%",
      "severity": "HIGH"
    },
    {
      "quarter": "2022-12 (Q4)",
      "signal": "YoY REVENUE GROWTH DECELERATION",
      "detail": "YoY growth: +22.7% vs prior quarter YoY: +29.6% (decel: -7.0%)",
      "severity": "WARNING"
    },
    {
      "quarter": "2022-10 (Q4)",
      "signal": "FCF MARGIN EXPANSION",
      "detail": "FCF margin: -11.1% -> -3.8% (+7.3%)",
      "severity": "MEDIUM"
    },
    {
      "quarter": "2022-10 (Q4)",
      "signal": "YoY REVENUE GROWTH ACCELERATION",
      "detail": "YoY growth: +29.6% vs prior quarter YoY: +19.3% (accel: +10.3%)",
      "severity": "MEDIUM"
    },
    {
      "quarter": "2022-10 (Q4)",
      "signal": "INCREMENTAL MARGIN (YoY)",
      "detail": "YoY Incr OPM: +30.1% vs year-ago OPM: +4.1%",
      "severity": "HIGH"
    },
    {
      "quarter": "2022-07 (Q3)",
      "signal": "FCF MARGIN EXPANSION",
      "detail": "FCF margin: -18.6% -> -11.1% (+7.5%)",
      "severity": "MEDIUM"
    },
    {
      "quarter": "2022-07 (Q3)",
      "signal": "OPERATING LEVERAGE",
      "detail": "Rev growth +15.3% vs OpEx growth +5.2% (leverage: 2.9x)",
      "severity": "MEDIUM"
    },
    {
      "quarter": "2022-07 (Q3)",
      "signal": "YoY REVENUE GROWTH ACCELERATION",
      "detail": "YoY growth: +19.3% vs prior quarter YoY: -22.9% (accel: +42.2%)",
      "severity": "HIGH"
    },
    {
      "quarter": "2022-07 (Q3)",
      "signal": "INCREMENTAL MARGIN (YoY)",
      "detail": "YoY Incr OPM: +25.0% vs year-ago OPM: +4.3%",
      "severity": "HIGH"
    },
    {
      "quarter": "2022-04 (Q2)",
      "signal": "YoY REVENUE GROWTH DECELERATION",
      "detail": "YoY growth: -22.9% vs prior quarter YoY: +0.5% (decel: -23.4%)",
      "severity": "WARNING"
    },
    {
      "quarter": "2022-04 (Q2)",
      "signal": "INCREMENTAL MARGIN (YoY)",
      "detail": "YoY Incr OPM: +22.2% vs year-ago OPM: +8.0%",
      "severity": "MEDIUM"
    },
    {
      "quarter": "2021-12 (Q4)",
      "signal": "GROSS MARGIN INFLECTION",
      "detail": "GM: +34.5% -> +33.5% -> +36.9% (reversal +3.4%)",
      "severity": "MEDIUM"
    },
    {
      "quarter": "2021-10 (Q4)",
      "signal": "FCF MARGIN EXPANSION",
      "detail": "FCF margin: +6.3% -> +26.2% (+19.9%)",
      "severity": "MEDIUM"
    },
    {
      "quarter": "2021-07 (Q3)",
      "signal": "GROSS MARGIN INFLECTION",
      "detail": "GM: +35.5% -> +26.2% -> +34.5% (reversal +8.3%)",
      "severity": "HIGH"
    }
  ],
  "data_quality": {
    "n_quarters": 20,
    "coverage": {
      "revenue": [
        20,
        20
      ],
      "gross_profit": [
        20,
        20
      ],
      "op_income": [
        20,
        20
      ],
      "fcf": [
        20,
        20
      ]
    },
    "gaps": [],
    "warnings": []
  },
  "market_cap": null,
  "source": "SEC EDGAR",
  "last_updated": "2026-02-02T20:36:00.786150"
}