{
  "ticker": "SRFM",
  "name": "Surf Air Mobility Inc.",
  "quarters": [
    {
      "date": "2022-06-30T00:00:00",
      "quarter_label": "2022-06 (Q2)",
      "revenue": 4478000,
      "gross_profit": -1470000,
      "operating_income": -13055000,
      "net_income": -18753000,
      "opex": 17533000,
      "cogs": 5948000,
      "rd": null,
      "sga": null,
      "fcf": null,
      "ocf": null,
      "capex": null,
      "gross_margin": -0.3282715497990174,
      "op_margin": -2.9153640017865117,
      "fcf_margin": null
    },
    {
      "date": "2022-09-30T00:00:00",
      "quarter_label": "2022-09 (Q3)",
      "revenue": 5082000,
      "gross_profit": -1134000,
      "operating_income": -11107000,
      "net_income": -21140000,
      "opex": 16189000,
      "cogs": 6216000,
      "rd": null,
      "sga": null,
      "fcf": -6914000,
      "ocf": -6914000,
      "capex": null,
      "gross_margin": -0.2231404958677686,
      "op_margin": -2.185556867375049,
      "fcf_margin": -1.3604879968516332,
      "op_leverage_ratio": Infinity
    },
    {
      "date": "2022-12-31T00:00:00",
      "quarter_label": "2022-12 (Q4)",
      "revenue": 5896000,
      "gross_profit": -1444000,
      "operating_income": -15512000,
      "net_income": -23822000,
      "opex": 21408000,
      "cogs": 7340000,
      "rd": null,
      "sga": null,
      "fcf": -5750000,
      "ocf": -5671000,
      "capex": -79000,
      "gross_margin": -0.24491180461329715,
      "op_margin": -2.6309362279511532,
      "fcf_margin": -0.9752374491180461,
      "op_leverage_ratio": 0.4968467695043667,
      "fcf_margin_change": 0.38525054773358713
    },
    {
      "date": "2023-03-31T00:00:00",
      "quarter_label": "2023-03 (Q1)",
      "revenue": 5507000,
      "gross_profit": -1143000,
      "operating_income": -12048000,
      "net_income": -20573000,
      "opex": 17555000,
      "cogs": 6650000,
      "rd": null,
      "sga": null,
      "fcf": -9104000,
      "ocf": -9021000,
      "capex": -83000,
      "gross_margin": -0.20755402215362267,
      "op_margin": -2.1877610314145635,
      "fcf_margin": -1.6531686943889594,
      "fcf_margin_change": -0.6779312452709133
    },
    {
      "date": "2023-06-30T00:00:00",
      "quarter_label": "2023-06 (Q2)",
      "revenue": 6195000,
      "gross_profit": -854000,
      "operating_income": -13154000,
      "net_income": -44520000,
      "opex": 19349000,
      "cogs": 7049000,
      "rd": null,
      "sga": null,
      "fcf": -11721000,
      "ocf": -11601000,
      "capex": -120000,
      "gross_margin": -0.13785310734463277,
      "op_margin": -2.123325262308313,
      "fcf_margin": -1.892009685230024,
      "incr_op_margin_yoy": -0.05765870704717531,
      "rev_growth_yoy": 0.38343010272443057,
      "op_leverage_ratio": 1.2225081324488403,
      "fcf_margin_change": -0.2388409908410647
    },
    {
      "date": "2023-09-30T00:00:00",
      "quarter_label": "2023-09 (Q3)",
      "revenue": 21967000,
      "gross_profit": 1357000,
      "operating_income": -63023000,
      "net_income": -74609000,
      "opex": 84990000,
      "cogs": 20610000,
      "rd": null,
      "sga": null,
      "fcf": -35903000,
      "ocf": -24453000,
      "capex": -11450000,
      "gross_margin": 0.06177447990167069,
      "op_margin": -2.868985296126007,
      "fcf_margin": -1.6344061546865754,
      "incr_op_margin_yoy": -3.0746816701214095,
      "rev_growth_yoy": 3.3225108225108224,
      "rev_growth_yoy_accel": 2.939080719786392,
      "op_leverage_ratio": 0.75046215074613,
      "fcf_margin_change": 0.25760353054344876
    },
    {
      "date": "2023-12-31T00:00:00",
      "quarter_label": "2023-12 (Q4)",
      "revenue": 26836000,
      "gross_profit": -773000,
      "operating_income": -108542000,
      "net_income": -110994000,
      "opex": 135378000,
      "cogs": 27609000,
      "rd": null,
      "sga": null,
      "fcf": -15231000,
      "ocf": -19296000,
      "capex": 4065000,
      "gross_margin": -0.028804590848114472,
      "op_margin": -4.044641526307944,
      "fcf_margin": -0.5675585035027575,
      "incr_op_margin_yoy": -4.4426934097421205,
      "rev_growth_yoy": 3.551560379918589,
      "rev_growth_yoy_accel": 0.22904955740776645,
      "op_leverage_ratio": 0.3738606296506614,
      "fcf_margin_change": 1.0668476511838179
    },
    {
      "date": "2024-03-31T00:00:00",
      "quarter_label": "2024-03 (Q1)",
      "revenue": 30624000,
      "gross_profit": 2135000,
      "operating_income": -34470000,
      "net_income": -36965000,
      "opex": 65094000,
      "cogs": 28489000,
      "rd": null,
      "sga": null,
      "fcf": -13525000,
      "ocf": -12810000,
      "capex": -715000,
      "gross_margin": 0.06971656217345873,
      "op_margin": -1.125587774294671,
      "fcf_margin": -0.4416470741901776,
      "incr_op_margin_yoy": -0.892702153919656,
      "rev_growth_yoy": 4.560922462320683,
      "rev_growth_yoy_accel": 1.009362082402094,
      "op_leverage_ratio": Infinity,
      "fcf_margin_change": 0.12591142931257987
    },
    {
      "date": "2024-06-30T00:00:00",
      "quarter_label": "2024-06 (Q2)",
      "revenue": 32366000,
      "gross_profit": 4637000,
      "operating_income": -25257000,
      "net_income": -26983000,
      "opex": 57623000,
      "cogs": 27729000,
      "rd": null,
      "sga": null,
      "fcf": -6327000,
      "ocf": -5622000,
      "capex": -705000,
      "gross_margin": 0.14326762652165853,
      "op_margin": -0.7803559290613606,
      "fcf_margin": -0.1954829141691899,
      "incr_op_margin_yoy": -0.4624584463719384,
      "rev_growth_yoy": 4.22453591606134,
      "rev_growth_yoy_accel": -0.3363865462593427,
      "op_leverage_ratio": Infinity,
      "fcf_margin_change": 0.24616416002098773
    },
    {
      "date": "2024-09-30T00:00:00",
      "quarter_label": "2024-09 (Q3)",
      "revenue": 28386000,
      "gross_profit": 890000,
      "operating_income": -8638000,
      "net_income": -12225000,
      "opex": 37024000,
      "cogs": 27496000,
      "rd": null,
      "sga": null,
      "fcf": -13563000,
      "ocf": -12310000,
      "capex": -1253000,
      "gross_margin": 0.03135348411188614,
      "op_margin": -0.3043049390544635,
      "fcf_margin": -0.47780596068484465,
      "incr_op_margin_yoy": 8.472503505218882,
      "rev_growth_yoy": 0.292211043838485,
      "rev_growth_yoy_accel": -3.932324872222855,
      "fcf_margin_change": -0.28232304651565476
    },
    {
      "date": "2024-12-31T00:00:00",
      "quarter_label": "2024-12 (Q4)",
      "revenue": 28049000,
      "gross_profit": 1829000,
      "operating_income": 8109000,
      "net_income": 1265000,
      "opex": 19940000,
      "cogs": 26220000,
      "rd": null,
      "sga": null,
      "fcf": -32665000,
      "ocf": -23580000,
      "capex": -9085000,
      "gross_margin": 0.06520731576883311,
      "op_margin": 0.28910121572961606,
      "fcf_margin": -1.1645691468501551,
      "incr_op_margin_yoy": 96.16735366859027,
      "rev_growth_yoy": 0.045200476971232674,
      "rev_growth_yoy_accel": -0.24701056686725234,
      "fcf_margin_change": -0.6867631861653105
    },
    {
      "date": "2025-03-31T00:00:00",
      "quarter_label": "2025-03 (Q1)",
      "revenue": 23506000,
      "gross_profit": -1200000,
      "operating_income": -18567000,
      "net_income": -18466000,
      "opex": 42073000,
      "cogs": 24706000,
      "rd": null,
      "sga": null,
      "fcf": -17075000,
      "ocf": -15804000,
      "capex": -1271000,
      "gross_margin": -0.05105079554156386,
      "op_margin": -0.7898834340168468,
      "fcf_margin": -0.7264102782268357,
      "incr_op_margin_yoy": -2.234194998595111,
      "rev_growth_yoy": -0.23243207941483804,
      "rev_growth_yoy_accel": -0.2776325563860707,
      "fcf_margin_change": 0.43815886862331943
    },
    {
      "date": "2025-06-30T00:00:00",
      "quarter_label": "2025-06 (Q2)",
      "revenue": 27431000,
      "gross_profit": 3373000,
      "operating_income": -15931000,
      "net_income": -27998000,
      "opex": 43362000,
      "cogs": 24058000,
      "rd": null,
      "sga": null,
      "fcf": -11855000,
      "ocf": -10643000,
      "capex": -1212000,
      "gross_margin": 0.12296307097809048,
      "op_margin": -0.5807662863183989,
      "fcf_margin": -0.43217527614742446,
      "incr_op_margin_yoy": -1.8897669706180344,
      "rev_growth_yoy": -0.15247481925477352,
      "rev_growth_yoy_accel": 0.07995726016006452,
      "op_leverage_ratio": 5.4501881136665045,
      "fcf_margin_change": 0.2942350020794112
    },
    {
      "date": "2025-09-30T00:00:00",
      "quarter_label": "2025-09 (Q3)",
      "revenue": 29172000,
      "gross_profit": 1510000,
      "operating_income": -16500000,
      "net_income": -27213000,
      "opex": 45672000,
      "cogs": 27662000,
      "rd": null,
      "sga": null,
      "fcf": -21076000,
      "ocf": -19341000,
      "capex": -1735000,
      "gross_margin": 0.05176196352666941,
      "op_margin": -0.5656108597285068,
      "fcf_margin": -0.722473604826546,
      "rev_growth_yoy": 0.027689706193193827,
      "rev_growth_yoy_accel": 0.18016452544796735,
      "op_leverage_ratio": 1.1913913872209232,
      "fcf_margin_change": -0.29029832867912153
    }
  ],
  "signals": [
    {
      "quarter": "2025-09 (Q3)",
      "signal": "YoY REVENUE GROWTH ACCELERATION",
      "detail": "YoY growth: +2.8% vs prior quarter YoY: -15.2% (accel: +18.0%)",
      "severity": "HIGH"
    },
    {
      "quarter": "2025-06 (Q2)",
      "signal": "FCF MARGIN EXPANSION",
      "detail": "FCF margin: -72.6% -> -43.2% (+29.4%)",
      "severity": "MEDIUM"
    },
    {
      "quarter": "2025-06 (Q2)",
      "signal": "OPERATING LEVERAGE",
      "detail": "Rev growth +16.7% vs OpEx growth +3.1% (leverage: 5.5x)",
      "severity": "MEDIUM"
    },
    {
      "quarter": "2025-06 (Q2)",
      "signal": "GROSS MARGIN INFLECTION",
      "detail": "GM: +6.5% -> -5.1% -> +12.3% (reversal +17.4%)",
      "severity": "HIGH"
    },
    {
      "quarter": "2025-06 (Q2)",
      "signal": "YoY REVENUE GROWTH ACCELERATION",
      "detail": "YoY growth: -15.2% vs prior quarter YoY: -23.2% (accel: +8.0%)",
      "severity": "MEDIUM"
    },
    {
      "quarter": "2025-03 (Q1)",
      "signal": "FCF MARGIN EXPANSION",
      "detail": "FCF margin: -116.5% -> -72.6% (+43.8%)",
      "severity": "MEDIUM"
    },
    {
      "quarter": "2025-03 (Q1)",
      "signal": "YoY REVENUE GROWTH DECELERATION",
      "detail": "YoY growth: -23.2% vs prior quarter YoY: +4.5% (decel: -27.8%)",
      "severity": "WARNING"
    },
    {
      "quarter": "2024-12 (Q4)",
      "signal": "GROSS MARGIN INFLECTION",
      "detail": "GM: +14.3% -> +3.1% -> +6.5% (reversal +3.4%)",
      "severity": "MEDIUM"
    },
    {
      "quarter": "2024-12 (Q4)",
      "signal": "YoY REVENUE GROWTH DECELERATION",
      "detail": "YoY growth: +4.5% vs prior quarter YoY: +29.2% (decel: -24.7%)",
      "severity": "WARNING"
    },
    {
      "quarter": "2024-12 (Q4)",
      "signal": "OP MARGIN TURNED POSITIVE (YoY)",
      "detail": "Op margin: -404.5% (year-ago) -> +28.9%",
      "severity": "HIGH"
    },
    {
      "quarter": "2024-12 (Q4)",
      "signal": "OP MARGIN TURNED POSITIVE (QoQ)",
      "detail": "Op margin: -30.4% -> +28.9%",
      "severity": "HIGH"
    },
    {
      "quarter": "2024-09 (Q3)",
      "signal": "YoY REVENUE GROWTH DECELERATION",
      "detail": "YoY growth: +29.2% vs prior quarter YoY: +422.5% (decel: -393.2%)",
      "severity": "WARNING"
    },
    {
      "quarter": "2024-06 (Q2)",
      "signal": "FCF MARGIN EXPANSION",
      "detail": "FCF margin: -44.2% -> -19.5% (+24.6%)",
      "severity": "MEDIUM"
    },
    {
      "quarter": "2024-06 (Q2)",
      "signal": "YoY REVENUE GROWTH DECELERATION",
      "detail": "YoY growth: +422.5% vs prior quarter YoY: +456.1% (decel: -33.6%)",
      "severity": "WARNING"
    },
    {
      "quarter": "2024-03 (Q1)",
      "signal": "FCF MARGIN EXPANSION",
      "detail": "FCF margin: -56.8% -> -44.2% (+12.6%)",
      "severity": "MEDIUM"
    },
    {
      "quarter": "2024-03 (Q1)",
      "signal": "GROSS MARGIN INFLECTION",
      "detail": "GM: +6.2% -> -2.9% -> +7.0% (reversal +9.9%)",
      "severity": "HIGH"
    },
    {
      "quarter": "2024-03 (Q1)",
      "signal": "YoY REVENUE GROWTH ACCELERATION",
      "detail": "YoY growth: +456.1% vs prior quarter YoY: +355.2% (accel: +100.9%)",
      "severity": "HIGH"
    },
    {
      "quarter": "2023-12 (Q4)",
      "signal": "FCF MARGIN EXPANSION",
      "detail": "FCF margin: -163.4% -> -56.8% (+106.7%)",
      "severity": "MEDIUM"
    },
    {
      "quarter": "2023-12 (Q4)",
      "signal": "YoY REVENUE GROWTH ACCELERATION",
      "detail": "YoY growth: +355.2% vs prior quarter YoY: +332.3% (accel: +22.9%)",
      "severity": "HIGH"
    },
    {
      "quarter": "2023-09 (Q3)",
      "signal": "FCF MARGIN EXPANSION",
      "detail": "FCF margin: -189.2% -> -163.4% (+25.8%)",
      "severity": "MEDIUM"
    },
    {
      "quarter": "2023-09 (Q3)",
      "signal": "YoY REVENUE GROWTH ACCELERATION",
      "detail": "YoY growth: +332.3% vs prior quarter YoY: +38.3% (accel: +293.9%)",
      "severity": "HIGH"
    },
    {
      "quarter": "2023-03 (Q1)",
      "signal": "GROSS MARGIN INFLECTION",
      "detail": "GM: -22.3% -> -24.5% -> -20.8% (reversal +3.7%)",
      "severity": "MEDIUM"
    },
    {
      "quarter": "2022-12 (Q4)",
      "signal": "FCF MARGIN EXPANSION",
      "detail": "FCF margin: -136.0% -> -97.5% (+38.5%)",
      "severity": "MEDIUM"
    }
  ],
  "data_quality": {
    "n_quarters": 14,
    "coverage": {
      "revenue": [
        14,
        14
      ],
      "gross_profit": [
        14,
        14
      ],
      "op_income": [
        14,
        14
      ],
      "fcf": [
        13,
        14
      ]
    },
    "gaps": [],
    "warnings": []
  },
  "market_cap": null,
  "source": "SEC EDGAR",
  "last_updated": "2026-02-02T23:11:35.457114"
}