{
  "ticker": "SRI",
  "name": "STONERIDGE, INC.",
  "quarters": [
    {
      "date": "2020-12-31T00:00:00",
      "quarter_label": "2020-12 (Q4)",
      "revenue": 189731000,
      "gross_profit": 49550000,
      "operating_income": 5673000,
      "net_income": null,
      "opex": 43877000,
      "cogs": 140181000,
      "rd": 13013000,
      "sga": 30864000,
      "fcf": 13620000,
      "ocf": 19686000,
      "capex": -6066000,
      "gross_margin": 0.2611592201590673,
      "op_margin": 0.029900227163721267,
      "fcf_margin": 0.07178584416884959
    },
    {
      "date": "2021-03-31T00:00:00",
      "quarter_label": "2021-03 (Q1)",
      "revenue": 193795000,
      "gross_profit": 46086000,
      "operating_income": 2059000,
      "net_income": null,
      "opex": 44027000,
      "cogs": 147709000,
      "rd": 14651000,
      "sga": 29376000,
      "fcf": -23040000,
      "ocf": -17066000,
      "capex": -5974000,
      "gross_margin": 0.2378079929822751,
      "op_margin": 0.010624629118398307,
      "fcf_margin": -0.11888851621558864,
      "op_leverage_ratio": 6.265576983553909,
      "fcf_margin_change": -0.19067436038443825
    },
    {
      "date": "2021-06-30T00:00:00",
      "quarter_label": "2021-06 (Q2)",
      "revenue": 191334000,
      "gross_profit": 42841000,
      "operating_income": 26684000,
      "net_income": null,
      "opex": 16157000,
      "cogs": 148493000,
      "rd": 15495000,
      "sga": 31380000,
      "fcf": -10370000,
      "ocf": -5575000,
      "capex": -4795000,
      "gross_margin": 0.22390688534186293,
      "op_margin": 0.13946292870059687,
      "fcf_margin": -0.05419841742711698,
      "fcf_margin_change": 0.06469009878847166
    },
    {
      "date": "2021-09-30T00:00:00",
      "quarter_label": "2021-09 (Q3)",
      "revenue": 181680000,
      "gross_profit": 36000000,
      "operating_income": -8928000,
      "net_income": null,
      "opex": 44928000,
      "cogs": 145680000,
      "rd": 16447000,
      "sga": 28481000,
      "fcf": -3699000,
      "ocf": 2952000,
      "capex": -6651000,
      "gross_margin": 0.19815059445178335,
      "op_margin": -0.049141347424042275,
      "fcf_margin": -0.02035997357992074,
      "fcf_margin_change": 0.03383844384719624
    },
    {
      "date": "2021-12-31T00:00:00",
      "quarter_label": "2021-12 (Q4)",
      "revenue": 203653000,
      "gross_profit": 41931000,
      "operating_income": -4404000,
      "net_income": null,
      "opex": 46335000,
      "cogs": 161722000,
      "rd": 19572000,
      "sga": 26763000,
      "fcf": -22088000,
      "ocf": -16559000,
      "capex": -5529000,
      "gross_margin": 0.20589433988205427,
      "op_margin": -0.02162501902746338,
      "fcf_margin": -0.10845899643020235,
      "incr_op_margin_yoy": -0.7238184168941244,
      "rev_growth_yoy": 0.07337757140372422,
      "op_leverage_ratio": 3.8619373410359037,
      "fcf_margin_change": -0.08809902285028161
    },
    {
      "date": "2022-03-31T00:00:00",
      "quarter_label": "2022-03 (Q1)",
      "revenue": 221058000,
      "gross_profit": 41443000,
      "operating_income": -2984000,
      "net_income": -7675000,
      "opex": 44427000,
      "cogs": 179615000,
      "rd": 17028000,
      "sga": 27399000,
      "fcf": -27179000,
      "ocf": -19811000,
      "capex": -7368000,
      "gross_margin": 0.1874756851143139,
      "op_margin": -0.013498719792995504,
      "fcf_margin": -0.12294963312795737,
      "incr_op_margin_yoy": -0.1849759747643326,
      "rev_growth_yoy": 0.14067958409659692,
      "rev_growth_yoy_accel": 0.0673020126928727,
      "op_leverage_ratio": Infinity,
      "fcf_margin_change": -0.014490636697755022
    },
    {
      "date": "2022-06-30T00:00:00",
      "quarter_label": "2022-06 (Q2)",
      "revenue": 220936000,
      "gross_profit": 38564000,
      "operating_income": -5928000,
      "net_income": -7339000,
      "opex": 44492000,
      "cogs": 182372000,
      "rd": 15554000,
      "sga": 28938000,
      "fcf": -3787000,
      "ocf": 1993000,
      "capex": -5780000,
      "gross_margin": 0.17454828547633705,
      "op_margin": -0.02683129956186407,
      "fcf_margin": -0.017140710431980302,
      "incr_op_margin_yoy": -1.1016823187622458,
      "rev_growth_yoy": 0.15471374664199777,
      "rev_growth_yoy_accel": 0.014034162545400852,
      "fcf_margin_change": 0.10580892269597707
    },
    {
      "date": "2022-09-30T00:00:00",
      "quarter_label": "2022-09 (Q3)",
      "revenue": 226757000,
      "gross_profit": 49440000,
      "operating_income": 5863000,
      "net_income": 731000,
      "opex": 43577000,
      "cogs": 177317000,
      "rd": 16133000,
      "sga": 27444000,
      "fcf": -12854000,
      "ocf": -6320000,
      "capex": -6534000,
      "gross_margin": 0.21803075539013128,
      "op_margin": 0.025855872145071596,
      "fcf_margin": -0.05668623239855881,
      "incr_op_margin_yoy": 0.32812742640370923,
      "rev_growth_yoy": 0.24811206516952883,
      "rev_growth_yoy_accel": 0.09339831852753105,
      "op_leverage_ratio": Infinity,
      "fcf_margin_change": -0.039545521966578505
    },
    {
      "date": "2022-12-31T00:00:00",
      "quarter_label": "2022-12 (Q4)",
      "revenue": 231172000,
      "gross_profit": 45479000,
      "operating_income": 5984000,
      "net_income": 227000,
      "opex": 39495000,
      "cogs": 185693000,
      "rd": 16581000,
      "sga": 22914000,
      "fcf": 23394000,
      "ocf": 30944000,
      "capex": -7550000,
      "gross_margin": 0.19673230322011317,
      "op_margin": 0.025885487861851783,
      "fcf_margin": 0.10119737684494662,
      "incr_op_margin_yoy": 0.37748464697118356,
      "rev_growth_yoy": 0.13512690704286212,
      "rev_growth_yoy_accel": -0.11298515812666671,
      "op_leverage_ratio": Infinity,
      "fcf_margin_change": 0.15788360924350542
    },
    {
      "date": "2023-03-31T00:00:00",
      "quarter_label": "2023-03 (Q1)",
      "revenue": 241325000,
      "gross_profit": 42802000,
      "operating_income": -4029000,
      "net_income": -7386000,
      "opex": 46831000,
      "cogs": 198523000,
      "rd": 16968000,
      "sga": 29863000,
      "fcf": -18093000,
      "ocf": -9182000,
      "capex": -8911000,
      "gross_margin": 0.17736247798611832,
      "op_margin": -0.016695327877343832,
      "fcf_margin": -0.07497358334196623,
      "incr_op_margin_yoy": -0.05156165194651404,
      "rev_growth_yoy": 0.09168182106053614,
      "rev_growth_yoy_accel": -0.04344508598232598,
      "op_leverage_ratio": 0.2364514335240496,
      "fcf_margin_change": -0.17617096018691286
    },
    {
      "date": "2023-06-30T00:00:00",
      "quarter_label": "2023-06 (Q2)",
      "revenue": 266814000,
      "gross_profit": 60488000,
      "operating_income": 4331000,
      "net_income": -2992000,
      "opex": 56157000,
      "cogs": 206326000,
      "rd": 22666000,
      "sga": 33491000,
      "fcf": -858000,
      "ocf": 4494000,
      "capex": -5352000,
      "gross_margin": 0.2267047456280405,
      "op_margin": 0.01623228166438043,
      "fcf_margin": -0.0032157233128696397,
      "incr_op_margin_yoy": 0.2236148044814508,
      "rev_growth_yoy": 0.20765289495600536,
      "rev_growth_yoy_accel": 0.11597107389546922,
      "op_leverage_ratio": 0.5303816656287569,
      "fcf_margin_change": 0.07175786002909659
    },
    {
      "date": "2023-09-30T00:00:00",
      "quarter_label": "2023-09 (Q3)",
      "revenue": 238164000,
      "gross_profit": 52475000,
      "operating_income": 6512000,
      "net_income": 2171000,
      "opex": 45963000,
      "cogs": 185689000,
      "rd": 17852000,
      "sga": 28111000,
      "fcf": -9936000,
      "ocf": -980000,
      "capex": -8956000,
      "gross_margin": 0.22033136830083472,
      "op_margin": 0.027342503484993536,
      "fcf_margin": -0.041719151509044185,
      "incr_op_margin_yoy": 0.05689488910318226,
      "rev_growth_yoy": 0.05030495199707175,
      "rev_growth_yoy_accel": -0.15734794295893362,
      "fcf_margin_change": -0.03850342819617455
    },
    {
      "date": "2023-12-31T00:00:00",
      "quarter_label": "2023-12 (Q4)",
      "revenue": 229515000,
      "gross_profit": 45541000,
      "operating_income": 6022000,
      "net_income": 3024000,
      "opex": 39519000,
      "cogs": 183974000,
      "rd": 13589000,
      "sga": 25930000,
      "fcf": 10614000,
      "ocf": 10614000,
      "capex": null,
      "gross_margin": 0.19842276103958348,
      "op_margin": 0.02623793651831035,
      "fcf_margin": 0.04624534344160512,
      "incr_op_margin_yoy": -0.022933011466505733,
      "rev_growth_yoy": -0.0071678230927620995,
      "rev_growth_yoy_accel": -0.05747277508983385,
      "fcf_margin_change": 0.08796449495064931
    },
    {
      "date": "2024-03-31T00:00:00",
      "quarter_label": "2024-03 (Q1)",
      "revenue": 239157000,
      "gross_profit": 48357000,
      "operating_income": 331000,
      "net_income": -6126000,
      "opex": 48026000,
      "cogs": 190800000,
      "rd": 17603000,
      "sga": 30423000,
      "fcf": 9109000,
      "ocf": 9109000,
      "capex": null,
      "gross_margin": 0.2021977194897076,
      "op_margin": 0.0013840280652458426,
      "fcf_margin": 0.03808795059312502,
      "incr_op_margin_yoy": -2.011070110701107,
      "rev_growth_yoy": -0.008983735626230187,
      "rev_growth_yoy_accel": -0.0018159125334680877,
      "op_leverage_ratio": 0.195157644061845,
      "fcf_margin_change": -0.008157392848480105
    },
    {
      "date": "2024-06-30T00:00:00",
      "quarter_label": "2024-06 (Q2)",
      "revenue": 237059000,
      "gross_profit": 53740000,
      "operating_income": 3407000,
      "net_income": 2786000,
      "opex": 50333000,
      "cogs": 183319000,
      "rd": 18457000,
      "sga": 31876000,
      "fcf": 8653000,
      "ocf": 8653000,
      "capex": null,
      "gross_margin": 0.22669462032658536,
      "op_margin": 0.014371949599044963,
      "fcf_margin": 0.036501461661442934,
      "incr_op_margin_yoy": 0.031053604436229204,
      "rev_growth_yoy": -0.1115196354014407,
      "rev_growth_yoy_accel": -0.10253589977521052,
      "fcf_margin_change": -0.0015864889316820827
    },
    {
      "date": "2024-09-30T00:00:00",
      "quarter_label": "2024-09 (Q3)",
      "revenue": 213831000,
      "gross_profit": 44491000,
      "operating_income": 315000,
      "net_income": -7070000,
      "opex": 44176000,
      "cogs": 169340000,
      "rd": 17643000,
      "sga": 26533000,
      "fcf": 10755000,
      "ocf": 10755000,
      "capex": null,
      "gross_margin": 0.2080661831072202,
      "op_margin": 0.0014731259733153752,
      "fcf_margin": 0.05029672966033924,
      "incr_op_margin_yoy": 0.2546747215715284,
      "rev_growth_yoy": -0.1021690935657782,
      "rev_growth_yoy_accel": 0.009350541835662501,
      "fcf_margin_change": 0.013795267998896306
    },
    {
      "date": "2024-12-31T00:00:00",
      "quarter_label": "2024-12 (Q4)",
      "revenue": 218248000,
      "gross_profit": 42665000,
      "operating_income": -4434000,
      "net_income": -6114000,
      "opex": 47099000,
      "cogs": 175583000,
      "rd": 18471000,
      "sga": 28628000,
      "fcf": 19231000,
      "ocf": 19231000,
      "capex": null,
      "gross_margin": 0.19548861845240278,
      "op_margin": -0.02031633737766211,
      "fcf_margin": 0.08811535500898061,
      "incr_op_margin_yoy": 0.9280198810686074,
      "rev_growth_yoy": -0.04909047338953881,
      "rev_growth_yoy_accel": 0.05307862017623939,
      "op_leverage_ratio": 0.3121866347452814,
      "fcf_margin_change": 0.037818625348641374
    },
    {
      "date": "2025-03-31T00:00:00",
      "quarter_label": "2025-03 (Q1)",
      "revenue": 217890000,
      "gross_profit": 46297000,
      "operating_income": -3225000,
      "net_income": -7196000,
      "opex": 49522000,
      "cogs": 171593000,
      "rd": 17826000,
      "sga": 31696000,
      "fcf": 10897000,
      "ocf": 10897000,
      "capex": null,
      "gross_margin": 0.2124787736931479,
      "op_margin": -0.01480104639955941,
      "fcf_margin": 0.050011473679379505,
      "incr_op_margin_yoy": 0.16720741054215452,
      "rev_growth_yoy": -0.08892484853046326,
      "rev_growth_yoy_accel": -0.039834375140924444,
      "fcf_margin_change": -0.03810388132960111
    },
    {
      "date": "2025-06-30T00:00:00",
      "quarter_label": "2025-06 (Q2)",
      "revenue": 227952000,
      "gross_profit": 48938000,
      "operating_income": -2601000,
      "net_income": -9359000,
      "opex": 51539000,
      "cogs": 179014000,
      "rd": 18704000,
      "sga": 32835000,
      "fcf": 10691000,
      "ocf": 10691000,
      "capex": null,
      "gross_margin": 0.21468554783463184,
      "op_margin": -0.011410296904611497,
      "fcf_margin": 0.04690022460868955,
      "incr_op_margin_yoy": 0.6597123092126935,
      "rev_growth_yoy": -0.038416596712210885,
      "rev_growth_yoy_accel": 0.05050825181825237,
      "op_leverage_ratio": 1.1338074118853847,
      "fcf_margin_change": -0.0031112490706899573
    },
    {
      "date": "2025-09-30T00:00:00",
      "quarter_label": "2025-09 (Q3)",
      "revenue": 210267000,
      "gross_profit": 42769000,
      "operating_income": -3279000,
      "net_income": -9371000,
      "opex": 46048000,
      "cogs": 167498000,
      "rd": 14454000,
      "sga": 31594000,
      "fcf": 3604000,
      "ocf": 3604000,
      "capex": null,
      "gross_margin": 0.20340329200492707,
      "op_margin": -0.015594458474225628,
      "fcf_margin": 0.017140112333366625,
      "incr_op_margin_yoy": 1.0084175084175084,
      "rev_growth_yoy": -0.01666736815522539,
      "rev_growth_yoy_accel": 0.021749228556985495,
      "fcf_margin_change": -0.029760112275322922
    }
  ],
  "signals": [
    {
      "quarter": "2025-06 (Q2)",
      "signal": "YoY REVENUE GROWTH ACCELERATION",
      "detail": "YoY growth: -3.8% vs prior quarter YoY: -8.9% (accel: +5.1%)",
      "severity": "MEDIUM"
    },
    {
      "quarter": "2024-12 (Q4)",
      "signal": "YoY REVENUE GROWTH ACCELERATION",
      "detail": "YoY growth: -4.9% vs prior quarter YoY: -10.2% (accel: +5.3%)",
      "severity": "MEDIUM"
    },
    {
      "quarter": "2024-09 (Q3)",
      "signal": "INCREMENTAL MARGIN (YoY)",
      "detail": "YoY Incr OPM: +25.5% vs year-ago OPM: +2.7%",
      "severity": "HIGH"
    },
    {
      "quarter": "2024-06 (Q2)",
      "signal": "YoY REVENUE GROWTH DECELERATION",
      "detail": "YoY growth: -11.2% vs prior quarter YoY: -0.9% (decel: -10.3%)",
      "severity": "WARNING"
    },
    {
      "quarter": "2024-03 (Q1)",
      "signal": "OP MARGIN TURNED POSITIVE (YoY)",
      "detail": "Op margin: -1.7% (year-ago) -> +0.1%",
      "severity": "HIGH"
    },
    {
      "quarter": "2023-12 (Q4)",
      "signal": "FCF TURNED POSITIVE",
      "detail": "FCF margin: -4.2% -> +4.6%",
      "severity": "HIGH"
    },
    {
      "quarter": "2023-12 (Q4)",
      "signal": "YoY REVENUE GROWTH DECELERATION",
      "detail": "YoY growth: -0.7% vs prior quarter YoY: +5.0% (decel: -5.7%)",
      "severity": "WARNING"
    },
    {
      "quarter": "2023-09 (Q3)",
      "signal": "YoY REVENUE GROWTH DECELERATION",
      "detail": "YoY growth: +5.0% vs prior quarter YoY: +20.8% (decel: -15.7%)",
      "severity": "WARNING"
    },
    {
      "quarter": "2023-06 (Q2)",
      "signal": "FCF MARGIN EXPANSION",
      "detail": "FCF margin: -7.5% -> -0.3% (+7.2%)",
      "severity": "MEDIUM"
    },
    {
      "quarter": "2023-06 (Q2)",
      "signal": "GROSS MARGIN INFLECTION",
      "detail": "GM: +19.7% -> +17.7% -> +22.7% (reversal +4.9%)",
      "severity": "MEDIUM"
    },
    {
      "quarter": "2023-06 (Q2)",
      "signal": "YoY REVENUE GROWTH ACCELERATION",
      "detail": "YoY growth: +20.8% vs prior quarter YoY: +9.2% (accel: +11.6%)",
      "severity": "MEDIUM"
    },
    {
      "quarter": "2023-06 (Q2)",
      "signal": "OP MARGIN TURNED POSITIVE (YoY)",
      "detail": "Op margin: -2.7% (year-ago) -> +1.6%",
      "severity": "HIGH"
    },
    {
      "quarter": "2023-06 (Q2)",
      "signal": "OP MARGIN TURNED POSITIVE (QoQ)",
      "detail": "Op margin: -1.7% -> +1.6%",
      "severity": "HIGH"
    },
    {
      "quarter": "2022-12 (Q4)",
      "signal": "FCF TURNED POSITIVE",
      "detail": "FCF margin: -5.7% -> +10.1%",
      "severity": "HIGH"
    },
    {
      "quarter": "2022-12 (Q4)",
      "signal": "YoY REVENUE GROWTH DECELERATION",
      "detail": "YoY growth: +13.5% vs prior quarter YoY: +24.8% (decel: -11.3%)",
      "severity": "WARNING"
    },
    {
      "quarter": "2022-12 (Q4)",
      "signal": "OP MARGIN TURNED POSITIVE (YoY)",
      "detail": "Op margin: -2.2% (year-ago) -> +2.6%",
      "severity": "HIGH"
    },
    {
      "quarter": "2022-09 (Q3)",
      "signal": "GROSS MARGIN INFLECTION",
      "detail": "GM: +18.7% -> +17.5% -> +21.8% (reversal +4.3%)",
      "severity": "MEDIUM"
    },
    {
      "quarter": "2022-09 (Q3)",
      "signal": "YoY REVENUE GROWTH ACCELERATION",
      "detail": "YoY growth: +24.8% vs prior quarter YoY: +15.5% (accel: +9.3%)",
      "severity": "MEDIUM"
    },
    {
      "quarter": "2022-09 (Q3)",
      "signal": "OP MARGIN TURNED POSITIVE (YoY)",
      "detail": "Op margin: -4.9% (year-ago) -> +2.6%",
      "severity": "HIGH"
    },
    {
      "quarter": "2022-09 (Q3)",
      "signal": "OP MARGIN TURNED POSITIVE (QoQ)",
      "detail": "Op margin: -2.7% -> +2.6%",
      "severity": "HIGH"
    },
    {
      "quarter": "2022-06 (Q2)",
      "signal": "FCF MARGIN EXPANSION",
      "detail": "FCF margin: -12.3% -> -1.7% (+10.6%)",
      "severity": "MEDIUM"
    },
    {
      "quarter": "2022-03 (Q1)",
      "signal": "YoY REVENUE GROWTH ACCELERATION",
      "detail": "YoY growth: +14.1% vs prior quarter YoY: +7.3% (accel: +6.7%)",
      "severity": "MEDIUM"
    },
    {
      "quarter": "2021-12 (Q4)",
      "signal": "OPERATING LEVERAGE",
      "detail": "Rev growth +12.1% vs OpEx growth +3.1% (leverage: 3.9x)",
      "severity": "MEDIUM"
    },
    {
      "quarter": "2021-06 (Q2)",
      "signal": "FCF MARGIN EXPANSION",
      "detail": "FCF margin: -11.9% -> -5.4% (+6.5%)",
      "severity": "MEDIUM"
    },
    {
      "quarter": "2021-03 (Q1)",
      "signal": "OPERATING LEVERAGE",
      "detail": "Rev growth +2.1% vs OpEx growth +0.3% (leverage: 6.3x)",
      "severity": "MEDIUM"
    }
  ],
  "data_quality": {
    "n_quarters": 20,
    "coverage": {
      "revenue": [
        20,
        20
      ],
      "gross_profit": [
        20,
        20
      ],
      "op_income": [
        20,
        20
      ],
      "fcf": [
        20,
        20
      ]
    },
    "gaps": [],
    "warnings": []
  },
  "market_cap": null,
  "source": "SEC EDGAR",
  "last_updated": "2026-02-02T23:02:53.679445"
}