{
  "ticker": "SRRE",
  "name": "SUNRISE REAL ESTATE GROUP INC",
  "quarters": [
    {
      "date": "2020-12-31T00:00:00",
      "quarter_label": "2020-12 (Q4)",
      "revenue": 5089373,
      "gross_profit": 1430754,
      "operating_income": -21783512,
      "net_income": -23955156,
      "opex": 23214266,
      "cogs": 3658619,
      "rd": null,
      "sga": null,
      "fcf": -41455358,
      "ocf": -41384677,
      "capex": -70681,
      "gross_margin": 0.28112578897243334,
      "op_margin": -4.280195615452041,
      "fcf_margin": -8.145474501475919
    },
    {
      "date": "2021-03-31T00:00:00",
      "quarter_label": "2021-03 (Q1)",
      "revenue": 2361601,
      "gross_profit": 147517,
      "operating_income": -1744034,
      "net_income": -1395213,
      "opex": 1891551,
      "cogs": 2214084,
      "rd": null,
      "sga": null,
      "fcf": -4523943,
      "ocf": -4523943,
      "capex": null,
      "gross_margin": 0.0624648278858283,
      "op_margin": -0.7384964691325927,
      "fcf_margin": -1.9156254591694364,
      "fcf_margin_change": 6.2298490423064825
    },
    {
      "date": "2021-06-30T00:00:00",
      "quarter_label": "2021-06 (Q2)",
      "revenue": 5912564,
      "gross_profit": 783135,
      "operating_income": -778798,
      "net_income": 32305009,
      "opex": 1561933,
      "cogs": 5129429,
      "rd": null,
      "sga": null,
      "fcf": -46591415,
      "ocf": -46562271,
      "capex": -29144,
      "gross_margin": 0.13245268888421335,
      "op_margin": -0.1317191661688567,
      "fcf_margin": -7.880069458867591,
      "op_leverage_ratio": Infinity,
      "fcf_margin_change": -5.964443999698155
    },
    {
      "date": "2021-09-30T00:00:00",
      "quarter_label": "2021-09 (Q3)",
      "revenue": 5597194,
      "gross_profit": 1416653,
      "operating_income": -260062,
      "net_income": -1348961,
      "opex": 1676715,
      "cogs": 4180541,
      "rd": null,
      "sga": null,
      "fcf": 31848839,
      "ocf": 31848994,
      "capex": -155,
      "gross_margin": 0.25310057146491616,
      "op_margin": -0.0464629241008977,
      "fcf_margin": 5.69014384707766,
      "fcf_margin_change": 13.570213305945252
    },
    {
      "date": "2021-12-31T00:00:00",
      "quarter_label": "2021-12 (Q4)",
      "revenue": 39844656,
      "gross_profit": 10517137,
      "operating_income": 9144284,
      "net_income": 5616727,
      "opex": 1372853,
      "cogs": 29327519,
      "rd": null,
      "sga": null,
      "fcf": 114700,
      "ocf": 194448,
      "capex": -79748,
      "gross_margin": 0.2639535148703505,
      "op_margin": 0.22949837990821154,
      "fcf_margin": 0.0028786796402508782,
      "incr_op_margin_yoy": 0.8898732316465384,
      "rev_growth_yoy": 6.8289911154085186,
      "op_leverage_ratio": Infinity,
      "fcf_margin_change": -5.68726516743741
    },
    {
      "date": "2022-03-31T00:00:00",
      "quarter_label": "2022-03 (Q1)",
      "revenue": 10822398,
      "gross_profit": 559018,
      "operating_income": -1974845,
      "net_income": -1800406,
      "opex": 2533863,
      "cogs": 10263380,
      "rd": null,
      "sga": null,
      "fcf": -16200278,
      "ocf": -16040238,
      "capex": -160040,
      "gross_margin": 0.05165380168055176,
      "op_margin": -0.18247758029227903,
      "fcf_margin": -1.496921292305088,
      "incr_op_margin_yoy": -0.02728005411310542,
      "rev_growth_yoy": 3.5826530391882456,
      "rev_growth_yoy_accel": -3.246338076220273,
      "fcf_margin_change": -1.499799971945339
    },
    {
      "date": "2022-06-30T00:00:00",
      "quarter_label": "2022-06 (Q2)",
      "revenue": 34639531,
      "gross_profit": 4554272,
      "operating_income": 4444719,
      "net_income": 1418856,
      "opex": 109553,
      "cogs": 30085259,
      "rd": null,
      "sga": null,
      "fcf": -8175308,
      "ocf": -8250182,
      "capex": 74874,
      "gross_margin": 0.1314761449859122,
      "op_margin": 0.1283134866924151,
      "fcf_margin": -0.2360109321341562,
      "incr_op_margin_yoy": 0.18183322311749792,
      "rev_growth_yoy": 4.858631043993773,
      "rev_growth_yoy_accel": 1.2759780048055274,
      "op_leverage_ratio": Infinity,
      "fcf_margin_change": 1.260910360170932
    },
    {
      "date": "2022-09-30T00:00:00",
      "quarter_label": "2022-09 (Q3)",
      "revenue": 22343689,
      "gross_profit": 3039921,
      "operating_income": 1716437,
      "net_income": -508420,
      "opex": 1323484,
      "cogs": 19303768,
      "rd": null,
      "sga": null,
      "fcf": 21779559,
      "ocf": 21887061,
      "capex": -107502,
      "gross_margin": 0.1360527798252115,
      "op_margin": 0.07681976776529606,
      "fcf_margin": 0.974752154847841,
      "incr_op_margin_yoy": 0.11802463739427266,
      "rev_growth_yoy": 2.991944713726199,
      "rev_growth_yoy_accel": -1.8666863302675738,
      "fcf_margin_change": 1.2107630869819972
    },
    {
      "date": "2022-12-31T00:00:00",
      "quarter_label": "2022-12 (Q4)",
      "revenue": 10912440,
      "gross_profit": 1182633,
      "operating_income": -6279421,
      "net_income": -7468113,
      "opex": 7462054,
      "cogs": 9729807,
      "rd": null,
      "sga": null,
      "fcf": -10769029,
      "ocf": -10771549,
      "capex": 2520,
      "gross_margin": 0.10837475395053718,
      "op_margin": -0.5754369325283805,
      "fcf_margin": -0.9868580262526071,
      "incr_op_margin_yoy": 0.5330979486673264,
      "rev_growth_yoy": -0.7261253805278178,
      "rev_growth_yoy_accel": -3.718070094254017,
      "fcf_margin_change": -1.961610181100448
    },
    {
      "date": "2023-03-31T00:00:00",
      "quarter_label": "2023-03 (Q1)",
      "revenue": 5733762,
      "gross_profit": 553212,
      "operating_income": -709125,
      "net_income": -1651326,
      "opex": 1262337,
      "cogs": 5180550,
      "rd": null,
      "sga": null,
      "fcf": 2658404,
      "ocf": 2660805,
      "capex": -2401,
      "gross_margin": 0.09648325131039621,
      "op_margin": -0.12367534613400416,
      "fcf_margin": 0.46364045106860036,
      "incr_op_margin_yoy": -0.24873463144151006,
      "rev_growth_yoy": -0.47019486808746086,
      "rev_growth_yoy_accel": 0.25593051244035697,
      "fcf_margin_change": 1.4504984773212075
    },
    {
      "date": "2023-06-30T00:00:00",
      "quarter_label": "2023-06 (Q2)",
      "revenue": 7042904,
      "gross_profit": 1086519,
      "operating_income": -132335,
      "net_income": 341995,
      "opex": 1218854,
      "cogs": 5956385,
      "rd": null,
      "sga": null,
      "fcf": -13214140,
      "ocf": -13212377,
      "capex": -1763,
      "gross_margin": 0.1542714482548676,
      "op_margin": -0.01878983442057424,
      "fcf_margin": -1.8762345759646872,
      "incr_op_margin_yoy": 0.16585555908698552,
      "rev_growth_yoy": -0.7966801571303029,
      "rev_growth_yoy_accel": -0.3264852890428421,
      "op_leverage_ratio": Infinity,
      "fcf_margin_change": -2.3398750270332878
    },
    {
      "date": "2023-09-30T00:00:00",
      "quarter_label": "2023-09 (Q3)",
      "revenue": 5396884,
      "gross_profit": 741481,
      "operating_income": -482702,
      "net_income": -906518,
      "opex": 1224183,
      "cogs": 4655403,
      "rd": null,
      "sga": null,
      "fcf": -3012767,
      "ocf": -3011444,
      "capex": -1323,
      "gross_margin": 0.1373905757470422,
      "op_margin": -0.08944086995384744,
      "fcf_margin": -0.5582419410904514,
      "incr_op_margin_yoy": 0.1297671744024906,
      "rev_growth_yoy": -0.7584604762445449,
      "rev_growth_yoy_accel": 0.038219680885758,
      "fcf_margin_change": 1.3179926348742357
    },
    {
      "date": "2023-12-31T00:00:00",
      "quarter_label": "2023-12 (Q4)",
      "revenue": 6660313,
      "gross_profit": 2563171,
      "operating_income": 710220,
      "net_income": -7915050,
      "opex": 1852951,
      "cogs": 4097142,
      "rd": null,
      "sga": null,
      "fcf": 9503817,
      "ocf": 9504362,
      "capex": -545,
      "gross_margin": 0.38484242407226205,
      "op_margin": 0.10663462813234152,
      "fcf_margin": 1.4269324880076957,
      "incr_op_margin_yoy": -1.6437987388429367,
      "rev_growth_yoy": -0.3896586831176162,
      "rev_growth_yoy_accel": 0.36880179312692873,
      "op_leverage_ratio": 0.4557888229210603,
      "fcf_margin_change": 1.985174429098147
    },
    {
      "date": "2024-03-31T00:00:00",
      "quarter_label": "2024-03 (Q1)",
      "revenue": 1899714,
      "gross_profit": -7132,
      "operating_income": -1015804,
      "net_income": -4798689,
      "opex": 1008672,
      "cogs": 1906846,
      "rd": null,
      "sga": null,
      "fcf": -3515829,
      "ocf": -3515519,
      "capex": -310,
      "gross_margin": -0.0037542493238455895,
      "op_margin": -0.534714172764953,
      "fcf_margin": -1.8507148970845084,
      "incr_op_margin_yoy": 0.07998830478908976,
      "rev_growth_yoy": -0.6686793068843806,
      "rev_growth_yoy_accel": -0.2790206237667644,
      "fcf_margin_change": -3.2776473850922043
    },
    {
      "date": "2024-06-30T00:00:00",
      "quarter_label": "2024-06 (Q2)",
      "revenue": 4448410,
      "gross_profit": 689029,
      "operating_income": -349209,
      "net_income": -3599909,
      "opex": 1038238,
      "cogs": 3759381,
      "rd": null,
      "sga": null,
      "fcf": -639271,
      "ocf": -621956,
      "capex": -17315,
      "gross_margin": 0.15489332143395057,
      "op_margin": -0.07850198160691123,
      "fcf_margin": -0.14370775175849348,
      "incr_op_margin_yoy": 0.08359009502430917,
      "rev_growth_yoy": -0.36838412109550267,
      "rev_growth_yoy_accel": 0.3002951857888779,
      "op_leverage_ratio": 45.77066336449492,
      "fcf_margin_change": 1.707007145326015
    },
    {
      "date": "2024-09-30T00:00:00",
      "quarter_label": "2024-09 (Q3)",
      "revenue": 7221619,
      "gross_profit": 1515856,
      "operating_income": 749180,
      "net_income": 3130042,
      "opex": 766676,
      "cogs": 5705763,
      "rd": null,
      "sga": null,
      "fcf": -1004217,
      "ocf": -1004218,
      "capex": 1,
      "gross_margin": 0.20990528578148474,
      "op_margin": 0.10374128017553959,
      "fcf_margin": -0.13905704524151719,
      "incr_op_margin_yoy": 0.6751018641062949,
      "rev_growth_yoy": 0.3381089902988465,
      "rev_growth_yoy_accel": 0.7064931113943491,
      "op_leverage_ratio": Infinity,
      "fcf_margin_change": 0.0046507065169762996
    },
    {
      "date": "2024-12-31T00:00:00",
      "quarter_label": "2024-12 (Q4)",
      "revenue": 2039092,
      "gross_profit": -84199,
      "operating_income": -1513200,
      "net_income": -4574305,
      "opex": 1429001,
      "cogs": 2123291,
      "rd": null,
      "sga": null,
      "fcf": 959917,
      "ocf": 961009,
      "capex": -1092,
      "gross_margin": -0.04129239877357176,
      "op_margin": -0.7420950109166237,
      "fcf_margin": 0.4707570820737858,
      "incr_op_margin_yoy": 0.48113258379116686,
      "rev_growth_yoy": -0.6938444184229781,
      "rev_growth_yoy_accel": -1.0319534087218245,
      "fcf_margin_change": 0.609814127315303
    },
    {
      "date": "2025-03-31T00:00:00",
      "quarter_label": "2025-03 (Q1)",
      "revenue": 9787786,
      "gross_profit": -101138,
      "operating_income": -1055549,
      "net_income": -914614,
      "opex": 954411,
      "cogs": 9888924,
      "rd": null,
      "sga": null,
      "fcf": -7381207,
      "ocf": -7381207,
      "capex": null,
      "gross_margin": -0.010333082476466077,
      "op_margin": -0.10784348983518847,
      "fcf_margin": -0.7541242728437259,
      "incr_op_margin_yoy": -0.005038620337136882,
      "rev_growth_yoy": 4.152241863775284,
      "rev_growth_yoy_accel": 4.846086282198263,
      "op_leverage_ratio": Infinity,
      "fcf_margin_change": -1.2248813549175117
    },
    {
      "date": "2025-06-30T00:00:00",
      "quarter_label": "2025-06 (Q2)",
      "revenue": 1642693,
      "gross_profit": 1019316,
      "operating_income": -151763,
      "net_income": 1821631,
      "opex": 1171079,
      "cogs": 623377,
      "rd": null,
      "sga": null,
      "fcf": 556122,
      "ocf": 556122,
      "capex": null,
      "gross_margin": 0.6205152149549551,
      "op_margin": -0.09238670889813252,
      "fcf_margin": 0.33854286832658326,
      "incr_op_margin_yoy": -0.07037274251109431,
      "rev_growth_yoy": -0.630723561901893,
      "rev_growth_yoy_accel": -4.782965425677177,
      "fcf_margin_change": 1.092667141170309
    },
    {
      "date": "2025-09-30T00:00:00",
      "quarter_label": "2025-09 (Q3)",
      "revenue": 926862,
      "gross_profit": -75446,
      "operating_income": -1136192,
      "net_income": 4800925,
      "opex": 1060746,
      "cogs": 1002308,
      "rd": null,
      "sga": null,
      "fcf": 3912201,
      "ocf": 3912201,
      "capex": null,
      "gross_margin": -0.08139938847422809,
      "op_margin": -1.2258480766284516,
      "fcf_margin": 4.22090990891848,
      "incr_op_margin_yoy": 0.29951465958098145,
      "rev_growth_yoy": -0.8716545417308778,
      "rev_growth_yoy_accel": -0.2409309798289847,
      "fcf_margin_change": 3.8823670405918964
    }
  ],
  "signals": [
    {
      "quarter": "2025-09 (Q3)",
      "signal": "FCF MARGIN EXPANSION",
      "detail": "FCF margin: +33.9% -> +422.1% (+388.2%)",
      "severity": "MEDIUM"
    },
    {
      "quarter": "2025-09 (Q3)",
      "signal": "YoY REVENUE GROWTH DECELERATION",
      "detail": "YoY growth: -87.2% vs prior quarter YoY: -63.1% (decel: -24.1%)",
      "severity": "WARNING"
    },
    {
      "quarter": "2025-06 (Q2)",
      "signal": "FCF TURNED POSITIVE",
      "detail": "FCF margin: -75.4% -> +33.9%",
      "severity": "HIGH"
    },
    {
      "quarter": "2025-06 (Q2)",
      "signal": "YoY REVENUE GROWTH DECELERATION",
      "detail": "YoY growth: -63.1% vs prior quarter YoY: +415.2% (decel: -478.3%)",
      "severity": "WARNING"
    },
    {
      "quarter": "2025-03 (Q1)",
      "signal": "GROSS MARGIN INFLECTION",
      "detail": "GM: +21.0% -> -4.1% -> -1.0% (reversal +3.1%)",
      "severity": "MEDIUM"
    },
    {
      "quarter": "2025-03 (Q1)",
      "signal": "YoY REVENUE GROWTH ACCELERATION",
      "detail": "YoY growth: +415.2% vs prior quarter YoY: -69.4% (accel: +484.6%)",
      "severity": "HIGH"
    },
    {
      "quarter": "2024-12 (Q4)",
      "signal": "FCF TURNED POSITIVE",
      "detail": "FCF margin: -13.9% -> +47.1%",
      "severity": "HIGH"
    },
    {
      "quarter": "2024-12 (Q4)",
      "signal": "YoY REVENUE GROWTH DECELERATION",
      "detail": "YoY growth: -69.4% vs prior quarter YoY: +33.8% (decel: -103.2%)",
      "severity": "WARNING"
    },
    {
      "quarter": "2024-09 (Q3)",
      "signal": "YoY REVENUE GROWTH ACCELERATION",
      "detail": "YoY growth: +33.8% vs prior quarter YoY: -36.8% (accel: +70.6%)",
      "severity": "HIGH"
    },
    {
      "quarter": "2024-09 (Q3)",
      "signal": "OP MARGIN TURNED POSITIVE (YoY)",
      "detail": "Op margin: -8.9% (year-ago) -> +10.4%",
      "severity": "HIGH"
    },
    {
      "quarter": "2024-09 (Q3)",
      "signal": "OP MARGIN TURNED POSITIVE (QoQ)",
      "detail": "Op margin: -7.9% -> +10.4%",
      "severity": "HIGH"
    },
    {
      "quarter": "2024-06 (Q2)",
      "signal": "FCF MARGIN EXPANSION",
      "detail": "FCF margin: -185.1% -> -14.4% (+170.7%)",
      "severity": "MEDIUM"
    },
    {
      "quarter": "2024-06 (Q2)",
      "signal": "OPERATING LEVERAGE",
      "detail": "Rev growth +134.2% vs OpEx growth +2.9% (leverage: 45.8x)",
      "severity": "MEDIUM"
    },
    {
      "quarter": "2024-06 (Q2)",
      "signal": "GROSS MARGIN INFLECTION",
      "detail": "GM: +38.5% -> -0.4% -> +15.5% (reversal +15.9%)",
      "severity": "HIGH"
    },
    {
      "quarter": "2024-06 (Q2)",
      "signal": "YoY REVENUE GROWTH ACCELERATION",
      "detail": "YoY growth: -36.8% vs prior quarter YoY: -66.9% (accel: +30.0%)",
      "severity": "HIGH"
    },
    {
      "quarter": "2024-03 (Q1)",
      "signal": "YoY REVENUE GROWTH DECELERATION",
      "detail": "YoY growth: -66.9% vs prior quarter YoY: -39.0% (decel: -27.9%)",
      "severity": "WARNING"
    },
    {
      "quarter": "2023-12 (Q4)",
      "signal": "FCF TURNED POSITIVE",
      "detail": "FCF margin: -55.8% -> +142.7%",
      "severity": "HIGH"
    },
    {
      "quarter": "2023-12 (Q4)",
      "signal": "GROSS MARGIN INFLECTION",
      "detail": "GM: +15.4% -> +13.7% -> +38.5% (reversal +24.7%)",
      "severity": "HIGH"
    },
    {
      "quarter": "2023-12 (Q4)",
      "signal": "YoY REVENUE GROWTH ACCELERATION",
      "detail": "YoY growth: -39.0% vs prior quarter YoY: -75.8% (accel: +36.9%)",
      "severity": "HIGH"
    },
    {
      "quarter": "2023-12 (Q4)",
      "signal": "OP MARGIN TURNED POSITIVE (YoY)",
      "detail": "Op margin: -57.5% (year-ago) -> +10.7%",
      "severity": "HIGH"
    },
    {
      "quarter": "2023-12 (Q4)",
      "signal": "OP MARGIN TURNED POSITIVE (QoQ)",
      "detail": "Op margin: -8.9% -> +10.7%",
      "severity": "HIGH"
    },
    {
      "quarter": "2023-09 (Q3)",
      "signal": "FCF MARGIN EXPANSION",
      "detail": "FCF margin: -187.6% -> -55.8% (+131.8%)",
      "severity": "MEDIUM"
    },
    {
      "quarter": "2023-06 (Q2)",
      "signal": "GROSS MARGIN INFLECTION",
      "detail": "GM: +10.8% -> +9.6% -> +15.4% (reversal +5.8%)",
      "severity": "HIGH"
    },
    {
      "quarter": "2023-06 (Q2)",
      "signal": "YoY REVENUE GROWTH DECELERATION",
      "detail": "YoY growth: -79.7% vs prior quarter YoY: -47.0% (decel: -32.6%)",
      "severity": "WARNING"
    },
    {
      "quarter": "2023-03 (Q1)",
      "signal": "FCF TURNED POSITIVE",
      "detail": "FCF margin: -98.7% -> +46.4%",
      "severity": "HIGH"
    },
    {
      "quarter": "2023-03 (Q1)",
      "signal": "YoY REVENUE GROWTH ACCELERATION",
      "detail": "YoY growth: -47.0% vs prior quarter YoY: -72.6% (accel: +25.6%)",
      "severity": "HIGH"
    },
    {
      "quarter": "2022-12 (Q4)",
      "signal": "YoY REVENUE GROWTH DECELERATION",
      "detail": "YoY growth: -72.6% vs prior quarter YoY: +299.2% (decel: -371.8%)",
      "severity": "WARNING"
    },
    {
      "quarter": "2022-09 (Q3)",
      "signal": "FCF TURNED POSITIVE",
      "detail": "FCF margin: -23.6% -> +97.5%",
      "severity": "HIGH"
    },
    {
      "quarter": "2022-09 (Q3)",
      "signal": "YoY REVENUE GROWTH DECELERATION",
      "detail": "YoY growth: +299.2% vs prior quarter YoY: +485.9% (decel: -186.7%)",
      "severity": "WARNING"
    },
    {
      "quarter": "2022-09 (Q3)",
      "signal": "OP MARGIN TURNED POSITIVE (YoY)",
      "detail": "Op margin: -4.6% (year-ago) -> +7.7%",
      "severity": "HIGH"
    },
    {
      "quarter": "2022-06 (Q2)",
      "signal": "FCF MARGIN EXPANSION",
      "detail": "FCF margin: -149.7% -> -23.6% (+126.1%)",
      "severity": "MEDIUM"
    },
    {
      "quarter": "2022-06 (Q2)",
      "signal": "GROSS MARGIN INFLECTION",
      "detail": "GM: +26.4% -> +5.2% -> +13.1% (reversal +8.0%)",
      "severity": "HIGH"
    },
    {
      "quarter": "2022-06 (Q2)",
      "signal": "YoY REVENUE GROWTH ACCELERATION",
      "detail": "YoY growth: +485.9% vs prior quarter YoY: +358.3% (accel: +127.6%)",
      "severity": "HIGH"
    },
    {
      "quarter": "2022-06 (Q2)",
      "signal": "OP MARGIN TURNED POSITIVE (YoY)",
      "detail": "Op margin: -13.2% (year-ago) -> +12.8%",
      "severity": "HIGH"
    },
    {
      "quarter": "2022-06 (Q2)",
      "signal": "OP MARGIN TURNED POSITIVE (QoQ)",
      "detail": "Op margin: -18.2% -> +12.8%",
      "severity": "HIGH"
    },
    {
      "quarter": "2022-03 (Q1)",
      "signal": "YoY REVENUE GROWTH DECELERATION",
      "detail": "YoY growth: +358.3% vs prior quarter YoY: +682.9% (decel: -324.6%)",
      "severity": "WARNING"
    },
    {
      "quarter": "2021-12 (Q4)",
      "signal": "OP MARGIN TURNED POSITIVE (YoY)",
      "detail": "Op margin: -428.0% (year-ago) -> +22.9%",
      "severity": "HIGH"
    },
    {
      "quarter": "2021-12 (Q4)",
      "signal": "OP MARGIN TURNED POSITIVE (QoQ)",
      "detail": "Op margin: -4.6% -> +22.9%",
      "severity": "HIGH"
    },
    {
      "quarter": "2021-09 (Q3)",
      "signal": "FCF TURNED POSITIVE",
      "detail": "FCF margin: -788.0% -> +569.0%",
      "severity": "HIGH"
    },
    {
      "quarter": "2021-06 (Q2)",
      "signal": "GROSS MARGIN INFLECTION",
      "detail": "GM: +28.1% -> +6.2% -> +13.2% (reversal +7.0%)",
      "severity": "HIGH"
    },
    {
      "quarter": "2021-03 (Q1)",
      "signal": "FCF MARGIN EXPANSION",
      "detail": "FCF margin: -814.5% -> -191.6% (+623.0%)",
      "severity": "MEDIUM"
    }
  ],
  "data_quality": {
    "n_quarters": 20,
    "coverage": {
      "revenue": [
        20,
        20
      ],
      "gross_profit": [
        20,
        20
      ],
      "op_income": [
        20,
        20
      ],
      "fcf": [
        20,
        20
      ]
    },
    "gaps": [],
    "warnings": []
  },
  "market_cap": null,
  "source": "SEC EDGAR",
  "last_updated": "2026-02-03T00:12:30.562972"
}