{
  "ticker": "SRTA",
  "name": "STRATA CRITICAL MEDICAL, INC.",
  "quarters": [
    {
      "date": "2020-12-31T00:00:00",
      "quarter_label": "2020-12 (Q4)",
      "revenue": 7986000,
      "gross_profit": 1619000,
      "operating_income": -2368000,
      "net_income": -2361000,
      "opex": 10354000,
      "cogs": 6367000,
      "rd": null,
      "sga": null,
      "fcf": -35000,
      "ocf": -2000,
      "capex": -33000,
      "gross_margin": 0.2027297771099424,
      "op_margin": -0.29651890808915604,
      "fcf_margin": -0.0043826696719258705
    },
    {
      "date": "2021-03-31T00:00:00",
      "quarter_label": "2021-03 (Q1)",
      "revenue": 9273000,
      "gross_profit": 1476000,
      "operating_income": -235113,
      "net_income": -1080978,
      "opex": 235113,
      "cogs": 7797000,
      "rd": null,
      "sga": null,
      "fcf": -658000,
      "ocf": -605000,
      "capex": -53000,
      "gross_margin": 0.1591717890650275,
      "op_margin": -0.025354577806535102,
      "fcf_margin": -0.07095869729321687,
      "op_leverage_ratio": Infinity,
      "fcf_margin_change": -0.066576027621291
    },
    {
      "date": "2021-06-30T00:00:00",
      "quarter_label": "2021-06 (Q2)",
      "revenue": 12951000,
      "gross_profit": 2975000,
      "operating_income": -7771000,
      "net_income": -24286000,
      "opex": 20722000,
      "cogs": 9976000,
      "rd": null,
      "sga": 790000,
      "fcf": -9362000,
      "ocf": -9218000,
      "capex": -144000,
      "gross_margin": 0.22971199135201914,
      "op_margin": -0.600030885645896,
      "fcf_margin": -0.7228785421975137,
      "op_leverage_ratio": 0.004551893958922901,
      "fcf_margin_change": -0.6519198449042968
    },
    {
      "date": "2021-09-30T00:00:00",
      "quarter_label": "2021-09 (Q3)",
      "revenue": 20316000,
      "gross_profit": 4461000,
      "operating_income": -9729000,
      "net_income": -9184000,
      "opex": 30045000,
      "cogs": 15855000,
      "rd": null,
      "sga": null,
      "fcf": -5858000,
      "ocf": -5791000,
      "capex": -67000,
      "gross_margin": 0.21958062610750148,
      "op_margin": -0.478883638511518,
      "fcf_margin": -0.28834416223666076,
      "op_leverage_ratio": 1.2639952239388634,
      "fcf_margin_change": 0.4345343799608529
    },
    {
      "date": "2021-12-31T00:00:00",
      "quarter_label": "2021-12 (Q4)",
      "revenue": 24618000,
      "gross_profit": 3980000,
      "operating_income": -10536000,
      "net_income": 772000,
      "opex": -8981000,
      "cogs": 20638000,
      "rd": null,
      "sga": null,
      "fcf": -6240000,
      "ocf": -6016000,
      "capex": -224000,
      "gross_margin": 0.16167032252823138,
      "op_margin": -0.42797952717523763,
      "fcf_margin": -0.25347306848647333,
      "incr_op_margin_yoy": -0.4911014911014911,
      "rev_growth_yoy": 2.0826446280991737,
      "op_leverage_ratio": Infinity,
      "fcf_margin_change": 0.03487109375018743
    },
    {
      "date": "2022-03-31T00:00:00",
      "quarter_label": "2022-03 (Q1)",
      "revenue": 26630000,
      "gross_profit": 2923000,
      "operating_income": -13690000,
      "net_income": -11012000,
      "opex": -8696000,
      "cogs": 23707000,
      "rd": null,
      "sga": null,
      "fcf": -10502000,
      "ocf": -10065000,
      "capex": -437000,
      "gross_margin": 0.10976342470897484,
      "op_margin": -0.5140818625610214,
      "fcf_margin": -0.39436725497559144,
      "incr_op_margin_yoy": -0.775185055021029,
      "rev_growth_yoy": 1.87177828103095,
      "rev_growth_yoy_accel": -0.21086634706822371,
      "op_leverage_ratio": Infinity,
      "fcf_margin_change": -0.1408941864891181
    },
    {
      "date": "2022-06-30T00:00:00",
      "quarter_label": "2022-06 (Q2)",
      "revenue": 35633000,
      "gross_profit": 5111000,
      "operating_income": -9733000,
      "net_income": 8412000,
      "opex": -8101000,
      "cogs": 30522000,
      "rd": null,
      "sga": null,
      "fcf": -11799000,
      "ocf": -11610000,
      "capex": -189000,
      "gross_margin": 0.14343445682373082,
      "op_margin": -0.2731456795666938,
      "fcf_margin": -0.33112564196110345,
      "incr_op_margin_yoy": -0.0865003086147606,
      "rev_growth_yoy": 1.7513705505366381,
      "rev_growth_yoy_accel": -0.12040773049431186,
      "op_leverage_ratio": Infinity,
      "fcf_margin_change": 0.063241613014488
    },
    {
      "date": "2022-09-30T00:00:00",
      "quarter_label": "2022-09 (Q3)",
      "revenue": 45722000,
      "gross_profit": 9266000,
      "operating_income": -10428000,
      "net_income": -9245000,
      "opex": -11011000,
      "cogs": 36456000,
      "rd": null,
      "sga": null,
      "fcf": -6444000,
      "ocf": -6351000,
      "capex": -93000,
      "gross_margin": 0.20265955120073487,
      "op_margin": -0.22807401251038886,
      "fcf_margin": -0.14093871659157517,
      "incr_op_margin_yoy": -0.027513185861607493,
      "rev_growth_yoy": 1.2505414451663712,
      "rev_growth_yoy_accel": -0.5008291053702669,
      "op_leverage_ratio": 0.7882089780670704,
      "fcf_margin_change": 0.19018692536952828
    },
    {
      "date": "2022-12-31T00:00:00",
      "quarter_label": "2022-12 (Q4)",
      "revenue": 38135000,
      "gross_profit": 4975000,
      "operating_income": -19678000,
      "net_income": -27260000,
      "opex": -8762000,
      "cogs": 33160000,
      "rd": null,
      "sga": null,
      "fcf": -9115000,
      "ocf": -9104000,
      "capex": -11000,
      "gross_margin": 0.13045758489576503,
      "op_margin": -0.5160089156942441,
      "fcf_margin": -0.2390192736331454,
      "incr_op_margin_yoy": -0.6763335059554635,
      "rev_growth_yoy": 0.5490697863352019,
      "rev_growth_yoy_accel": -0.7014716588311694,
      "fcf_margin_change": -0.09808055704157023
    },
    {
      "date": "2023-03-31T00:00:00",
      "quarter_label": "2023-03 (Q1)",
      "revenue": 45271000,
      "gross_profit": 7164000,
      "operating_income": -12827000,
      "net_income": -10192000,
      "opex": -9346000,
      "cogs": 38107000,
      "rd": null,
      "sga": null,
      "fcf": -17501000,
      "ocf": -16855000,
      "capex": -646000,
      "gross_margin": 0.15824700139161935,
      "op_margin": -0.28333811932583775,
      "fcf_margin": -0.3865830222438206,
      "incr_op_margin_yoy": 0.046295799581567515,
      "rev_growth_yoy": 0.7,
      "rev_growth_yoy_accel": 0.15093021366479809,
      "op_leverage_ratio": 2.807511167068687,
      "fcf_margin_change": -0.14756374861067517
    },
    {
      "date": "2023-06-30T00:00:00",
      "quarter_label": "2023-06 (Q2)",
      "revenue": 60989000,
      "gross_profit": 10369000,
      "operating_income": -12209000,
      "net_income": -12232000,
      "opex": -7875000,
      "cogs": 50620000,
      "rd": null,
      "sga": null,
      "fcf": -8941000,
      "ocf": -8197000,
      "capex": -744000,
      "gross_margin": 0.17001426486743512,
      "op_margin": -0.20018363967272787,
      "fcf_margin": -0.14660020659463183,
      "incr_op_margin_yoy": -0.0976494715254772,
      "rev_growth_yoy": 0.7115875733168692,
      "rev_growth_yoy_accel": 0.011587573316869215,
      "op_leverage_ratio": Infinity,
      "fcf_margin_change": 0.23998281564918875
    },
    {
      "date": "2023-09-30T00:00:00",
      "quarter_label": "2023-09 (Q3)",
      "revenue": 71442000,
      "gross_profit": 15579000,
      "operating_income": -7448000,
      "net_income": 289000,
      "opex": -8164000,
      "cogs": 55863000,
      "rd": null,
      "sga": null,
      "fcf": 1328000,
      "ocf": 2023000,
      "capex": -695000,
      "gross_margin": 0.2180650037792895,
      "op_margin": -0.10425240054869685,
      "fcf_margin": 0.018588505360992134,
      "incr_op_margin_yoy": 0.11586314152410575,
      "rev_growth_yoy": 0.5625300730501728,
      "rev_growth_yoy_accel": -0.1490575002666964,
      "op_leverage_ratio": 4.670271813154122,
      "fcf_margin_change": 0.16518871195562396
    },
    {
      "date": "2023-12-31T00:00:00",
      "quarter_label": "2023-12 (Q4)",
      "revenue": 47478000,
      "gross_profit": 9010000,
      "operating_income": -35633000,
      "net_income": -33941000,
      "opex": -7841000,
      "cogs": 38468000,
      "rd": null,
      "sga": null,
      "fcf": -9344000,
      "ocf": -9320000,
      "capex": -24000,
      "gross_margin": 0.18977210497493577,
      "op_margin": -0.7505160284763469,
      "fcf_margin": -0.19680694216268588,
      "incr_op_margin_yoy": -1.7076956009846944,
      "rev_growth_yoy": 0.24499803330274025,
      "rev_growth_yoy_accel": -0.3175320397474325,
      "fcf_margin_change": -0.215395447523678
    },
    {
      "date": "2024-03-31T00:00:00",
      "quarter_label": "2024-03 (Q1)",
      "revenue": 51514000,
      "gross_profit": 10139000,
      "operating_income": -9868000,
      "net_income": -4234000,
      "opex": 61382000,
      "cogs": 41375000,
      "rd": null,
      "sga": null,
      "fcf": -16367000,
      "ocf": -15551000,
      "capex": -816000,
      "gross_margin": 0.19682028186512404,
      "op_margin": -0.19155957603758203,
      "fcf_margin": -0.3177194549054626,
      "incr_op_margin_yoy": 0.4739708473490309,
      "rev_growth_yoy": 0.1379028517152261,
      "rev_growth_yoy_accel": -0.10709518158751416,
      "op_leverage_ratio": Infinity,
      "fcf_margin_change": -0.12091251274277673
    },
    {
      "date": "2024-06-30T00:00:00",
      "quarter_label": "2024-06 (Q2)",
      "revenue": 67945000,
      "gross_profit": 16354000,
      "operating_income": -12149000,
      "net_income": -11326000,
      "opex": 80094000,
      "cogs": 51591000,
      "rd": null,
      "sga": null,
      "fcf": -7734000,
      "ocf": 8429000,
      "capex": -16163000,
      "gross_margin": 0.24069467952020016,
      "op_margin": -0.1788063875193171,
      "fcf_margin": -0.1138273603650011,
      "incr_op_margin_yoy": 0.008625646923519264,
      "rev_growth_yoy": 0.11405335388348718,
      "rev_growth_yoy_accel": -0.02384949783173891,
      "op_leverage_ratio": 1.046308005230521,
      "fcf_margin_change": 0.2038920945404615
    },
    {
      "date": "2024-09-30T00:00:00",
      "quarter_label": "2024-09 (Q3)",
      "revenue": 74877000,
      "gross_profit": 19837000,
      "operating_income": -3537000,
      "net_income": -1954000,
      "opex": 78414000,
      "cogs": 55040000,
      "rd": null,
      "sga": null,
      "fcf": -2952000,
      "ocf": 6355000,
      "capex": -9307000,
      "gross_margin": 0.26492781494985107,
      "op_margin": -0.04723746944989783,
      "fcf_margin": -0.039424656436555953,
      "incr_op_margin_yoy": 1.1385735080058224,
      "rev_growth_yoy": 0.048080960779373474,
      "rev_growth_yoy_accel": -0.06597239310411371,
      "op_leverage_ratio": Infinity,
      "fcf_margin_change": 0.07440270392844514
    },
    {
      "date": "2024-12-31T00:00:00",
      "quarter_label": "2024-12 (Q4)",
      "revenue": 54357000,
      "gross_profit": 12589000,
      "operating_income": -8372000,
      "net_income": -9793000,
      "opex": 62729000,
      "cogs": 41768000,
      "rd": null,
      "sga": null,
      "fcf": -6341000,
      "ocf": -1752000,
      "capex": -4589000,
      "gross_margin": 0.23159850617215813,
      "op_margin": -0.15401880162628548,
      "fcf_margin": -0.11665470868517394,
      "incr_op_margin_yoy": 3.9629306585259485,
      "rev_growth_yoy": 0.14488815872614685,
      "rev_growth_yoy_accel": 0.09680719794677338,
      "fcf_margin_change": -0.07723005224861798
    },
    {
      "date": "2025-03-31T00:00:00",
      "quarter_label": "2025-03 (Q1)",
      "revenue": 54306000,
      "gross_profit": 11978000,
      "operating_income": -7583000,
      "net_income": -3493000,
      "opex": 61889000,
      "cogs": 42328000,
      "rd": null,
      "sga": null,
      "fcf": -2865000,
      "ocf": -246000,
      "capex": -2619000,
      "gross_margin": 0.22056494678304422,
      "op_margin": -0.13963466283651899,
      "fcf_margin": -0.05275660148049939,
      "incr_op_margin_yoy": 0.8184097421203438,
      "rev_growth_yoy": 0.05419885856272082,
      "rev_growth_yoy_accel": -0.09068930016342604,
      "fcf_margin_change": 0.06389810720467455
    },
    {
      "date": "2025-06-30T00:00:00",
      "quarter_label": "2025-06 (Q2)",
      "revenue": 70801000,
      "gross_profit": 17737000,
      "operating_income": -4954000,
      "net_income": -3743000,
      "opex": 75755000,
      "cogs": 53064000,
      "rd": null,
      "sga": null,
      "fcf": -5363000,
      "ocf": -3064000,
      "capex": -2299000,
      "gross_margin": 0.2505190604652477,
      "op_margin": -0.06997076312481462,
      "fcf_margin": -0.0757475176904281,
      "incr_op_margin_yoy": 2.5192577030812324,
      "rev_growth_yoy": 0.042033998086687764,
      "rev_growth_yoy_accel": -0.012164860476033053,
      "op_leverage_ratio": 1.355709920920841,
      "fcf_margin_change": -0.022990916209928713
    },
    {
      "date": "2025-09-30T00:00:00",
      "quarter_label": "2025-09 (Q3)",
      "revenue": 49298000,
      "gross_profit": 11614000,
      "operating_income": -5622000,
      "net_income": 57416000,
      "opex": 54920000,
      "cogs": 37684000,
      "rd": null,
      "sga": null,
      "fcf": -40126000,
      "ocf": -37297000,
      "capex": -2829000,
      "gross_margin": 0.23558765061462938,
      "op_margin": -0.11404113757150391,
      "fcf_margin": -0.8139478274980729,
      "incr_op_margin_yoy": 0.08151217795848156,
      "rev_growth_yoy": -0.3416135796038837,
      "rev_growth_yoy_accel": -0.3836475776905715,
      "fcf_margin_change": -0.7382003098076448
    }
  ],
  "signals": [
    {
      "quarter": "2025-09 (Q3)",
      "signal": "YoY REVENUE GROWTH DECELERATION",
      "detail": "YoY growth: -34.2% vs prior quarter YoY: +4.2% (decel: -38.4%)",
      "severity": "WARNING"
    },
    {
      "quarter": "2025-06 (Q2)",
      "signal": "GROSS MARGIN INFLECTION",
      "detail": "GM: +23.2% -> +22.1% -> +25.1% (reversal +3.0%)",
      "severity": "MEDIUM"
    },
    {
      "quarter": "2025-03 (Q1)",
      "signal": "FCF MARGIN EXPANSION",
      "detail": "FCF margin: -11.7% -> -5.3% (+6.4%)",
      "severity": "MEDIUM"
    },
    {
      "quarter": "2025-03 (Q1)",
      "signal": "YoY REVENUE GROWTH DECELERATION",
      "detail": "YoY growth: +5.4% vs prior quarter YoY: +14.5% (decel: -9.1%)",
      "severity": "WARNING"
    },
    {
      "quarter": "2024-12 (Q4)",
      "signal": "YoY REVENUE GROWTH ACCELERATION",
      "detail": "YoY growth: +14.5% vs prior quarter YoY: +4.8% (accel: +9.7%)",
      "severity": "MEDIUM"
    },
    {
      "quarter": "2024-09 (Q3)",
      "signal": "FCF MARGIN EXPANSION",
      "detail": "FCF margin: -11.4% -> -3.9% (+7.4%)",
      "severity": "MEDIUM"
    },
    {
      "quarter": "2024-09 (Q3)",
      "signal": "YoY REVENUE GROWTH DECELERATION",
      "detail": "YoY growth: +4.8% vs prior quarter YoY: +11.4% (decel: -6.6%)",
      "severity": "WARNING"
    },
    {
      "quarter": "2024-06 (Q2)",
      "signal": "FCF MARGIN EXPANSION",
      "detail": "FCF margin: -31.8% -> -11.4% (+20.4%)",
      "severity": "MEDIUM"
    },
    {
      "quarter": "2024-03 (Q1)",
      "signal": "YoY REVENUE GROWTH DECELERATION",
      "detail": "YoY growth: +13.8% vs prior quarter YoY: +24.5% (decel: -10.7%)",
      "severity": "WARNING"
    },
    {
      "quarter": "2023-12 (Q4)",
      "signal": "YoY REVENUE GROWTH DECELERATION",
      "detail": "YoY growth: +24.5% vs prior quarter YoY: +56.3% (decel: -31.8%)",
      "severity": "WARNING"
    },
    {
      "quarter": "2023-09 (Q3)",
      "signal": "FCF TURNED POSITIVE",
      "detail": "FCF margin: -14.7% -> +1.9%",
      "severity": "HIGH"
    },
    {
      "quarter": "2023-09 (Q3)",
      "signal": "OPERATING LEVERAGE",
      "detail": "Rev growth +17.1% vs OpEx growth +3.7% (leverage: 4.7x)",
      "severity": "MEDIUM"
    },
    {
      "quarter": "2023-09 (Q3)",
      "signal": "YoY REVENUE GROWTH DECELERATION",
      "detail": "YoY growth: +56.3% vs prior quarter YoY: +71.2% (decel: -14.9%)",
      "severity": "WARNING"
    },
    {
      "quarter": "2023-06 (Q2)",
      "signal": "FCF MARGIN EXPANSION",
      "detail": "FCF margin: -38.7% -> -14.7% (+24.0%)",
      "severity": "MEDIUM"
    },
    {
      "quarter": "2023-03 (Q1)",
      "signal": "OPERATING LEVERAGE",
      "detail": "Rev growth +18.7% vs OpEx growth +6.7% (leverage: 2.8x)",
      "severity": "MEDIUM"
    },
    {
      "quarter": "2023-03 (Q1)",
      "signal": "GROSS MARGIN INFLECTION",
      "detail": "GM: +20.3% -> +13.0% -> +15.8% (reversal +2.8%)",
      "severity": "MEDIUM"
    },
    {
      "quarter": "2023-03 (Q1)",
      "signal": "YoY REVENUE GROWTH ACCELERATION",
      "detail": "YoY growth: +70.0% vs prior quarter YoY: +54.9% (accel: +15.1%)",
      "severity": "HIGH"
    },
    {
      "quarter": "2022-12 (Q4)",
      "signal": "YoY REVENUE GROWTH DECELERATION",
      "detail": "YoY growth: +54.9% vs prior quarter YoY: +125.1% (decel: -70.1%)",
      "severity": "WARNING"
    },
    {
      "quarter": "2022-09 (Q3)",
      "signal": "FCF MARGIN EXPANSION",
      "detail": "FCF margin: -33.1% -> -14.1% (+19.0%)",
      "severity": "MEDIUM"
    },
    {
      "quarter": "2022-09 (Q3)",
      "signal": "YoY REVENUE GROWTH DECELERATION",
      "detail": "YoY growth: +125.1% vs prior quarter YoY: +175.1% (decel: -50.1%)",
      "severity": "WARNING"
    },
    {
      "quarter": "2022-06 (Q2)",
      "signal": "FCF MARGIN EXPANSION",
      "detail": "FCF margin: -39.4% -> -33.1% (+6.3%)",
      "severity": "MEDIUM"
    },
    {
      "quarter": "2022-06 (Q2)",
      "signal": "GROSS MARGIN INFLECTION",
      "detail": "GM: +16.2% -> +11.0% -> +14.3% (reversal +3.4%)",
      "severity": "MEDIUM"
    },
    {
      "quarter": "2022-06 (Q2)",
      "signal": "YoY REVENUE GROWTH DECELERATION",
      "detail": "YoY growth: +175.1% vs prior quarter YoY: +187.2% (decel: -12.0%)",
      "severity": "WARNING"
    },
    {
      "quarter": "2022-03 (Q1)",
      "signal": "YoY REVENUE GROWTH DECELERATION",
      "detail": "YoY growth: +187.2% vs prior quarter YoY: +208.3% (decel: -21.1%)",
      "severity": "WARNING"
    },
    {
      "quarter": "2021-09 (Q3)",
      "signal": "FCF MARGIN EXPANSION",
      "detail": "FCF margin: -72.3% -> -28.8% (+43.5%)",
      "severity": "MEDIUM"
    },
    {
      "quarter": "2021-06 (Q2)",
      "signal": "GROSS MARGIN INFLECTION",
      "detail": "GM: +20.3% -> +15.9% -> +23.0% (reversal +7.1%)",
      "severity": "HIGH"
    }
  ],
  "data_quality": {
    "n_quarters": 20,
    "coverage": {
      "revenue": [
        20,
        20
      ],
      "gross_profit": [
        20,
        20
      ],
      "op_income": [
        20,
        20
      ],
      "fcf": [
        20,
        20
      ]
    },
    "gaps": [],
    "warnings": []
  },
  "market_cap": null,
  "source": "SEC EDGAR",
  "last_updated": "2026-02-02T22:31:27.125101"
}