{
  "ticker": "SRTS",
  "name": "SENSUS HEALTHCARE, INC.",
  "quarters": [
    {
      "date": "2020-12-31T00:00:00",
      "quarter_label": "2020-12 (Q4)",
      "revenue": 5094375,
      "gross_profit": 3228560,
      "operating_income": 257359,
      "net_income": 1018415,
      "opex": 2971201,
      "cogs": 1865815,
      "rd": 842185,
      "sga": null,
      "fcf": -464000,
      "ocf": -360000,
      "capex": -104000,
      "gross_margin": 0.6337499693289167,
      "op_margin": 0.05051826769721507,
      "fcf_margin": -0.09108084897558581
    },
    {
      "date": "2021-03-31T00:00:00",
      "quarter_label": "2021-03 (Q1)",
      "revenue": 3070000,
      "gross_profit": 1586000,
      "operating_income": -1115000,
      "net_income": -1115000,
      "opex": 2701000,
      "cogs": 1484000,
      "rd": 661000,
      "sga": null,
      "fcf": -1195000,
      "ocf": -1115000,
      "capex": -80000,
      "gross_margin": 0.5166123778501629,
      "op_margin": -0.36319218241042345,
      "fcf_margin": -0.38925081433224756,
      "fcf_margin_change": -0.29816996535666174
    },
    {
      "date": "2021-06-30T00:00:00",
      "quarter_label": "2021-06 (Q2)",
      "revenue": 5422000,
      "gross_profit": 3345000,
      "operating_income": -279000,
      "net_income": -279000,
      "opex": 3624000,
      "cogs": 2077000,
      "rd": 925000,
      "sga": null,
      "fcf": 1349000,
      "ocf": 1356000,
      "capex": -7000,
      "gross_margin": 0.616931021763187,
      "op_margin": -0.05145702692733309,
      "fcf_margin": 0.24880118037624493,
      "op_leverage_ratio": 2.2419288469478866,
      "fcf_margin_change": 0.6380519947084925
    },
    {
      "date": "2021-09-30T00:00:00",
      "quarter_label": "2021-09 (Q3)",
      "revenue": 5525000,
      "gross_profit": 3201000,
      "operating_income": 195000,
      "net_income": 195000,
      "opex": 3006000,
      "cogs": 2324000,
      "rd": 744000,
      "sga": null,
      "fcf": 1250000,
      "ocf": 1253000,
      "capex": -3000,
      "gross_margin": 0.5793665158371041,
      "op_margin": 0.03529411764705882,
      "fcf_margin": 0.22624434389140272,
      "op_leverage_ratio": Infinity,
      "fcf_margin_change": -0.02255683648484222
    },
    {
      "date": "2021-12-31T00:00:00",
      "quarter_label": "2021-12 (Q4)",
      "revenue": 13025000,
      "gross_profit": 8856000,
      "operating_income": 5319000,
      "net_income": 5318000,
      "opex": 3537000,
      "cogs": 4169000,
      "rd": 1106000,
      "sga": null,
      "fcf": -1818000,
      "ocf": -1780000,
      "capex": -38000,
      "gross_margin": 0.6799232245681381,
      "op_margin": 0.40836852207293667,
      "fcf_margin": -0.13957773512476007,
      "incr_op_margin_yoy": 0.6382398612971866,
      "rev_growth_yoy": 1.556741504109925,
      "op_leverage_ratio": 7.684638392514763,
      "fcf_margin_change": -0.3658220790161628
    },
    {
      "date": "2022-03-31T00:00:00",
      "quarter_label": "2022-03 (Q1)",
      "revenue": 10338000,
      "gross_profit": 7149000,
      "operating_income": 3930000,
      "net_income": 16062000,
      "opex": 3219000,
      "cogs": 3189000,
      "rd": 728000,
      "sga": null,
      "fcf": 3038000,
      "ocf": 3082000,
      "capex": -44000,
      "gross_margin": 0.691526407428903,
      "op_margin": 0.3801508995937319,
      "fcf_margin": 0.293867285741923,
      "incr_op_margin_yoy": 0.6941386901485966,
      "rev_growth_yoy": 2.3674267100977198,
      "rev_growth_yoy_accel": 0.8106852059877947,
      "fcf_margin_change": 0.4334450208666831
    },
    {
      "date": "2022-06-30T00:00:00",
      "quarter_label": "2022-06 (Q2)",
      "revenue": 12080000,
      "gross_profit": 8256000,
      "operating_income": 4570000,
      "net_income": 3524000,
      "opex": 3686000,
      "cogs": 3824000,
      "rd": 827000,
      "sga": null,
      "fcf": 1851000,
      "ocf": 1896000,
      "capex": -45000,
      "gross_margin": 0.6834437086092715,
      "op_margin": 0.3783112582781457,
      "fcf_margin": 0.15322847682119206,
      "incr_op_margin_yoy": 0.7282967858215681,
      "rev_growth_yoy": 1.2279601623017338,
      "rev_growth_yoy_accel": -1.139466547795986,
      "op_leverage_ratio": 1.161490652353037,
      "fcf_margin_change": -0.14063880892073094
    },
    {
      "date": "2022-09-30T00:00:00",
      "quarter_label": "2022-09 (Q3)",
      "revenue": 9010000,
      "gross_profit": 5874000,
      "operating_income": 2161000,
      "net_income": 1829000,
      "opex": 3713000,
      "cogs": 3136000,
      "rd": 746000,
      "sga": null,
      "fcf": 3663000,
      "ocf": 3723000,
      "capex": -60000,
      "gross_margin": 0.6519422863485017,
      "op_margin": 0.23984461709211988,
      "fcf_margin": 0.4065482796892342,
      "incr_op_margin_yoy": 0.564131994261119,
      "rev_growth_yoy": 0.6307692307692307,
      "rev_growth_yoy_accel": -0.597190931532503,
      "fcf_margin_change": 0.2533198028680421
    },
    {
      "date": "2022-12-31T00:00:00",
      "quarter_label": "2022-12 (Q4)",
      "revenue": 13104000,
      "gross_profit": 8350000,
      "operating_income": 4172000,
      "net_income": 2829000,
      "opex": 4178000,
      "cogs": 4754000,
      "rd": 1158000,
      "sga": null,
      "fcf": -10123000,
      "ocf": -10113000,
      "capex": -10000,
      "gross_margin": 0.6372100122100122,
      "op_margin": 0.31837606837606836,
      "fcf_margin": -0.77251221001221,
      "rev_growth_yoy": 0.006065259117082534,
      "rev_growth_yoy_accel": -0.6247039716521482,
      "op_leverage_ratio": 3.628231952549735,
      "fcf_margin_change": -1.1790604897014443
    },
    {
      "date": "2023-03-31T00:00:00",
      "quarter_label": "2023-03 (Q1)",
      "revenue": 3414000,
      "gross_profit": 1622000,
      "operating_income": -2939000,
      "net_income": -1894000,
      "opex": 4561000,
      "cogs": 1792000,
      "rd": 1098000,
      "sga": null,
      "fcf": -6186000,
      "ocf": -5997000,
      "capex": -189000,
      "gross_margin": 0.47510251903925016,
      "op_margin": -0.8608670181605155,
      "fcf_margin": -1.8119507908611598,
      "incr_op_margin_yoy": 0.9920566146735991,
      "rev_growth_yoy": -0.669762042948346,
      "rev_growth_yoy_accel": -0.6758273020654285,
      "fcf_margin_change": -1.03943858084895
    },
    {
      "date": "2023-06-30T00:00:00",
      "quarter_label": "2023-06 (Q2)",
      "revenue": 4527000,
      "gross_profit": 2619000,
      "operating_income": -1127000,
      "net_income": -380000,
      "opex": 3746000,
      "cogs": 1908000,
      "rd": 822000,
      "sga": null,
      "fcf": 713000,
      "ocf": 742000,
      "capex": -29000,
      "gross_margin": 0.5785288270377733,
      "op_margin": -0.24895074000441794,
      "fcf_margin": 0.15749944775789707,
      "incr_op_margin_yoy": 0.7542698265589832,
      "rev_growth_yoy": -0.625248344370861,
      "rev_growth_yoy_accel": 0.044513698577484995,
      "op_leverage_ratio": Infinity,
      "fcf_margin_change": 1.9694502386190569
    },
    {
      "date": "2023-09-30T00:00:00",
      "quarter_label": "2023-09 (Q3)",
      "revenue": 3898000,
      "gross_profit": 1989000,
      "operating_income": -1895000,
      "net_income": -1451000,
      "opex": 3884000,
      "cogs": 1909000,
      "rd": 1083000,
      "sga": null,
      "fcf": 431000,
      "ocf": 442000,
      "capex": -11000,
      "gross_margin": 0.5102616726526423,
      "op_margin": -0.4861467419189328,
      "fcf_margin": 0.11056952283222166,
      "incr_op_margin_yoy": 0.7934272300469484,
      "rev_growth_yoy": -0.567369589345172,
      "rev_growth_yoy_accel": 0.057878755025688955,
      "fcf_margin_change": -0.04692992492567541
    },
    {
      "date": "2023-12-31T00:00:00",
      "quarter_label": "2023-12 (Q4)",
      "revenue": 12567000,
      "gross_profit": 7831000,
      "operating_income": 5577000,
      "net_income": 4210000,
      "opex": 2254000,
      "cogs": 4736000,
      "rd": 677000,
      "sga": null,
      "fcf": 2668000,
      "ocf": 2668000,
      "capex": null,
      "gross_margin": 0.6231399697620753,
      "op_margin": 0.4437813320601576,
      "fcf_margin": 0.21230206095329035,
      "rev_growth_yoy": -0.04097985347985348,
      "rev_growth_yoy_accel": 0.5263897358653186,
      "op_leverage_ratio": Infinity,
      "fcf_margin_change": 0.1017325381210687
    },
    {
      "date": "2024-03-31T00:00:00",
      "quarter_label": "2024-03 (Q1)",
      "revenue": 10663000,
      "gross_profit": 6662000,
      "operating_income": 2887000,
      "net_income": 2274000,
      "opex": 3775000,
      "cogs": 4001000,
      "rd": 926000,
      "sga": 1579000,
      "fcf": -8420000,
      "ocf": -8187000,
      "capex": -233000,
      "gross_margin": 0.624777267185595,
      "op_margin": 0.27074932007877706,
      "fcf_margin": -0.7896464409640814,
      "incr_op_margin_yoy": 0.8036970616636777,
      "rev_growth_yoy": 2.1233157586408904,
      "rev_growth_yoy_accel": 2.164295612120744,
      "fcf_margin_change": -1.0019485019173717
    },
    {
      "date": "2024-06-30T00:00:00",
      "quarter_label": "2024-06 (Q2)",
      "revenue": 9239000,
      "gross_profit": 5423000,
      "operating_income": 1982000,
      "net_income": 1612000,
      "opex": 3441000,
      "cogs": 3816000,
      "rd": 866000,
      "sga": 1579000,
      "fcf": 4227000,
      "ocf": 4230000,
      "capex": -3000,
      "gross_margin": 0.5869682866111051,
      "op_margin": 0.21452538153479814,
      "fcf_margin": 0.4575170472994913,
      "incr_op_margin_yoy": 0.659804753820034,
      "rev_growth_yoy": 1.0408659156174067,
      "rev_growth_yoy_accel": -1.0824498430234837,
      "fcf_margin_change": 1.2471634882635727
    },
    {
      "date": "2024-09-30T00:00:00",
      "quarter_label": "2024-09 (Q3)",
      "revenue": 8839000,
      "gross_profit": 5240000,
      "operating_income": 1495000,
      "net_income": 1215000,
      "opex": 3745000,
      "cogs": 3599000,
      "rd": 863000,
      "sga": 1573000,
      "fcf": 3616000,
      "ocf": 3953000,
      "capex": -337000,
      "gross_margin": 0.5928272429007806,
      "op_margin": 0.16913678017875325,
      "fcf_margin": 0.4090960515895463,
      "incr_op_margin_yoy": 0.6860959319975714,
      "rev_growth_yoy": 1.26757311441765,
      "rev_growth_yoy_accel": 0.22670719880024337,
      "fcf_margin_change": -0.04842099570994496
    },
    {
      "date": "2024-12-31T00:00:00",
      "quarter_label": "2024-12 (Q4)",
      "revenue": 13066000,
      "gross_profit": 7106000,
      "operating_income": 1726000,
      "net_income": 1546000,
      "opex": 5380000,
      "cogs": 5960000,
      "rd": 1561000,
      "sga": 2416000,
      "fcf": -530000,
      "ocf": -827000,
      "capex": 297000,
      "gross_margin": 0.543854278279504,
      "op_margin": 0.13209857645798256,
      "fcf_margin": -0.040563294045614574,
      "rev_growth_yoy": 0.03970716957109891,
      "rev_growth_yoy_accel": -1.2278659448465512,
      "op_leverage_ratio": 1.0953758935327276,
      "fcf_margin_change": -0.4496593456351609
    },
    {
      "date": "2025-03-31T00:00:00",
      "quarter_label": "2025-03 (Q1)",
      "revenue": 8344000,
      "gross_profit": 4354000,
      "operating_income": -2646000,
      "net_income": -2572000,
      "opex": 7000000,
      "cogs": 3990000,
      "rd": 2606000,
      "sga": 2208000,
      "fcf": -2684000,
      "ocf": -2677000,
      "capex": -7000,
      "gross_margin": 0.5218120805369127,
      "op_margin": -0.31711409395973156,
      "fcf_margin": -0.3216682646212848,
      "incr_op_margin_yoy": 2.3859422164726176,
      "rev_growth_yoy": -0.21748100909687706,
      "rev_growth_yoy_accel": -0.257188178667976,
      "fcf_margin_change": -0.2811049705756702
    },
    {
      "date": "2025-06-30T00:00:00",
      "quarter_label": "2025-06 (Q2)",
      "revenue": 7315000,
      "gross_profit": 2903000,
      "operating_income": -1943000,
      "net_income": -1037000,
      "opex": 4846000,
      "cogs": 4412000,
      "rd": 1471000,
      "sga": 1986000,
      "fcf": 3090000,
      "ocf": 3117000,
      "capex": -27000,
      "gross_margin": 0.39685577580314424,
      "op_margin": -0.2656185919343814,
      "fcf_margin": 0.4224196855775803,
      "incr_op_margin_yoy": 2.04002079002079,
      "rev_growth_yoy": -0.20824764584911787,
      "rev_growth_yoy_accel": 0.009233363247759196,
      "fcf_margin_change": 0.7440879501988651
    },
    {
      "date": "2025-09-30T00:00:00",
      "quarter_label": "2025-09 (Q3)",
      "revenue": 6884000,
      "gross_profit": 2713000,
      "operating_income": -2569000,
      "net_income": -943000,
      "opex": 5282000,
      "cogs": 4171000,
      "rd": 1819000,
      "sga": 1917000,
      "fcf": 2291000,
      "ocf": 2295000,
      "capex": -4000,
      "gross_margin": 0.3941022661243463,
      "op_margin": -0.3731841952353283,
      "fcf_margin": 0.3328006972690296,
      "incr_op_margin_yoy": 2.078772378516624,
      "rev_growth_yoy": -0.2211788663876004,
      "rev_growth_yoy_accel": -0.01293122053848253,
      "fcf_margin_change": -0.0896189883085507
    }
  ],
  "signals": [
    {
      "quarter": "2025-06 (Q2)",
      "signal": "FCF TURNED POSITIVE",
      "detail": "FCF margin: -32.2% -> +42.2%",
      "severity": "HIGH"
    },
    {
      "quarter": "2025-03 (Q1)",
      "signal": "YoY REVENUE GROWTH DECELERATION",
      "detail": "YoY growth: -21.7% vs prior quarter YoY: +4.0% (decel: -25.7%)",
      "severity": "WARNING"
    },
    {
      "quarter": "2024-12 (Q4)",
      "signal": "YoY REVENUE GROWTH DECELERATION",
      "detail": "YoY growth: +4.0% vs prior quarter YoY: +126.8% (decel: -122.8%)",
      "severity": "WARNING"
    },
    {
      "quarter": "2024-09 (Q3)",
      "signal": "YoY REVENUE GROWTH ACCELERATION",
      "detail": "YoY growth: +126.8% vs prior quarter YoY: +104.1% (accel: +22.7%)",
      "severity": "HIGH"
    },
    {
      "quarter": "2024-09 (Q3)",
      "signal": "OP MARGIN TURNED POSITIVE (YoY)",
      "detail": "Op margin: -48.6% (year-ago) -> +16.9%",
      "severity": "HIGH"
    },
    {
      "quarter": "2024-06 (Q2)",
      "signal": "FCF TURNED POSITIVE",
      "detail": "FCF margin: -79.0% -> +45.8%",
      "severity": "HIGH"
    },
    {
      "quarter": "2024-06 (Q2)",
      "signal": "YoY REVENUE GROWTH DECELERATION",
      "detail": "YoY growth: +104.1% vs prior quarter YoY: +212.3% (decel: -108.2%)",
      "severity": "WARNING"
    },
    {
      "quarter": "2024-06 (Q2)",
      "signal": "OP MARGIN TURNED POSITIVE (YoY)",
      "detail": "Op margin: -24.9% (year-ago) -> +21.5%",
      "severity": "HIGH"
    },
    {
      "quarter": "2024-03 (Q1)",
      "signal": "YoY REVENUE GROWTH ACCELERATION",
      "detail": "YoY growth: +212.3% vs prior quarter YoY: -4.1% (accel: +216.4%)",
      "severity": "HIGH"
    },
    {
      "quarter": "2024-03 (Q1)",
      "signal": "OP MARGIN TURNED POSITIVE (YoY)",
      "detail": "Op margin: -86.1% (year-ago) -> +27.1%",
      "severity": "HIGH"
    },
    {
      "quarter": "2023-12 (Q4)",
      "signal": "FCF MARGIN EXPANSION",
      "detail": "FCF margin: +11.1% -> +21.2% (+10.2%)",
      "severity": "MEDIUM"
    },
    {
      "quarter": "2023-12 (Q4)",
      "signal": "GROSS MARGIN INFLECTION",
      "detail": "GM: +57.9% -> +51.0% -> +62.3% (reversal +11.3%)",
      "severity": "HIGH"
    },
    {
      "quarter": "2023-12 (Q4)",
      "signal": "YoY REVENUE GROWTH ACCELERATION",
      "detail": "YoY growth: -4.1% vs prior quarter YoY: -56.7% (accel: +52.6%)",
      "severity": "HIGH"
    },
    {
      "quarter": "2023-12 (Q4)",
      "signal": "OP MARGIN TURNED POSITIVE (QoQ)",
      "detail": "Op margin: -48.6% -> +44.4%",
      "severity": "HIGH"
    },
    {
      "quarter": "2023-09 (Q3)",
      "signal": "YoY REVENUE GROWTH ACCELERATION",
      "detail": "YoY growth: -56.7% vs prior quarter YoY: -62.5% (accel: +5.8%)",
      "severity": "MEDIUM"
    },
    {
      "quarter": "2023-06 (Q2)",
      "signal": "FCF TURNED POSITIVE",
      "detail": "FCF margin: -181.2% -> +15.7%",
      "severity": "HIGH"
    },
    {
      "quarter": "2023-06 (Q2)",
      "signal": "GROSS MARGIN INFLECTION",
      "detail": "GM: +63.7% -> +47.5% -> +57.9% (reversal +10.3%)",
      "severity": "HIGH"
    },
    {
      "quarter": "2023-03 (Q1)",
      "signal": "YoY REVENUE GROWTH DECELERATION",
      "detail": "YoY growth: -67.0% vs prior quarter YoY: +0.6% (decel: -67.6%)",
      "severity": "WARNING"
    },
    {
      "quarter": "2022-12 (Q4)",
      "signal": "OPERATING LEVERAGE",
      "detail": "Rev growth +45.4% vs OpEx growth +12.5% (leverage: 3.6x)",
      "severity": "MEDIUM"
    },
    {
      "quarter": "2022-12 (Q4)",
      "signal": "YoY REVENUE GROWTH DECELERATION",
      "detail": "YoY growth: +0.6% vs prior quarter YoY: +63.1% (decel: -62.5%)",
      "severity": "WARNING"
    },
    {
      "quarter": "2022-09 (Q3)",
      "signal": "FCF MARGIN EXPANSION",
      "detail": "FCF margin: +15.3% -> +40.7% (+25.3%)",
      "severity": "MEDIUM"
    },
    {
      "quarter": "2022-09 (Q3)",
      "signal": "YoY REVENUE GROWTH DECELERATION",
      "detail": "YoY growth: +63.1% vs prior quarter YoY: +122.8% (decel: -59.7%)",
      "severity": "WARNING"
    },
    {
      "quarter": "2022-09 (Q3)",
      "signal": "INCREMENTAL MARGIN (YoY)",
      "detail": "YoY Incr OPM: +56.4% vs year-ago OPM: +3.5%",
      "severity": "HIGH"
    },
    {
      "quarter": "2022-06 (Q2)",
      "signal": "YoY REVENUE GROWTH DECELERATION",
      "detail": "YoY growth: +122.8% vs prior quarter YoY: +236.7% (decel: -113.9%)",
      "severity": "WARNING"
    },
    {
      "quarter": "2022-06 (Q2)",
      "signal": "OP MARGIN TURNED POSITIVE (YoY)",
      "detail": "Op margin: -5.1% (year-ago) -> +37.8%",
      "severity": "HIGH"
    },
    {
      "quarter": "2022-03 (Q1)",
      "signal": "FCF TURNED POSITIVE",
      "detail": "FCF margin: -14.0% -> +29.4%",
      "severity": "HIGH"
    },
    {
      "quarter": "2022-03 (Q1)",
      "signal": "YoY REVENUE GROWTH ACCELERATION",
      "detail": "YoY growth: +236.7% vs prior quarter YoY: +155.7% (accel: +81.1%)",
      "severity": "HIGH"
    },
    {
      "quarter": "2022-03 (Q1)",
      "signal": "OP MARGIN TURNED POSITIVE (YoY)",
      "detail": "Op margin: -36.3% (year-ago) -> +38.0%",
      "severity": "HIGH"
    },
    {
      "quarter": "2021-12 (Q4)",
      "signal": "OPERATING LEVERAGE",
      "detail": "Rev growth +135.7% vs OpEx growth +17.7% (leverage: 7.7x)",
      "severity": "MEDIUM"
    },
    {
      "quarter": "2021-12 (Q4)",
      "signal": "GROSS MARGIN INFLECTION",
      "detail": "GM: +61.7% -> +57.9% -> +68.0% (reversal +10.1%)",
      "severity": "HIGH"
    },
    {
      "quarter": "2021-12 (Q4)",
      "signal": "INCREMENTAL MARGIN (YoY)",
      "detail": "YoY Incr OPM: +63.8% vs year-ago OPM: +5.1%",
      "severity": "HIGH"
    },
    {
      "quarter": "2021-09 (Q3)",
      "signal": "OP MARGIN TURNED POSITIVE (QoQ)",
      "detail": "Op margin: -5.1% -> +3.5%",
      "severity": "HIGH"
    },
    {
      "quarter": "2021-06 (Q2)",
      "signal": "FCF TURNED POSITIVE",
      "detail": "FCF margin: -38.9% -> +24.9%",
      "severity": "HIGH"
    },
    {
      "quarter": "2021-06 (Q2)",
      "signal": "OPERATING LEVERAGE",
      "detail": "Rev growth +76.6% vs OpEx growth +34.2% (leverage: 2.2x)",
      "severity": "MEDIUM"
    },
    {
      "quarter": "2021-06 (Q2)",
      "signal": "GROSS MARGIN INFLECTION",
      "detail": "GM: +63.4% -> +51.7% -> +61.7% (reversal +10.0%)",
      "severity": "HIGH"
    }
  ],
  "data_quality": {
    "n_quarters": 20,
    "coverage": {
      "revenue": [
        20,
        20
      ],
      "gross_profit": [
        20,
        20
      ],
      "op_income": [
        20,
        20
      ],
      "fcf": [
        20,
        20
      ]
    },
    "gaps": [],
    "warnings": []
  },
  "market_cap": null,
  "source": "SEC EDGAR",
  "last_updated": "2026-02-02T23:26:55.735538"
}