{
  "ticker": "SRXH",
  "name": "SRx Health Solutions Inc.",
  "quarters": [
    {
      "date": "2020-12-31T00:00:00",
      "quarter_label": "2020-12 (Q4)",
      "revenue": 9288000,
      "gross_profit": 3364000,
      "operating_income": -3009000,
      "net_income": -29784000,
      "opex": 6373000,
      "cogs": 5924000,
      "rd": null,
      "sga": null,
      "fcf": -3091000,
      "ocf": -2982000,
      "capex": -109000,
      "gross_margin": 0.36218776916451334,
      "op_margin": -0.32396640826873385,
      "fcf_margin": -0.3327950043066322
    },
    {
      "date": "2021-03-31T00:00:00",
      "quarter_label": "2021-03 (Q1)",
      "revenue": 10830000,
      "gross_profit": 4274000,
      "operating_income": -5138000,
      "net_income": -12850000,
      "opex": 9412000,
      "cogs": 6556000,
      "rd": null,
      "sga": 6889000,
      "fcf": -2325000,
      "ocf": -2325000,
      "capex": null,
      "gross_margin": 0.3946445060018467,
      "op_margin": -0.4744228993536473,
      "fcf_margin": -0.2146814404432133,
      "op_leverage_ratio": 0.3481572035544808,
      "fcf_margin_change": 0.11811356386341892
    },
    {
      "date": "2021-06-30T00:00:00",
      "quarter_label": "2021-06 (Q2)",
      "revenue": 10989000,
      "gross_profit": 3900000,
      "operating_income": -3197000,
      "net_income": 24776000,
      "opex": 7097000,
      "cogs": 7089000,
      "rd": null,
      "sga": 6766000,
      "fcf": -2391000,
      "ocf": -2337000,
      "capex": -54000,
      "gross_margin": 0.3549003549003549,
      "op_margin": -0.2909272909272909,
      "fcf_margin": -0.21758121758121757,
      "op_leverage_ratio": Infinity,
      "fcf_margin_change": -0.002899777138004267
    },
    {
      "date": "2021-09-30T00:00:00",
      "quarter_label": "2021-09 (Q3)",
      "revenue": 13200000,
      "gross_profit": 4438000,
      "operating_income": -3967000,
      "net_income": -3456000,
      "opex": 8405000,
      "cogs": 8762000,
      "rd": null,
      "sga": 7745000,
      "fcf": -3728000,
      "ocf": -3658000,
      "capex": -70000,
      "gross_margin": 0.3362121212121212,
      "op_margin": -0.30053030303030304,
      "fcf_margin": -0.2824242424242424,
      "op_leverage_ratio": 1.0916857224196672,
      "fcf_margin_change": -0.06484302484302484
    },
    {
      "date": "2021-12-31T00:00:00",
      "quarter_label": "2021-12 (Q4)",
      "revenue": 10987000,
      "gross_profit": 2756000,
      "operating_income": -4977000,
      "net_income": -5083000,
      "opex": 7733000,
      "cogs": 8231000,
      "rd": null,
      "sga": 7110000,
      "fcf": -3767000,
      "ocf": -3538000,
      "capex": -229000,
      "gross_margin": 0.25084190406844453,
      "op_margin": -0.45298989715117866,
      "fcf_margin": -0.34285974333302993,
      "incr_op_margin_yoy": -1.1583284284873454,
      "rev_growth_yoy": 0.1829242032730405,
      "fcf_margin_change": -0.06043550090878752
    },
    {
      "date": "2022-03-31T00:00:00",
      "quarter_label": "2022-03 (Q1)",
      "revenue": 17014000,
      "gross_profit": 4707000,
      "operating_income": -3961000,
      "net_income": -4040000,
      "opex": 8668000,
      "cogs": 12307000,
      "rd": null,
      "sga": 7577000,
      "fcf": -7817000,
      "ocf": -7667000,
      "capex": -150000,
      "gross_margin": 0.27665451980721756,
      "op_margin": -0.2328082755377924,
      "fcf_margin": -0.4594451628071,
      "incr_op_margin_yoy": 0.19032988357050454,
      "rev_growth_yoy": 0.5710064635272392,
      "rev_growth_yoy_accel": 0.3880822602541987,
      "op_leverage_ratio": 4.536892263048844,
      "fcf_margin_change": -0.11658541947407008
    },
    {
      "date": "2022-06-30T00:00:00",
      "quarter_label": "2022-06 (Q2)",
      "revenue": 16515000,
      "gross_profit": 4727000,
      "operating_income": -4261000,
      "net_income": -4367000,
      "opex": 8988000,
      "cogs": 11788000,
      "rd": null,
      "sga": 8187000,
      "fcf": -5370000,
      "ocf": -5331000,
      "capex": -39000,
      "gross_margin": 0.28622464426279143,
      "op_margin": -0.25800787163184985,
      "fcf_margin": -0.32515894641235243,
      "incr_op_margin_yoy": -0.19254433586681144,
      "rev_growth_yoy": 0.5028665028665029,
      "rev_growth_yoy_accel": -0.06813996066073624,
      "fcf_margin_change": 0.13428621639474758
    },
    {
      "date": "2022-09-30T00:00:00",
      "quarter_label": "2022-09 (Q3)",
      "revenue": 11865000,
      "gross_profit": 4165000,
      "operating_income": -6404000,
      "net_income": -6547000,
      "opex": 10569000,
      "cogs": 7700000,
      "rd": null,
      "sga": 10007000,
      "fcf": -4983000,
      "ocf": -4974000,
      "capex": -9000,
      "gross_margin": 0.35103244837758113,
      "op_margin": -0.5397387273493468,
      "fcf_margin": -0.41997471554993676,
      "incr_op_margin_yoy": 1.8254681647940074,
      "rev_growth_yoy": -0.10113636363636364,
      "rev_growth_yoy_accel": -0.6040028665028665,
      "fcf_margin_change": -0.09481576913758433
    },
    {
      "date": "2022-12-31T00:00:00",
      "quarter_label": "2022-12 (Q4)",
      "revenue": 9266000,
      "gross_profit": 1662000,
      "operating_income": -24157000,
      "net_income": -24362000,
      "opex": 25819000,
      "cogs": 7604000,
      "rd": null,
      "sga": 6690000,
      "fcf": -2581000,
      "ocf": -2581000,
      "capex": null,
      "gross_margin": 0.1793654219728038,
      "op_margin": -2.6070580617310597,
      "fcf_margin": -0.2785452190805094,
      "incr_op_margin_yoy": 11.14468332364904,
      "rev_growth_yoy": -0.15663966505870575,
      "rev_growth_yoy_accel": -0.05550330142234211,
      "fcf_margin_change": 0.14142949646942737
    },
    {
      "date": "2023-03-31T00:00:00",
      "quarter_label": "2023-03 (Q1)",
      "revenue": 9237000,
      "gross_profit": 3241000,
      "operating_income": -3255000,
      "net_income": -3484000,
      "opex": 6496000,
      "cogs": 5996000,
      "rd": null,
      "sga": 5635000,
      "fcf": -1483000,
      "ocf": -1473000,
      "capex": -10000,
      "gross_margin": 0.35087149507415827,
      "op_margin": -0.35238713868139004,
      "fcf_margin": -0.16054996210890982,
      "incr_op_margin_yoy": -0.09078050662209078,
      "rev_growth_yoy": -0.45709415775243917,
      "rev_growth_yoy_accel": -0.3004544926937334,
      "fcf_margin_change": 0.11799525697159957
    },
    {
      "date": "2023-06-30T00:00:00",
      "quarter_label": "2023-06 (Q2)",
      "revenue": 10536000,
      "gross_profit": 3588000,
      "operating_income": -2585000,
      "net_income": -2964000,
      "opex": 6173000,
      "cogs": 6948000,
      "rd": null,
      "sga": 6173000,
      "fcf": 236000,
      "ocf": 236000,
      "capex": null,
      "gross_margin": 0.34054669703872437,
      "op_margin": -0.24534927866362946,
      "fcf_margin": 0.022399392558845863,
      "incr_op_margin_yoy": -0.2803144338518147,
      "rev_growth_yoy": -0.3620345140781108,
      "rev_growth_yoy_accel": 0.09505964367432834,
      "op_leverage_ratio": Infinity,
      "fcf_margin_change": 0.1829493546677557
    },
    {
      "date": "2023-09-30T00:00:00",
      "quarter_label": "2023-09 (Q3)",
      "revenue": 13117000,
      "gross_profit": 4436000,
      "operating_income": -2616000,
      "net_income": -1621000,
      "opex": 7052000,
      "cogs": 8681000,
      "rd": null,
      "sga": 7052000,
      "fcf": 343000,
      "ocf": 343000,
      "capex": null,
      "gross_margin": 0.3381870854616147,
      "op_margin": -0.19943584661126781,
      "fcf_margin": 0.02614927193718076,
      "incr_op_margin_yoy": 3.02555910543131,
      "rev_growth_yoy": 0.1055204382638011,
      "rev_growth_yoy_accel": 0.4675549523419119,
      "op_leverage_ratio": 1.7203612210327364,
      "fcf_margin_change": 0.0037498793783348958
    },
    {
      "date": "2023-12-31T00:00:00",
      "quarter_label": "2023-12 (Q4)",
      "revenue": 5702000,
      "gross_profit": 532000,
      "operating_income": -12723000,
      "net_income": -14701000,
      "opex": 13255000,
      "cogs": 5170000,
      "rd": null,
      "sga": 4723000,
      "fcf": 983000,
      "ocf": 991000,
      "capex": -8000,
      "gross_margin": 0.0933005962820063,
      "op_margin": -2.231322343037531,
      "fcf_margin": 0.17239565064889512,
      "incr_op_margin_yoy": -3.208193041526375,
      "rev_growth_yoy": -0.38463198791279946,
      "rev_growth_yoy_accel": -0.49015242617660054,
      "fcf_margin_change": 0.14624637871171436
    },
    {
      "date": "2024-03-31T00:00:00",
      "quarter_label": "2024-03 (Q1)",
      "revenue": 1200000,
      "gross_profit": 2614000,
      "operating_income": -2466000,
      "net_income": -2830000,
      "opex": 5080000,
      "cogs": 5289000,
      "rd": null,
      "sga": 5080000,
      "fcf": -1009000,
      "ocf": -1006000,
      "capex": -3000,
      "gross_margin": 2.1783333333333332,
      "op_margin": -2.055,
      "fcf_margin": -0.8408333333333333,
      "incr_op_margin_yoy": -0.09817095931317656,
      "rev_growth_yoy": -0.8700876908087041,
      "rev_growth_yoy_accel": -0.4854557028959046,
      "fcf_margin_change": -1.0132289839822284
    },
    {
      "date": "2024-06-30T00:00:00",
      "quarter_label": "2024-06 (Q2)",
      "revenue": 8542000,
      "gross_profit": 3253000,
      "operating_income": -724000,
      "net_income": 2654000,
      "opex": 3977000,
      "cogs": 5289000,
      "rd": null,
      "sga": 3977000,
      "fcf": 5000,
      "ocf": 20000,
      "capex": -15000,
      "gross_margin": 0.3808241629594943,
      "op_margin": -0.08475766799344416,
      "fcf_margin": 0.0005853430110044487,
      "incr_op_margin_yoy": -0.9332998996990973,
      "rev_growth_yoy": -0.1892558845861807,
      "rev_growth_yoy_accel": 0.6808318062225234,
      "op_leverage_ratio": Infinity,
      "fcf_margin_change": 0.8414186763443378
    },
    {
      "date": "2024-09-30T00:00:00",
      "quarter_label": "2024-09 (Q3)",
      "revenue": 11372000,
      "gross_profit": 4518000,
      "operating_income": -1127000,
      "net_income": 1526000,
      "opex": 5645000,
      "cogs": 6854000,
      "rd": null,
      "sga": 5645000,
      "fcf": -2102000,
      "ocf": -2091000,
      "capex": -11000,
      "gross_margin": 0.397291593387267,
      "op_margin": -0.09910306014773126,
      "fcf_margin": -0.18483995779106577,
      "incr_op_margin_yoy": -0.8532951289398281,
      "rev_growth_yoy": -0.1330334680186018,
      "rev_growth_yoy_accel": 0.0562224165675789,
      "op_leverage_ratio": 0.7899260081515681,
      "fcf_margin_change": -0.1854253008020702
    },
    {
      "date": "2024-12-31T00:00:00",
      "quarter_label": "2024-12 (Q4)",
      "revenue": 7158000,
      "gross_profit": 2604000,
      "operating_income": -1649000,
      "net_income": -1517000,
      "opex": 4253000,
      "cogs": 4554000,
      "rd": null,
      "sga": 4253000,
      "fcf": -1180000,
      "ocf": -1168000,
      "capex": -12000,
      "gross_margin": 0.36378876781223807,
      "op_margin": -0.23037161218217378,
      "fcf_margin": -0.16485051690416316,
      "incr_op_margin_yoy": 7.605769230769231,
      "rev_growth_yoy": 0.25534900035075414,
      "rev_growth_yoy_accel": 0.38838246836935597,
      "fcf_margin_change": 0.019989440886902604
    },
    {
      "date": "2025-03-31T00:00:00",
      "quarter_label": "2025-03 (Q1)",
      "revenue": 7159000,
      "gross_profit": 2383000,
      "operating_income": -1088000,
      "net_income": -964000,
      "opex": 3471000,
      "cogs": 4776000,
      "rd": null,
      "sga": 3471000,
      "fcf": 377000,
      "ocf": 384000,
      "capex": -7000,
      "gross_margin": 0.3328677189551613,
      "op_margin": -0.15197653303534014,
      "fcf_margin": 0.05266098617125297,
      "incr_op_margin_yoy": 0.23124685349890922,
      "rev_growth_yoy": 4.965833333333333,
      "rev_growth_yoy_accel": 4.710484332982579,
      "fcf_margin_change": 0.21751150307541614
    },
    {
      "date": "2025-06-30T00:00:00",
      "quarter_label": "2025-06 (Q2)",
      "revenue": 11447000,
      "gross_profit": 3419000,
      "operating_income": -17422000,
      "net_income": -15133000,
      "opex": 20841000,
      "cogs": 8028000,
      "rd": null,
      "sga": 18151000,
      "fcf": null,
      "ocf": null,
      "capex": null,
      "gross_margin": 0.2986808770856993,
      "op_margin": -1.5219708220494452,
      "fcf_margin": null,
      "incr_op_margin_yoy": -5.74802065404475,
      "rev_growth_yoy": 0.34008428939358465,
      "rev_growth_yoy_accel": -4.625749043939749,
      "op_leverage_ratio": 0.11968981879880657
    },
    {
      "date": "2025-09-30T00:00:00",
      "quarter_label": "2025-09 (Q3)",
      "revenue": -34548000,
      "gross_profit": -8770000,
      "operating_income": 20771000,
      "net_income": -15261000,
      "opex": -29541000,
      "cogs": -25778000,
      "rd": null,
      "sga": -26851000,
      "fcf": 7601000,
      "ocf": 7601000,
      "capex": null,
      "gross_margin": 0.25384971633669096,
      "op_margin": -0.60122148894292,
      "fcf_margin": -0.22001273590367026,
      "incr_op_margin_yoy": -0.47687282229965156,
      "rev_growth_yoy": -4.03798804080197,
      "rev_growth_yoy_accel": -4.378072330195555
    }
  ],
  "signals": [
    {
      "quarter": "2025-09 (Q3)",
      "signal": "YoY REVENUE GROWTH DECELERATION",
      "detail": "YoY growth: -403.8% vs prior quarter YoY: +34.0% (decel: -437.8%)",
      "severity": "WARNING"
    },
    {
      "quarter": "2025-06 (Q2)",
      "signal": "YoY REVENUE GROWTH DECELERATION",
      "detail": "YoY growth: +34.0% vs prior quarter YoY: +496.6% (decel: -462.6%)",
      "severity": "WARNING"
    },
    {
      "quarter": "2025-03 (Q1)",
      "signal": "FCF TURNED POSITIVE",
      "detail": "FCF margin: -16.5% -> +5.3%",
      "severity": "HIGH"
    },
    {
      "quarter": "2025-03 (Q1)",
      "signal": "YoY REVENUE GROWTH ACCELERATION",
      "detail": "YoY growth: +496.6% vs prior quarter YoY: +25.5% (accel: +471.0%)",
      "severity": "HIGH"
    },
    {
      "quarter": "2024-12 (Q4)",
      "signal": "YoY REVENUE GROWTH ACCELERATION",
      "detail": "YoY growth: +25.5% vs prior quarter YoY: -13.3% (accel: +38.8%)",
      "severity": "HIGH"
    },
    {
      "quarter": "2024-09 (Q3)",
      "signal": "YoY REVENUE GROWTH ACCELERATION",
      "detail": "YoY growth: -13.3% vs prior quarter YoY: -18.9% (accel: +5.6%)",
      "severity": "MEDIUM"
    },
    {
      "quarter": "2024-06 (Q2)",
      "signal": "FCF TURNED POSITIVE",
      "detail": "FCF margin: -84.1% -> +0.1%",
      "severity": "HIGH"
    },
    {
      "quarter": "2024-06 (Q2)",
      "signal": "YoY REVENUE GROWTH ACCELERATION",
      "detail": "YoY growth: -18.9% vs prior quarter YoY: -87.0% (accel: +68.1%)",
      "severity": "HIGH"
    },
    {
      "quarter": "2024-03 (Q1)",
      "signal": "GROSS MARGIN INFLECTION",
      "detail": "GM: +33.8% -> +9.3% -> +217.8% (reversal +208.5%)",
      "severity": "HIGH"
    },
    {
      "quarter": "2024-03 (Q1)",
      "signal": "YoY REVENUE GROWTH DECELERATION",
      "detail": "YoY growth: -87.0% vs prior quarter YoY: -38.5% (decel: -48.5%)",
      "severity": "WARNING"
    },
    {
      "quarter": "2023-12 (Q4)",
      "signal": "FCF MARGIN EXPANSION",
      "detail": "FCF margin: +2.6% -> +17.2% (+14.6%)",
      "severity": "MEDIUM"
    },
    {
      "quarter": "2023-12 (Q4)",
      "signal": "YoY REVENUE GROWTH DECELERATION",
      "detail": "YoY growth: -38.5% vs prior quarter YoY: +10.6% (decel: -49.0%)",
      "severity": "WARNING"
    },
    {
      "quarter": "2023-09 (Q3)",
      "signal": "OPERATING LEVERAGE",
      "detail": "Rev growth +24.5% vs OpEx growth +14.2% (leverage: 1.7x)",
      "severity": "MEDIUM"
    },
    {
      "quarter": "2023-09 (Q3)",
      "signal": "YoY REVENUE GROWTH ACCELERATION",
      "detail": "YoY growth: +10.6% vs prior quarter YoY: -36.2% (accel: +46.8%)",
      "severity": "HIGH"
    },
    {
      "quarter": "2023-06 (Q2)",
      "signal": "FCF TURNED POSITIVE",
      "detail": "FCF margin: -16.1% -> +2.2%",
      "severity": "HIGH"
    },
    {
      "quarter": "2023-06 (Q2)",
      "signal": "YoY REVENUE GROWTH ACCELERATION",
      "detail": "YoY growth: -36.2% vs prior quarter YoY: -45.7% (accel: +9.5%)",
      "severity": "MEDIUM"
    },
    {
      "quarter": "2023-03 (Q1)",
      "signal": "FCF MARGIN EXPANSION",
      "detail": "FCF margin: -27.9% -> -16.1% (+11.8%)",
      "severity": "MEDIUM"
    },
    {
      "quarter": "2023-03 (Q1)",
      "signal": "GROSS MARGIN INFLECTION",
      "detail": "GM: +35.1% -> +17.9% -> +35.1% (reversal +17.2%)",
      "severity": "HIGH"
    },
    {
      "quarter": "2023-03 (Q1)",
      "signal": "YoY REVENUE GROWTH DECELERATION",
      "detail": "YoY growth: -45.7% vs prior quarter YoY: -15.7% (decel: -30.0%)",
      "severity": "WARNING"
    },
    {
      "quarter": "2022-12 (Q4)",
      "signal": "FCF MARGIN EXPANSION",
      "detail": "FCF margin: -42.0% -> -27.9% (+14.1%)",
      "severity": "MEDIUM"
    },
    {
      "quarter": "2022-12 (Q4)",
      "signal": "YoY REVENUE GROWTH DECELERATION",
      "detail": "YoY growth: -15.7% vs prior quarter YoY: -10.1% (decel: -5.6%)",
      "severity": "WARNING"
    },
    {
      "quarter": "2022-09 (Q3)",
      "signal": "YoY REVENUE GROWTH DECELERATION",
      "detail": "YoY growth: -10.1% vs prior quarter YoY: +50.3% (decel: -60.4%)",
      "severity": "WARNING"
    },
    {
      "quarter": "2022-06 (Q2)",
      "signal": "FCF MARGIN EXPANSION",
      "detail": "FCF margin: -45.9% -> -32.5% (+13.4%)",
      "severity": "MEDIUM"
    },
    {
      "quarter": "2022-06 (Q2)",
      "signal": "YoY REVENUE GROWTH DECELERATION",
      "detail": "YoY growth: +50.3% vs prior quarter YoY: +57.1% (decel: -6.8%)",
      "severity": "WARNING"
    },
    {
      "quarter": "2022-03 (Q1)",
      "signal": "OPERATING LEVERAGE",
      "detail": "Rev growth +54.9% vs OpEx growth +12.1% (leverage: 4.5x)",
      "severity": "MEDIUM"
    },
    {
      "quarter": "2022-03 (Q1)",
      "signal": "GROSS MARGIN INFLECTION",
      "detail": "GM: +33.6% -> +25.1% -> +27.7% (reversal +2.6%)",
      "severity": "MEDIUM"
    },
    {
      "quarter": "2022-03 (Q1)",
      "signal": "YoY REVENUE GROWTH ACCELERATION",
      "detail": "YoY growth: +57.1% vs prior quarter YoY: +18.3% (accel: +38.8%)",
      "severity": "HIGH"
    },
    {
      "quarter": "2021-03 (Q1)",
      "signal": "FCF MARGIN EXPANSION",
      "detail": "FCF margin: -33.3% -> -21.5% (+11.8%)",
      "severity": "MEDIUM"
    }
  ],
  "data_quality": {
    "n_quarters": 20,
    "coverage": {
      "revenue": [
        20,
        20
      ],
      "gross_profit": [
        20,
        20
      ],
      "op_income": [
        20,
        20
      ],
      "fcf": [
        19,
        20
      ]
    },
    "gaps": [],
    "warnings": []
  },
  "market_cap": null,
  "source": "SEC EDGAR",
  "last_updated": "2026-02-03T00:09:41.232459"
}