{
  "ticker": "SSD",
  "name": "Simpson Manufacturing Co.,\u00a0Inc.",
  "quarters": [
    {
      "date": "2020-12-31T00:00:00",
      "quarter_label": "2020-12 (Q4)",
      "revenue": 293897000,
      "gross_profit": 123675000,
      "operating_income": 39458000,
      "net_income": 29638000,
      "opex": 84340000,
      "cogs": 170222000,
      "rd": null,
      "sga": null,
      "fcf": 66254000,
      "ocf": 77954000,
      "capex": -11700000,
      "gross_margin": 0.42081069218127437,
      "op_margin": 0.13425792029180292,
      "fcf_margin": 0.22543271962626363
    },
    {
      "date": "2021-03-31T00:00:00",
      "quarter_label": "2021-03 (Q1)",
      "revenue": 347642000,
      "gross_profit": 162282000,
      "operating_income": 68383000,
      "net_income": 50387000,
      "opex": 93979000,
      "cogs": 185360000,
      "rd": null,
      "sga": null,
      "fcf": 7328000,
      "ocf": 17833000,
      "capex": -10505000,
      "gross_margin": 0.46680780803240113,
      "op_margin": 0.1967052312436357,
      "fcf_margin": 0.02107915614338889,
      "op_leverage_ratio": 1.6000904407587102,
      "fcf_margin_change": -0.20435356348287473
    },
    {
      "date": "2021-06-30T00:00:00",
      "quarter_label": "2021-06 (Q2)",
      "revenue": 410281000,
      "gross_profit": 196446000,
      "operating_income": 101728000,
      "net_income": 72483000,
      "opex": 94746000,
      "cogs": 213835000,
      "rd": null,
      "sga": null,
      "fcf": 55008000,
      "ocf": 63799000,
      "capex": -8791000,
      "gross_margin": 0.4788084264199415,
      "op_margin": 0.24794713866837606,
      "fcf_margin": 0.13407396394178625,
      "op_leverage_ratio": 22.077405353843496,
      "fcf_margin_change": 0.11299480779839736
    },
    {
      "date": "2021-09-30T00:00:00",
      "quarter_label": "2021-09 (Q3)",
      "revenue": 396738000,
      "gross_profit": 198032000,
      "operating_income": 100619000,
      "net_income": 73778000,
      "opex": 97417000,
      "cogs": 198706000,
      "rd": null,
      "sga": null,
      "fcf": 28477000,
      "ocf": 40466000,
      "capex": -11989000,
      "gross_margin": 0.4991505729221804,
      "op_margin": 0.25361573632976925,
      "fcf_margin": 0.07177784835332134,
      "fcf_margin_change": -0.062296115588464915
    },
    {
      "date": "2021-12-31T00:00:00",
      "quarter_label": "2021-12 (Q4)",
      "revenue": 418556000,
      "gross_profit": 198270000,
      "operating_income": 97062000,
      "net_income": 69797000,
      "opex": 101420000,
      "cogs": 220286000,
      "rd": null,
      "sga": null,
      "fcf": 16744000,
      "ocf": 29197000,
      "capex": -12453000,
      "gross_margin": 0.4737000544729976,
      "op_margin": 0.23189728495111767,
      "fcf_margin": 0.04000420493315112,
      "incr_op_margin_yoy": 0.46209258858165075,
      "rev_growth_yoy": 0.42415880393471184,
      "op_leverage_ratio": 1.338321018900893,
      "fcf_margin_change": -0.031773643420170215
    },
    {
      "date": "2022-03-31T00:00:00",
      "quarter_label": "2022-03 (Q1)",
      "revenue": 493570000,
      "gross_profit": 236781000,
      "operating_income": 124437000,
      "net_income": 94576000,
      "opex": 106476000,
      "cogs": 256789000,
      "rd": null,
      "sga": null,
      "fcf": 26856000,
      "ocf": 44679000,
      "capex": -17823000,
      "gross_margin": 0.4797313450979598,
      "op_margin": 0.25211621451871064,
      "fcf_margin": 0.05441173491095488,
      "incr_op_margin_yoy": 0.38412093635217365,
      "rev_growth_yoy": 0.4197651607113065,
      "rev_growth_yoy_accel": -0.004393643223405352,
      "op_leverage_ratio": 3.5950529652520826,
      "fcf_margin_change": 0.014407529977803757
    },
    {
      "date": "2022-06-30T00:00:00",
      "quarter_label": "2022-06 (Q2)",
      "revenue": 593232000,
      "gross_profit": 259333000,
      "operating_income": 133076000,
      "net_income": 93570000,
      "opex": 120436000,
      "cogs": 333899000,
      "rd": null,
      "sga": null,
      "fcf": 79766000,
      "ocf": 93772000,
      "capex": -14006000,
      "gross_margin": 0.4371527496830919,
      "op_margin": 0.22432370472260432,
      "fcf_margin": 0.13446004261401948,
      "incr_op_margin_yoy": 0.17134642609223236,
      "rev_growth_yoy": 0.4459163353896476,
      "rev_growth_yoy_accel": 0.026151174678341105,
      "op_leverage_ratio": 1.5400937303000253,
      "fcf_margin_change": 0.08004830770306459
    },
    {
      "date": "2022-09-30T00:00:00",
      "quarter_label": "2022-09 (Q3)",
      "revenue": 553662000,
      "gross_profit": 244523000,
      "operating_income": 122815000,
      "net_income": 88243000,
      "opex": 119942000,
      "cogs": 309139000,
      "rd": null,
      "sga": null,
      "fcf": 115203000,
      "ocf": 124945000,
      "capex": -9742000,
      "gross_margin": 0.4416467086417345,
      "op_margin": 0.22182306172357866,
      "fcf_margin": 0.208074601471656,
      "incr_op_margin_yoy": 0.1414442660141215,
      "rev_growth_yoy": 0.39553559275894923,
      "rev_growth_yoy_accel": -0.05038074263069836,
      "fcf_margin_change": 0.07361455885763651
    },
    {
      "date": "2022-12-31T00:00:00",
      "quarter_label": "2022-12 (Q4)",
      "revenue": 475623000,
      "gross_profit": 200657000,
      "operating_income": 78737000,
      "net_income": 57606000,
      "opex": 119348000,
      "cogs": 274966000,
      "rd": null,
      "sga": null,
      "fcf": 115634000,
      "ocf": 136425000,
      "capex": -20791000,
      "gross_margin": 0.4218824573243935,
      "op_margin": 0.16554497995260953,
      "fcf_margin": 0.24312112744757927,
      "incr_op_margin_yoy": -0.3211137785410132,
      "rev_growth_yoy": 0.1363425682584887,
      "rev_growth_yoy_accel": -0.25919302450046056,
      "fcf_margin_change": 0.03504652597592328
    },
    {
      "date": "2023-03-31T00:00:00",
      "quarter_label": "2023-03 (Q1)",
      "revenue": 534430000,
      "gross_profit": 252876000,
      "operating_income": 118363000,
      "net_income": 87954000,
      "opex": 133121000,
      "cogs": 281554000,
      "rd": null,
      "sga": null,
      "fcf": -15800000,
      "ocf": 2958000,
      "capex": -18758000,
      "gross_margin": 0.47316954512284115,
      "op_margin": 0.22147521658589525,
      "fcf_margin": -0.029564208596074323,
      "incr_op_margin_yoy": -0.14865394028389622,
      "rev_growth_yoy": 0.08278461008570213,
      "rev_growth_yoy_accel": -0.053557958172786566,
      "op_leverage_ratio": 1.0714027948927691,
      "fcf_margin_change": -0.2726853360436536
    },
    {
      "date": "2023-06-30T00:00:00",
      "quarter_label": "2023-06 (Q2)",
      "revenue": 597580000,
      "gross_profit": 287466000,
      "operating_income": 145021000,
      "net_income": 107211000,
      "opex": 140743000,
      "cogs": 310114000,
      "rd": null,
      "sga": null,
      "fcf": 175122000,
      "ocf": 194282000,
      "capex": -19160000,
      "gross_margin": 0.48105023595167173,
      "op_margin": 0.2426804779276415,
      "fcf_margin": 0.29305197630442786,
      "incr_op_margin_yoy": 2.7472401103955844,
      "rev_growth_yoy": 0.0073293416403700405,
      "rev_growth_yoy_accel": -0.0754552684453321,
      "op_leverage_ratio": 2.0637645717469444,
      "fcf_margin_change": 0.3226161849005022
    },
    {
      "date": "2023-09-30T00:00:00",
      "quarter_label": "2023-09 (Q3)",
      "revenue": 580084000,
      "gross_profit": 282917000,
      "operating_income": 140213000,
      "net_income": 104021000,
      "opex": 141935000,
      "cogs": 297167000,
      "rd": null,
      "sga": null,
      "fcf": 181372000,
      "ocf": 200937000,
      "capex": -19565000,
      "gross_margin": 0.48771729611573494,
      "op_margin": 0.24171154522448474,
      "fcf_margin": 0.31266506230132185,
      "incr_op_margin_yoy": 0.658466429490576,
      "rev_growth_yoy": 0.04772225653918817,
      "rev_growth_yoy_accel": 0.04039291489881813,
      "fcf_margin_change": 0.019613085996893986
    },
    {
      "date": "2023-12-31T00:00:00",
      "quarter_label": "2023-12 (Q4)",
      "revenue": 501710000,
      "gross_profit": 220497000,
      "operating_income": 71553000,
      "net_income": 54802000,
      "opex": 148451000,
      "cogs": 281213000,
      "rd": null,
      "sga": null,
      "fcf": -2496000,
      "ocf": 28845000,
      "capex": -31341000,
      "gross_margin": 0.4394909409818421,
      "op_margin": 0.14261824560004785,
      "fcf_margin": -0.00497498554942098,
      "incr_op_margin_yoy": -0.27538620768965383,
      "rev_growth_yoy": 0.054848062436004985,
      "rev_growth_yoy_accel": 0.007125805896816814,
      "fcf_margin_change": -0.31764004785074285
    },
    {
      "date": "2024-03-31T00:00:00",
      "quarter_label": "2024-03 (Q1)",
      "revenue": 530579000,
      "gross_profit": 244556000,
      "operating_income": 96098000,
      "net_income": 75430000,
      "opex": 146610000,
      "cogs": 286023000,
      "rd": null,
      "sga": null,
      "fcf": -31474000,
      "ocf": 7938000,
      "capex": -39412000,
      "gross_margin": 0.460922878591124,
      "op_margin": 0.18111911704006378,
      "fcf_margin": -0.05932010124788203,
      "incr_op_margin_yoy": 5.781615164892235,
      "rev_growth_yoy": -0.007205808057182419,
      "rev_growth_yoy_accel": -0.062053870493187405,
      "op_leverage_ratio": Infinity,
      "fcf_margin_change": -0.054345115698461045
    },
    {
      "date": "2024-06-30T00:00:00",
      "quarter_label": "2024-06 (Q2)",
      "revenue": 596978000,
      "gross_profit": 278547000,
      "operating_income": 132186000,
      "net_income": 97831000,
      "opex": 145009000,
      "cogs": 318431000,
      "rd": null,
      "sga": null,
      "fcf": 70938000,
      "ocf": 111148000,
      "capex": -40210000,
      "gross_margin": 0.46659508390593957,
      "op_margin": 0.22142524515141263,
      "fcf_margin": 0.11882849954269671,
      "rev_growth_yoy": -0.0010073964992134944,
      "rev_growth_yoy_accel": 0.0061984115579689246,
      "op_leverage_ratio": Infinity,
      "fcf_margin_change": 0.17814860079057873
    },
    {
      "date": "2024-09-30T00:00:00",
      "quarter_label": "2024-09 (Q3)",
      "revenue": 587153000,
      "gross_profit": 275057000,
      "operating_income": 124854000,
      "net_income": 93519000,
      "opex": 148872000,
      "cogs": 312096000,
      "rd": null,
      "sga": null,
      "fcf": 58053000,
      "ocf": 103279000,
      "capex": -45226000,
      "gross_margin": 0.468458817378094,
      "op_margin": 0.21264304193285224,
      "fcf_margin": 0.09887201461969879,
      "incr_op_margin_yoy": -2.172725986702504,
      "rev_growth_yoy": 0.012186166141455375,
      "rev_growth_yoy_accel": 0.01319356264066887,
      "fcf_margin_change": -0.019956484922997925
    },
    {
      "date": "2024-12-31T00:00:00",
      "quarter_label": "2024-12 (Q4)",
      "revenue": 517429000,
      "gross_profit": 227692000,
      "operating_income": 76850000,
      "net_income": 55446000,
      "opex": 150019000,
      "cogs": 289737000,
      "rd": null,
      "sga": null,
      "fcf": 60286000,
      "ocf": 115795000,
      "capex": -55509000,
      "gross_margin": 0.4400449143747258,
      "op_margin": 0.1485227924990675,
      "fcf_margin": 0.11651067102926199,
      "incr_op_margin_yoy": 0.3369807239646288,
      "rev_growth_yoy": 0.031330848498136374,
      "rev_growth_yoy_accel": 0.019144682356681,
      "fcf_margin_change": 0.017638656409563205
    },
    {
      "date": "2025-03-31T00:00:00",
      "quarter_label": "2025-03 (Q1)",
      "revenue": 538895000,
      "gross_profit": 252040000,
      "operating_income": 102319000,
      "net_income": 77884000,
      "opex": 149669000,
      "cogs": 286855000,
      "rd": null,
      "sga": null,
      "fcf": -42602000,
      "ocf": 7563000,
      "capex": -50165000,
      "gross_margin": 0.46769778899414544,
      "op_margin": 0.18986815613431188,
      "fcf_margin": -0.07905436123920244,
      "incr_op_margin_yoy": 0.7480759980759981,
      "rev_growth_yoy": 0.015673443539981794,
      "rev_growth_yoy_accel": -0.01565740495815458,
      "op_leverage_ratio": Infinity,
      "fcf_margin_change": -0.19556503226846444
    },
    {
      "date": "2025-06-30T00:00:00",
      "quarter_label": "2025-06 (Q2)",
      "revenue": 631055000,
      "gross_profit": 294450000,
      "operating_income": 140244000,
      "net_income": 103541000,
      "opex": 154398000,
      "cogs": 336605000,
      "rd": null,
      "sga": null,
      "fcf": 87311000,
      "ocf": 125215000,
      "capex": -37904000,
      "gross_margin": 0.4665995832375942,
      "op_margin": 0.22223736441356143,
      "fcf_margin": 0.13835719549009198,
      "incr_op_margin_yoy": 0.23646447750682278,
      "rev_growth_yoy": 0.057082505552968454,
      "rev_growth_yoy_accel": 0.041409062012986664,
      "op_leverage_ratio": 5.412536709718909,
      "fcf_margin_change": 0.2174115567292944
    },
    {
      "date": "2025-09-30T00:00:00",
      "quarter_label": "2025-09 (Q3)",
      "revenue": 623513000,
      "gross_profit": 289262000,
      "operating_income": 140743000,
      "net_income": 107444000,
      "opex": 162291000,
      "cogs": 334251000,
      "rd": null,
      "sga": null,
      "fcf": 133920000,
      "ocf": 170194000,
      "capex": -36274000,
      "gross_margin": 0.46392296551956413,
      "op_margin": 0.2257258469350278,
      "fcf_margin": 0.21478301174153547,
      "incr_op_margin_yoy": 0.43699119911991197,
      "rev_growth_yoy": 0.06192593753246598,
      "rev_growth_yoy_accel": 0.004843431979497527,
      "fcf_margin_change": 0.07642581625144348
    }
  ],
  "signals": [
    {
      "quarter": "2025-09 (Q3)",
      "signal": "FCF MARGIN EXPANSION",
      "detail": "FCF margin: +13.8% -> +21.5% (+7.6%)",
      "severity": "MEDIUM"
    },
    {
      "quarter": "2025-09 (Q3)",
      "signal": "INCREMENTAL MARGIN (YoY)",
      "detail": "YoY Incr OPM: +43.7% vs year-ago OPM: +21.3%",
      "severity": "HIGH"
    },
    {
      "quarter": "2025-06 (Q2)",
      "signal": "FCF TURNED POSITIVE",
      "detail": "FCF margin: -7.9% -> +13.8%",
      "severity": "HIGH"
    },
    {
      "quarter": "2025-06 (Q2)",
      "signal": "OPERATING LEVERAGE",
      "detail": "Rev growth +17.1% vs OpEx growth +3.2% (leverage: 5.4x)",
      "severity": "MEDIUM"
    },
    {
      "quarter": "2025-03 (Q1)",
      "signal": "GROSS MARGIN INFLECTION",
      "detail": "GM: +46.8% -> +44.0% -> +46.8% (reversal +2.8%)",
      "severity": "MEDIUM"
    },
    {
      "quarter": "2025-03 (Q1)",
      "signal": "INCREMENTAL MARGIN (YoY)",
      "detail": "YoY Incr OPM: +74.8% vs year-ago OPM: +18.1%",
      "severity": "HIGH"
    },
    {
      "quarter": "2024-12 (Q4)",
      "signal": "INCREMENTAL MARGIN (YoY)",
      "detail": "YoY Incr OPM: +33.7% vs year-ago OPM: +14.3%",
      "severity": "MEDIUM"
    },
    {
      "quarter": "2024-06 (Q2)",
      "signal": "FCF TURNED POSITIVE",
      "detail": "FCF margin: -5.9% -> +11.9%",
      "severity": "HIGH"
    },
    {
      "quarter": "2024-03 (Q1)",
      "signal": "GROSS MARGIN INFLECTION",
      "detail": "GM: +48.8% -> +43.9% -> +46.1% (reversal +2.1%)",
      "severity": "MEDIUM"
    },
    {
      "quarter": "2024-03 (Q1)",
      "signal": "YoY REVENUE GROWTH DECELERATION",
      "detail": "YoY growth: -0.7% vs prior quarter YoY: +5.5% (decel: -6.2%)",
      "severity": "WARNING"
    },
    {
      "quarter": "2024-03 (Q1)",
      "signal": "INCREMENTAL MARGIN (YoY)",
      "detail": "YoY Incr OPM: +578.2% vs year-ago OPM: +22.1%",
      "severity": "HIGH"
    },
    {
      "quarter": "2023-09 (Q3)",
      "signal": "INCREMENTAL MARGIN (YoY)",
      "detail": "YoY Incr OPM: +65.8% vs year-ago OPM: +22.2%",
      "severity": "HIGH"
    },
    {
      "quarter": "2023-06 (Q2)",
      "signal": "FCF TURNED POSITIVE",
      "detail": "FCF margin: -3.0% -> +29.3%",
      "severity": "HIGH"
    },
    {
      "quarter": "2023-06 (Q2)",
      "signal": "OPERATING LEVERAGE",
      "detail": "Rev growth +11.8% vs OpEx growth +5.7% (leverage: 2.1x)",
      "severity": "MEDIUM"
    },
    {
      "quarter": "2023-06 (Q2)",
      "signal": "YoY REVENUE GROWTH DECELERATION",
      "detail": "YoY growth: +0.7% vs prior quarter YoY: +8.3% (decel: -7.5%)",
      "severity": "WARNING"
    },
    {
      "quarter": "2023-06 (Q2)",
      "signal": "INCREMENTAL MARGIN (YoY)",
      "detail": "YoY Incr OPM: +274.7% vs year-ago OPM: +22.4%",
      "severity": "HIGH"
    },
    {
      "quarter": "2023-03 (Q1)",
      "signal": "GROSS MARGIN INFLECTION",
      "detail": "GM: +44.2% -> +42.2% -> +47.3% (reversal +5.1%)",
      "severity": "HIGH"
    },
    {
      "quarter": "2023-03 (Q1)",
      "signal": "YoY REVENUE GROWTH DECELERATION",
      "detail": "YoY growth: +8.3% vs prior quarter YoY: +13.6% (decel: -5.4%)",
      "severity": "WARNING"
    },
    {
      "quarter": "2022-12 (Q4)",
      "signal": "YoY REVENUE GROWTH DECELERATION",
      "detail": "YoY growth: +13.6% vs prior quarter YoY: +39.6% (decel: -25.9%)",
      "severity": "WARNING"
    },
    {
      "quarter": "2022-09 (Q3)",
      "signal": "FCF MARGIN EXPANSION",
      "detail": "FCF margin: +13.4% -> +20.8% (+7.4%)",
      "severity": "MEDIUM"
    },
    {
      "quarter": "2022-09 (Q3)",
      "signal": "YoY REVENUE GROWTH DECELERATION",
      "detail": "YoY growth: +39.6% vs prior quarter YoY: +44.6% (decel: -5.0%)",
      "severity": "WARNING"
    },
    {
      "quarter": "2022-06 (Q2)",
      "signal": "FCF MARGIN EXPANSION",
      "detail": "FCF margin: +5.4% -> +13.4% (+8.0%)",
      "severity": "MEDIUM"
    },
    {
      "quarter": "2022-06 (Q2)",
      "signal": "OPERATING LEVERAGE",
      "detail": "Rev growth +20.2% vs OpEx growth +13.1% (leverage: 1.5x)",
      "severity": "MEDIUM"
    },
    {
      "quarter": "2022-03 (Q1)",
      "signal": "OPERATING LEVERAGE",
      "detail": "Rev growth +17.9% vs OpEx growth +5.0% (leverage: 3.6x)",
      "severity": "MEDIUM"
    },
    {
      "quarter": "2022-03 (Q1)",
      "signal": "INCREMENTAL MARGIN (YoY)",
      "detail": "YoY Incr OPM: +38.4% vs year-ago OPM: +19.7%",
      "severity": "MEDIUM"
    },
    {
      "quarter": "2021-12 (Q4)",
      "signal": "INCREMENTAL MARGIN (YoY)",
      "detail": "YoY Incr OPM: +46.2% vs year-ago OPM: +13.4%",
      "severity": "HIGH"
    },
    {
      "quarter": "2021-06 (Q2)",
      "signal": "FCF MARGIN EXPANSION",
      "detail": "FCF margin: +2.1% -> +13.4% (+11.3%)",
      "severity": "MEDIUM"
    },
    {
      "quarter": "2021-06 (Q2)",
      "signal": "OPERATING LEVERAGE",
      "detail": "Rev growth +18.0% vs OpEx growth +0.8% (leverage: 22.1x)",
      "severity": "MEDIUM"
    },
    {
      "quarter": "2021-03 (Q1)",
      "signal": "OPERATING LEVERAGE",
      "detail": "Rev growth +18.3% vs OpEx growth +11.4% (leverage: 1.6x)",
      "severity": "MEDIUM"
    }
  ],
  "data_quality": {
    "n_quarters": 20,
    "coverage": {
      "revenue": [
        20,
        20
      ],
      "gross_profit": [
        20,
        20
      ],
      "op_income": [
        20,
        20
      ],
      "fcf": [
        20,
        20
      ]
    },
    "gaps": [],
    "warnings": []
  },
  "market_cap": null,
  "source": "SEC EDGAR",
  "last_updated": "2026-02-02T20:48:37.256137"
}