{
  "ticker": "SSKN",
  "name": "STRATA SKIN SCIENCES, INC.",
  "quarters": [
    {
      "date": "2020-12-31T00:00:00",
      "quarter_label": "2020-12 (Q4)",
      "revenue": 6717000,
      "gross_profit": 4541000,
      "operating_income": -352000,
      "net_income": -443000,
      "opex": 4893000,
      "cogs": 2176000,
      "rd": 324000,
      "sga": null,
      "fcf": -366000,
      "ocf": 346000,
      "capex": -712000,
      "gross_margin": 0.6760458538037815,
      "op_margin": -0.05240434717880006,
      "fcf_margin": -0.05448861098704779
    },
    {
      "date": "2021-03-31T00:00:00",
      "quarter_label": "2021-03 (Q1)",
      "revenue": 5827000,
      "gross_profit": 3713000,
      "operating_income": -2392000,
      "net_income": -2418000,
      "opex": 6105000,
      "cogs": 2114000,
      "rd": 384000,
      "sga": null,
      "fcf": -587000,
      "ocf": 153000,
      "capex": -740000,
      "gross_margin": 0.6372061094903038,
      "op_margin": -0.4105028316457869,
      "fcf_margin": -0.10073794405354385,
      "fcf_margin_change": -0.046249333066496055
    },
    {
      "date": "2021-06-30T00:00:00",
      "quarter_label": "2021-06 (Q2)",
      "revenue": 7382000,
      "gross_profit": 4761000,
      "operating_income": -923000,
      "net_income": 1082000,
      "opex": 5684000,
      "cogs": 2621000,
      "rd": 403000,
      "sga": null,
      "fcf": -492000,
      "ocf": 234000,
      "capex": -726000,
      "gross_margin": 0.6449471687889461,
      "op_margin": -0.12503386616093198,
      "fcf_margin": -0.0666486047141696,
      "op_leverage_ratio": Infinity,
      "fcf_margin_change": 0.03408933933937425
    },
    {
      "date": "2021-09-30T00:00:00",
      "quarter_label": "2021-09 (Q3)",
      "revenue": 7711000,
      "gross_profit": 5376000,
      "operating_income": -465000,
      "net_income": -521000,
      "opex": 5841000,
      "cogs": 2335000,
      "rd": 371000,
      "sga": null,
      "fcf": -605000,
      "ocf": 452000,
      "capex": -1057000,
      "gross_margin": 0.6971858384126572,
      "op_margin": -0.06030346258591622,
      "fcf_margin": -0.07845934379457917,
      "op_leverage_ratio": 1.6135271369331843,
      "fcf_margin_change": -0.011810739080409569
    },
    {
      "date": "2021-12-31T00:00:00",
      "quarter_label": "2021-12 (Q4)",
      "revenue": 9057000,
      "gross_profit": 6000000,
      "operating_income": -622000,
      "net_income": -849000,
      "opex": 6622000,
      "cogs": 3057000,
      "rd": 276000,
      "sga": null,
      "fcf": -461000,
      "ocf": 669000,
      "capex": -1130000,
      "gross_margin": 0.6624710168930109,
      "op_margin": -0.06867616208457547,
      "fcf_margin": -0.05089985646461301,
      "incr_op_margin_yoy": -0.11538461538461539,
      "rev_growth_yoy": 0.3483698079499777,
      "op_leverage_ratio": 1.3054809207990778,
      "fcf_margin_change": 0.02755948732996616
    },
    {
      "date": "2022-03-31T00:00:00",
      "quarter_label": "2022-03 (Q1)",
      "revenue": 7041000,
      "gross_profit": 4128000,
      "operating_income": -2303000,
      "net_income": -2502000,
      "opex": 6431000,
      "cogs": 2913000,
      "rd": 163000,
      "sga": null,
      "fcf": -1032000,
      "ocf": -353000,
      "capex": -679000,
      "gross_margin": 0.5862803579037068,
      "op_margin": -0.32708422099133644,
      "fcf_margin": -0.1465700894759267,
      "incr_op_margin_yoy": 0.07331136738056013,
      "rev_growth_yoy": 0.2083404839540072,
      "rev_growth_yoy_accel": -0.14002932399597048,
      "fcf_margin_change": -0.0956702330113137
    },
    {
      "date": "2022-06-30T00:00:00",
      "quarter_label": "2022-06 (Q2)",
      "revenue": 9105000,
      "gross_profit": 4993000,
      "operating_income": -1694000,
      "net_income": -1892000,
      "opex": 6687000,
      "cogs": 4112000,
      "rd": 209000,
      "sga": null,
      "fcf": -887000,
      "ocf": -56000,
      "capex": -831000,
      "gross_margin": 0.5483800109829764,
      "op_margin": -0.18605161998901704,
      "fcf_margin": -0.09741900054914882,
      "incr_op_margin_yoy": -0.4474753337202554,
      "rev_growth_yoy": 0.2334055811433216,
      "rev_growth_yoy_accel": 0.025065097189314406,
      "op_leverage_ratio": 7.3640019173412865,
      "fcf_margin_change": 0.049151088926777886
    },
    {
      "date": "2022-09-30T00:00:00",
      "quarter_label": "2022-09 (Q3)",
      "revenue": 9413000,
      "gross_profit": 5799000,
      "operating_income": -786000,
      "net_income": -995000,
      "opex": 6585000,
      "cogs": 3614000,
      "rd": 216000,
      "sga": null,
      "fcf": -1221000,
      "ocf": -694000,
      "capex": -527000,
      "gross_margin": 0.6160628917454584,
      "op_margin": -0.0835015404228195,
      "fcf_margin": -0.1297142250079677,
      "incr_op_margin_yoy": -0.18860164512338426,
      "rev_growth_yoy": 0.220723641551031,
      "rev_growth_yoy_accel": -0.012681939592290609,
      "op_leverage_ratio": Infinity,
      "fcf_margin_change": -0.03229522445881888
    },
    {
      "date": "2022-12-31T00:00:00",
      "quarter_label": "2022-12 (Q4)",
      "revenue": 10602000,
      "gross_profit": 6848000,
      "operating_income": 134000,
      "net_income": -160000,
      "opex": 6714000,
      "cogs": 3754000,
      "rd": 441000,
      "sga": null,
      "fcf": -1520000,
      "ocf": 179000,
      "capex": -1699000,
      "gross_margin": 0.6459158649311451,
      "op_margin": 0.012639124693454065,
      "fcf_margin": -0.14336917562724014,
      "incr_op_margin_yoy": 0.4893203883495146,
      "rev_growth_yoy": 0.1705862868499503,
      "rev_growth_yoy_accel": -0.05013735470108069,
      "op_leverage_ratio": 6.4479233321556775,
      "fcf_margin_change": -0.013654950619272438
    },
    {
      "date": "2023-03-31T00:00:00",
      "quarter_label": "2023-03 (Q1)",
      "revenue": 7567000,
      "gross_profit": 4388000,
      "operating_income": -2586000,
      "net_income": -2835000,
      "opex": 6974000,
      "cogs": 3179000,
      "rd": 315000,
      "sga": null,
      "fcf": -2609000,
      "ocf": -817000,
      "capex": -1792000,
      "gross_margin": 0.5798863486190036,
      "op_margin": -0.34174705960089863,
      "fcf_margin": -0.3447865732787102,
      "rev_growth_yoy": 0.07470529754296265,
      "rev_growth_yoy_accel": -0.09588098930698766,
      "fcf_margin_change": -0.20141739765147007
    },
    {
      "date": "2023-06-30T00:00:00",
      "quarter_label": "2023-06 (Q2)",
      "revenue": 8250000,
      "gross_profit": 4318000,
      "operating_income": -1962000,
      "net_income": -3148000,
      "opex": 6280000,
      "cogs": 3932000,
      "rd": 374000,
      "sga": null,
      "fcf": -756000,
      "ocf": 947000,
      "capex": -1703000,
      "gross_margin": 0.5233939393939394,
      "op_margin": -0.23781818181818182,
      "fcf_margin": -0.09163636363636364,
      "rev_growth_yoy": -0.09390444810543658,
      "rev_growth_yoy_accel": -0.16860974564839923,
      "op_leverage_ratio": Infinity,
      "fcf_margin_change": 0.2531502096423466
    },
    {
      "date": "2023-09-30T00:00:00",
      "quarter_label": "2023-09 (Q3)",
      "revenue": 8852000,
      "gross_profit": 4954000,
      "operating_income": -615000,
      "net_income": -1053000,
      "opex": 5569000,
      "cogs": 3898000,
      "rd": 248000,
      "sga": null,
      "fcf": -1826000,
      "ocf": -2020000,
      "capex": 194000,
      "gross_margin": 0.5596475372797108,
      "op_margin": -0.06947582467239043,
      "fcf_margin": -0.20628106642566651,
      "rev_growth_yoy": -0.05959842770636354,
      "rev_growth_yoy_accel": 0.03430602039907304,
      "op_leverage_ratio": Infinity,
      "fcf_margin_change": -0.11464470278930287
    },
    {
      "date": "2023-12-31T00:00:00",
      "quarter_label": "2023-12 (Q4)",
      "revenue": 8689000,
      "gross_profit": 4801000,
      "operating_income": -3441000,
      "net_income": -3794000,
      "opex": 8242000,
      "cogs": 3888000,
      "rd": 380000,
      "sga": null,
      "fcf": -347000,
      "ocf": 1371000,
      "capex": -1718000,
      "gross_margin": 0.5525376913338704,
      "op_margin": -0.39601795373460696,
      "fcf_margin": -0.03993555069628266,
      "incr_op_margin_yoy": 1.8687924725561944,
      "rev_growth_yoy": -0.18043765327296737,
      "rev_growth_yoy_accel": -0.12083922556660384,
      "fcf_margin_change": 0.16634551572938386
    },
    {
      "date": "2024-03-31T00:00:00",
      "quarter_label": "2024-03 (Q1)",
      "revenue": 6754000,
      "gross_profit": 3080000,
      "operating_income": -2889000,
      "net_income": -3368000,
      "opex": 5969000,
      "cogs": 3674000,
      "rd": 241000,
      "sga": null,
      "fcf": -1529000,
      "ocf": -804000,
      "capex": -725000,
      "gross_margin": 0.4560260586319218,
      "op_margin": -0.4277465205803968,
      "fcf_margin": -0.2263843648208469,
      "rev_growth_yoy": -0.10744020087220828,
      "rev_growth_yoy_accel": 0.0729974524007591,
      "fcf_margin_change": -0.18644881412456424
    },
    {
      "date": "2024-06-30T00:00:00",
      "quarter_label": "2024-06 (Q2)",
      "revenue": 8435000,
      "gross_profit": 4937000,
      "operating_income": -486000,
      "net_income": -99000,
      "opex": 5423000,
      "cogs": 3498000,
      "rd": 199000,
      "sga": null,
      "fcf": 246000,
      "ocf": 591000,
      "capex": -345000,
      "gross_margin": 0.5852993479549496,
      "op_margin": -0.05761707172495554,
      "fcf_margin": 0.02916419679905157,
      "rev_growth_yoy": 0.022424242424242423,
      "rev_growth_yoy_accel": 0.1298644432964507,
      "op_leverage_ratio": Infinity,
      "fcf_margin_change": 0.2555485616198985
    },
    {
      "date": "2024-09-30T00:00:00",
      "quarter_label": "2024-09 (Q3)",
      "revenue": 8797000,
      "gross_profit": 5307000,
      "operating_income": -1653000,
      "net_income": -2122000,
      "opex": 6960000,
      "cogs": 3490000,
      "rd": 243000,
      "sga": null,
      "fcf": -364000,
      "ocf": -302000,
      "capex": -62000,
      "gross_margin": 0.6032738433556895,
      "op_margin": -0.1879049676025918,
      "fcf_margin": -0.041377742412185975,
      "rev_growth_yoy": -0.0062132851333032086,
      "rev_growth_yoy_accel": -0.02863752755754563,
      "op_leverage_ratio": 0.1514220845309861,
      "fcf_margin_change": -0.07054193921123755
    },
    {
      "date": "2024-12-31T00:00:00",
      "quarter_label": "2024-12 (Q4)",
      "revenue": 9576000,
      "gross_profit": 5757000,
      "operating_income": -4227000,
      "net_income": -4497000,
      "opex": 9984000,
      "cogs": 3819000,
      "rd": 200000,
      "sga": null,
      "fcf": 199000,
      "ocf": 703000,
      "capex": -504000,
      "gross_margin": 0.6011904761904762,
      "op_margin": -0.44141604010025065,
      "fcf_margin": 0.02078111946532999,
      "rev_growth_yoy": 0.10208309356657844,
      "rev_growth_yoy_accel": 0.10829637869988165,
      "op_leverage_ratio": 0.20381226644725564,
      "fcf_margin_change": 0.062158861877515965
    },
    {
      "date": "2025-03-31T00:00:00",
      "quarter_label": "2025-03 (Q1)",
      "revenue": 6812000,
      "gross_profit": 3647000,
      "operating_income": -2015000,
      "net_income": -2432000,
      "opex": 5662000,
      "cogs": 3165000,
      "rd": 96000,
      "sga": null,
      "fcf": -749000,
      "ocf": -550000,
      "capex": -199000,
      "gross_margin": 0.5353787433940106,
      "op_margin": -0.2958015267175573,
      "fcf_margin": -0.10995302407516148,
      "rev_growth_yoy": 0.008587503701510216,
      "rev_growth_yoy_accel": -0.09349558986506822,
      "fcf_margin_change": -0.13073414354049148
    },
    {
      "date": "2025-06-30T00:00:00",
      "quarter_label": "2025-06 (Q2)",
      "revenue": 7663000,
      "gross_profit": 4306000,
      "operating_income": -2224000,
      "net_income": -2489000,
      "opex": 6530000,
      "cogs": 3357000,
      "rd": 86000,
      "sga": null,
      "fcf": -1880000,
      "ocf": -1941000,
      "capex": 61000,
      "gross_margin": 0.561920918700248,
      "op_margin": -0.29022576014615686,
      "fcf_margin": -0.24533472530340597,
      "rev_growth_yoy": -0.0915234143449911,
      "rev_growth_yoy_accel": -0.10011091804650132,
      "op_leverage_ratio": 0.8149013938536224,
      "fcf_margin_change": -0.1353817012282445
    },
    {
      "date": "2025-09-30T00:00:00",
      "quarter_label": "2025-09 (Q3)",
      "revenue": 6929000,
      "gross_profit": 4184000,
      "operating_income": -1173000,
      "net_income": -1622000,
      "opex": 5357000,
      "cogs": 2745000,
      "rd": 172000,
      "sga": null,
      "fcf": -1082000,
      "ocf": -64000,
      "capex": -1018000,
      "gross_margin": 0.603838937797662,
      "op_margin": -0.169288497618704,
      "fcf_margin": -0.15615528936354453,
      "incr_op_margin_yoy": -0.2569593147751606,
      "rev_growth_yoy": -0.21234511765374559,
      "rev_growth_yoy_accel": -0.12082170330875448,
      "fcf_margin_change": 0.08917943593986144
    }
  ],
  "signals": [
    {
      "quarter": "2025-09 (Q3)",
      "signal": "FCF MARGIN EXPANSION",
      "detail": "FCF margin: -24.5% -> -15.6% (+8.9%)",
      "severity": "MEDIUM"
    },
    {
      "quarter": "2025-09 (Q3)",
      "signal": "YoY REVENUE GROWTH DECELERATION",
      "detail": "YoY growth: -21.2% vs prior quarter YoY: -9.2% (decel: -12.1%)",
      "severity": "WARNING"
    },
    {
      "quarter": "2025-06 (Q2)",
      "signal": "GROSS MARGIN INFLECTION",
      "detail": "GM: +60.1% -> +53.5% -> +56.2% (reversal +2.7%)",
      "severity": "MEDIUM"
    },
    {
      "quarter": "2025-06 (Q2)",
      "signal": "YoY REVENUE GROWTH DECELERATION",
      "detail": "YoY growth: -9.2% vs prior quarter YoY: +0.9% (decel: -10.0%)",
      "severity": "WARNING"
    },
    {
      "quarter": "2025-03 (Q1)",
      "signal": "YoY REVENUE GROWTH DECELERATION",
      "detail": "YoY growth: +0.9% vs prior quarter YoY: +10.2% (decel: -9.3%)",
      "severity": "WARNING"
    },
    {
      "quarter": "2024-12 (Q4)",
      "signal": "FCF TURNED POSITIVE",
      "detail": "FCF margin: -4.1% -> +2.1%",
      "severity": "HIGH"
    },
    {
      "quarter": "2024-12 (Q4)",
      "signal": "YoY REVENUE GROWTH ACCELERATION",
      "detail": "YoY growth: +10.2% vs prior quarter YoY: -0.6% (accel: +10.8%)",
      "severity": "MEDIUM"
    },
    {
      "quarter": "2024-06 (Q2)",
      "signal": "FCF TURNED POSITIVE",
      "detail": "FCF margin: -22.6% -> +2.9%",
      "severity": "HIGH"
    },
    {
      "quarter": "2024-06 (Q2)",
      "signal": "GROSS MARGIN INFLECTION",
      "detail": "GM: +55.3% -> +45.6% -> +58.5% (reversal +12.9%)",
      "severity": "HIGH"
    },
    {
      "quarter": "2024-06 (Q2)",
      "signal": "YoY REVENUE GROWTH ACCELERATION",
      "detail": "YoY growth: +2.2% vs prior quarter YoY: -10.7% (accel: +13.0%)",
      "severity": "MEDIUM"
    },
    {
      "quarter": "2024-03 (Q1)",
      "signal": "YoY REVENUE GROWTH ACCELERATION",
      "detail": "YoY growth: -10.7% vs prior quarter YoY: -18.0% (accel: +7.3%)",
      "severity": "MEDIUM"
    },
    {
      "quarter": "2023-12 (Q4)",
      "signal": "FCF MARGIN EXPANSION",
      "detail": "FCF margin: -20.6% -> -4.0% (+16.6%)",
      "severity": "MEDIUM"
    },
    {
      "quarter": "2023-12 (Q4)",
      "signal": "YoY REVENUE GROWTH DECELERATION",
      "detail": "YoY growth: -18.0% vs prior quarter YoY: -6.0% (decel: -12.1%)",
      "severity": "WARNING"
    },
    {
      "quarter": "2023-09 (Q3)",
      "signal": "GROSS MARGIN INFLECTION",
      "detail": "GM: +58.0% -> +52.3% -> +56.0% (reversal +3.6%)",
      "severity": "MEDIUM"
    },
    {
      "quarter": "2023-06 (Q2)",
      "signal": "FCF MARGIN EXPANSION",
      "detail": "FCF margin: -34.5% -> -9.2% (+25.3%)",
      "severity": "MEDIUM"
    },
    {
      "quarter": "2023-06 (Q2)",
      "signal": "YoY REVENUE GROWTH DECELERATION",
      "detail": "YoY growth: -9.4% vs prior quarter YoY: +7.5% (decel: -16.9%)",
      "severity": "WARNING"
    },
    {
      "quarter": "2023-03 (Q1)",
      "signal": "YoY REVENUE GROWTH DECELERATION",
      "detail": "YoY growth: +7.5% vs prior quarter YoY: +17.1% (decel: -9.6%)",
      "severity": "WARNING"
    },
    {
      "quarter": "2022-12 (Q4)",
      "signal": "OPERATING LEVERAGE",
      "detail": "Rev growth +12.6% vs OpEx growth +2.0% (leverage: 6.4x)",
      "severity": "MEDIUM"
    },
    {
      "quarter": "2022-12 (Q4)",
      "signal": "YoY REVENUE GROWTH DECELERATION",
      "detail": "YoY growth: +17.1% vs prior quarter YoY: +22.1% (decel: -5.0%)",
      "severity": "WARNING"
    },
    {
      "quarter": "2022-12 (Q4)",
      "signal": "OP MARGIN TURNED POSITIVE (YoY)",
      "detail": "Op margin: -6.9% (year-ago) -> +1.3%",
      "severity": "HIGH"
    },
    {
      "quarter": "2022-12 (Q4)",
      "signal": "OP MARGIN TURNED POSITIVE (QoQ)",
      "detail": "Op margin: -8.4% -> +1.3%",
      "severity": "HIGH"
    },
    {
      "quarter": "2022-09 (Q3)",
      "signal": "GROSS MARGIN INFLECTION",
      "detail": "GM: +58.6% -> +54.8% -> +61.6% (reversal +6.8%)",
      "severity": "HIGH"
    },
    {
      "quarter": "2022-06 (Q2)",
      "signal": "OPERATING LEVERAGE",
      "detail": "Rev growth +29.3% vs OpEx growth +4.0% (leverage: 7.4x)",
      "severity": "MEDIUM"
    },
    {
      "quarter": "2022-03 (Q1)",
      "signal": "YoY REVENUE GROWTH DECELERATION",
      "detail": "YoY growth: +20.8% vs prior quarter YoY: +34.8% (decel: -14.0%)",
      "severity": "WARNING"
    },
    {
      "quarter": "2021-09 (Q3)",
      "signal": "OPERATING LEVERAGE",
      "detail": "Rev growth +4.5% vs OpEx growth +2.8% (leverage: 1.6x)",
      "severity": "MEDIUM"
    }
  ],
  "data_quality": {
    "n_quarters": 20,
    "coverage": {
      "revenue": [
        20,
        20
      ],
      "gross_profit": [
        20,
        20
      ],
      "op_income": [
        20,
        20
      ],
      "fcf": [
        20,
        20
      ]
    },
    "gaps": [],
    "warnings": []
  },
  "market_cap": null,
  "source": "SEC EDGAR",
  "last_updated": "2026-02-03T00:16:35.785672"
}