{
  "ticker": "SSNC",
  "name": "SS&C TECHNOLOGIES HOLDINGS, INC.",
  "quarters": [
    {
      "date": "2020-12-31T00:00:00",
      "quarter_label": "2020-12 (Q4)",
      "revenue": 1203400000,
      "gross_profit": 550600000,
      "operating_income": 268700000,
      "net_income": 197100000,
      "opex": 281900000,
      "cogs": 652800000,
      "rd": 100700000,
      "sga": null,
      "fcf": 420200000,
      "ocf": 429600000,
      "capex": -9400000,
      "gross_margin": 0.45753697856074454,
      "op_margin": 0.22328402858567392,
      "fcf_margin": 0.3491773308957952
    },
    {
      "date": "2021-03-31T00:00:00",
      "quarter_label": "2021-03 (Q1)",
      "revenue": 1233400000,
      "gross_profit": 559100000,
      "operating_income": 269100000,
      "net_income": 174900000,
      "opex": 290000000,
      "cogs": 674300000,
      "rd": 107900000,
      "sga": null,
      "fcf": 176600000,
      "ocf": 185700000,
      "capex": -9100000,
      "gross_margin": 0.4532998216312632,
      "op_margin": 0.21817739581644235,
      "fcf_margin": 0.1431814496513702,
      "op_leverage_ratio": 0.8676035184261875,
      "fcf_margin_change": -0.20599588124442503
    },
    {
      "date": "2021-06-30T00:00:00",
      "quarter_label": "2021-06 (Q2)",
      "revenue": 1259000000,
      "gross_profit": 595000000,
      "operating_income": 312900000,
      "net_income": 189800000,
      "opex": 282100000,
      "cogs": 664000000,
      "rd": 100800000,
      "sga": null,
      "fcf": 368100000,
      "ocf": 376600000,
      "capex": -8500000,
      "gross_margin": 0.4725972994440032,
      "op_margin": 0.24853057982525814,
      "fcf_margin": 0.29237490071485306,
      "op_leverage_ratio": Infinity,
      "fcf_margin_change": 0.14919345106348286
    },
    {
      "date": "2021-09-30T00:00:00",
      "quarter_label": "2021-09 (Q3)",
      "revenue": 1264400000,
      "gross_profit": 624000000,
      "operating_income": 340100000,
      "net_income": 184400000,
      "opex": 283900000,
      "cogs": 640400000,
      "rd": 97700000,
      "sga": null,
      "fcf": 369200000,
      "ocf": 382600000,
      "capex": -13400000,
      "gross_margin": 0.4935147105346409,
      "op_margin": 0.2689813350205631,
      "fcf_margin": 0.2919962037329959,
      "fcf_margin_change": -0.00037869698185716283
    },
    {
      "date": "2021-12-31T00:00:00",
      "quarter_label": "2021-12 (Q4)",
      "revenue": 1294200000,
      "gross_profit": 631200000,
      "operating_income": 320200000,
      "net_income": 250900000,
      "opex": 311000000,
      "cogs": 663000000,
      "rd": 108500000,
      "sga": null,
      "fcf": 463800000,
      "ocf": 484100000,
      "capex": -20300000,
      "gross_margin": 0.48771441817338895,
      "op_margin": 0.24741152835728636,
      "fcf_margin": 0.35836810384793694,
      "incr_op_margin_yoy": 0.5671806167400881,
      "rev_growth_yoy": 0.07545288349675919,
      "op_leverage_ratio": 0.24690385942138446,
      "fcf_margin_change": 0.06637190011494104
    },
    {
      "date": "2022-03-31T00:00:00",
      "quarter_label": "2022-03 (Q1)",
      "revenue": 1295000000,
      "gross_profit": 619800000,
      "operating_income": 291800000,
      "net_income": 172100000,
      "opex": 328000000,
      "cogs": 675200000,
      "rd": 105800000,
      "sga": null,
      "fcf": 172700000,
      "ocf": 183500000,
      "capex": -10800000,
      "gross_margin": 0.4786100386100386,
      "op_margin": 0.22532818532818533,
      "fcf_margin": 0.13335907335907335,
      "incr_op_margin_yoy": 0.3685064935064935,
      "rev_growth_yoy": 0.049943246311010214,
      "rev_growth_yoy_accel": -0.025509637185748973,
      "fcf_margin_change": -0.2250090304888636
    },
    {
      "date": "2022-06-30T00:00:00",
      "quarter_label": "2022-06 (Q2)",
      "revenue": 1328700000,
      "gross_profit": 624300000,
      "operating_income": 245600000,
      "net_income": 110600000,
      "opex": 378700000,
      "cogs": 704400000,
      "rd": 118400000,
      "sga": null,
      "fcf": 252200000,
      "ocf": 264000000,
      "capex": -11800000,
      "gross_margin": 0.4698577557010612,
      "op_margin": 0.184842327086626,
      "fcf_margin": 0.18980958831940994,
      "incr_op_margin_yoy": -0.9655667144906743,
      "rev_growth_yoy": 0.055361397934868946,
      "rev_growth_yoy_accel": 0.0054181516238587316,
      "op_leverage_ratio": 0.16835499912422988,
      "fcf_margin_change": 0.056450514960336595
    },
    {
      "date": "2022-09-30T00:00:00",
      "quarter_label": "2022-09 (Q3)",
      "revenue": 1321000000,
      "gross_profit": 623800000,
      "operating_income": 304200000,
      "net_income": 160000000,
      "opex": 319600000,
      "cogs": 697200000,
      "rd": 107600000,
      "sga": null,
      "fcf": 286400000,
      "ocf": 317100000,
      "capex": -30700000,
      "gross_margin": 0.47221801665404994,
      "op_margin": 0.2302800908402725,
      "fcf_margin": 0.21680545041635124,
      "incr_op_margin_yoy": -0.6342756183745583,
      "rev_growth_yoy": 0.04476431509016134,
      "rev_growth_yoy_accel": -0.010597082844707603,
      "fcf_margin_change": 0.026995862096941298
    },
    {
      "date": "2022-12-31T00:00:00",
      "quarter_label": "2022-12 (Q4)",
      "revenue": 1338300000,
      "gross_profit": 647400000,
      "operating_income": 301300000,
      "net_income": 207500000,
      "opex": 346100000,
      "cogs": 690900000,
      "rd": 115500000,
      "sga": null,
      "fcf": 359600000,
      "ocf": 369700000,
      "capex": -10100000,
      "gross_margin": 0.4837480385563775,
      "op_margin": 0.22513636703280282,
      "fcf_margin": 0.2686990958678921,
      "incr_op_margin_yoy": -0.42857142857142855,
      "rev_growth_yoy": 0.034075104311543813,
      "rev_growth_yoy_accel": -0.01068921077861753,
      "op_leverage_ratio": 0.15794438175767359,
      "fcf_margin_change": 0.05189364545154085
    },
    {
      "date": "2023-03-31T00:00:00",
      "quarter_label": "2023-03 (Q1)",
      "revenue": 1362700000,
      "gross_profit": 637000000,
      "operating_income": 280100000,
      "net_income": 126000000,
      "opex": 356900000,
      "cogs": 725700000,
      "rd": 118200000,
      "sga": null,
      "fcf": 244300000,
      "ocf": 254800000,
      "capex": -10500000,
      "gross_margin": 0.4674543186321274,
      "op_margin": 0.20554780949585383,
      "fcf_margin": 0.17927643648638733,
      "incr_op_margin_yoy": -0.172821270310192,
      "rev_growth_yoy": 0.05227799227799228,
      "rev_growth_yoy_accel": 0.018202887966448464,
      "op_leverage_ratio": 0.5842708134421503,
      "fcf_margin_change": -0.08942265938150476
    },
    {
      "date": "2023-06-30T00:00:00",
      "quarter_label": "2023-06 (Q2)",
      "revenue": 1362600000,
      "gross_profit": 641100000,
      "operating_income": 288200000,
      "net_income": 130700000,
      "opex": 352900000,
      "cogs": 721500000,
      "rd": 119600000,
      "sga": null,
      "fcf": 315700000,
      "ocf": 329400000,
      "capex": -13700000,
      "gross_margin": 0.47049757815940113,
      "op_margin": 0.21150741230001469,
      "fcf_margin": 0.2316894172904741,
      "incr_op_margin_yoy": 1.2566371681415929,
      "rev_growth_yoy": 0.025513659968390157,
      "rev_growth_yoy_accel": -0.02676433230960212,
      "fcf_margin_change": 0.05241298080408677
    },
    {
      "date": "2023-09-30T00:00:00",
      "quarter_label": "2023-09 (Q3)",
      "revenue": 1365900000,
      "gross_profit": 654400000,
      "operating_income": 306400000,
      "net_income": 156000000,
      "opex": 348000000,
      "cogs": 711500000,
      "rd": 117700000,
      "sga": null,
      "fcf": 226000000,
      "ocf": 242500000,
      "capex": -16500000,
      "gross_margin": 0.47909803060253314,
      "op_margin": 0.22432096053883885,
      "fcf_margin": 0.16545867193791639,
      "incr_op_margin_yoy": 0.04899777282850779,
      "rev_growth_yoy": 0.03398940196820591,
      "rev_growth_yoy_accel": 0.00847574199981575,
      "fcf_margin_change": -0.06623074535255771
    },
    {
      "date": "2023-12-31T00:00:00",
      "quarter_label": "2023-12 (Q4)",
      "revenue": 1411600000,
      "gross_profit": 719300000,
      "operating_income": 334200000,
      "net_income": 194400000,
      "opex": 385100000,
      "cogs": 692300000,
      "rd": 118300000,
      "sga": null,
      "fcf": 372500000,
      "ocf": 388400000,
      "capex": -15900000,
      "gross_margin": 0.5095636157551714,
      "op_margin": 0.2367526211391329,
      "fcf_margin": 0.2638849532445452,
      "incr_op_margin_yoy": 0.4488403819918145,
      "rev_growth_yoy": 0.05477097810655309,
      "rev_growth_yoy_accel": 0.020781576138347184,
      "op_leverage_ratio": 0.31383590571188213,
      "fcf_margin_change": 0.09842628130662881
    },
    {
      "date": "2024-03-31T00:00:00",
      "quarter_label": "2024-03 (Q1)",
      "revenue": 1435000000,
      "gross_profit": 707200000,
      "operating_income": 332900000,
      "net_income": 157600000,
      "opex": 374300000,
      "cogs": 727800000,
      "rd": 120900000,
      "sga": null,
      "fcf": 174700000,
      "ocf": 180500000,
      "capex": -5800000,
      "gross_margin": 0.49282229965156793,
      "op_margin": 0.23198606271777003,
      "fcf_margin": 0.12174216027874564,
      "incr_op_margin_yoy": 0.7302904564315352,
      "rev_growth_yoy": 0.05305643208336391,
      "rev_growth_yoy_accel": -0.001714546023189184,
      "op_leverage_ratio": Infinity,
      "fcf_margin_change": -0.14214279296579957
    },
    {
      "date": "2024-06-30T00:00:00",
      "quarter_label": "2024-06 (Q2)",
      "revenue": 1451500000,
      "gross_profit": 698300000,
      "operating_income": 327600000,
      "net_income": 190300000,
      "opex": 370700000,
      "cogs": 753200000,
      "rd": 128700000,
      "sga": null,
      "fcf": 374900000,
      "ocf": 384900000,
      "capex": -10000000,
      "gross_margin": 0.4810885291078195,
      "op_margin": 0.22569755425421978,
      "fcf_margin": 0.2582845332414743,
      "incr_op_margin_yoy": 0.4431946006749156,
      "rev_growth_yoy": 0.06524291795097607,
      "rev_growth_yoy_accel": 0.012186485867612167,
      "op_leverage_ratio": Infinity,
      "fcf_margin_change": 0.1365423729627287
    },
    {
      "date": "2024-09-30T00:00:00",
      "quarter_label": "2024-09 (Q3)",
      "revenue": 1465800000,
      "gross_profit": 704200000,
      "operating_income": 325100000,
      "net_income": 164400000,
      "opex": 379100000,
      "cogs": 761600000,
      "rd": 131300000,
      "sga": null,
      "fcf": 310700000,
      "ocf": 336600000,
      "capex": -25900000,
      "gross_margin": 0.4804202483285578,
      "op_margin": 0.22179014872424616,
      "fcf_margin": 0.21196616182289535,
      "incr_op_margin_yoy": 0.1871871871871872,
      "rev_growth_yoy": 0.07313858994069844,
      "rev_growth_yoy_accel": 0.007895671989722367,
      "fcf_margin_change": -0.046318371418578974
    },
    {
      "date": "2024-12-31T00:00:00",
      "quarter_label": "2024-12 (Q4)",
      "revenue": 1529700000,
      "gross_profit": 753900000,
      "operating_income": 357900000,
      "net_income": 248200000,
      "opex": 396000000,
      "cogs": 775800000,
      "rd": 136800000,
      "sga": null,
      "fcf": 466900000,
      "ocf": 486600000,
      "capex": -19700000,
      "gross_margin": 0.4928417336732693,
      "op_margin": 0.2339674445969798,
      "fcf_margin": 0.3052232463881807,
      "incr_op_margin_yoy": 0.20067739204064353,
      "rev_growth_yoy": 0.08366392745820346,
      "rev_growth_yoy_accel": 0.01052533751750502,
      "op_leverage_ratio": 0.9778972405157109,
      "fcf_margin_change": 0.09325708456528536
    },
    {
      "date": "2025-03-31T00:00:00",
      "quarter_label": "2025-03 (Q1)",
      "revenue": 1513900000,
      "gross_profit": 747100000,
      "operating_income": 357900000,
      "net_income": 213000000,
      "opex": 389200000,
      "cogs": 766800000,
      "rd": 129100000,
      "sga": null,
      "fcf": 259500000,
      "ocf": 272200000,
      "capex": -12700000,
      "gross_margin": 0.493493625734857,
      "op_margin": 0.23640927406037388,
      "fcf_margin": 0.17141158597001122,
      "incr_op_margin_yoy": 0.31685678073510776,
      "rev_growth_yoy": 0.054982578397212545,
      "rev_growth_yoy_accel": -0.028681349060990916,
      "fcf_margin_change": -0.1338116604181695
    },
    {
      "date": "2025-06-30T00:00:00",
      "quarter_label": "2025-06 (Q2)",
      "revenue": 1536800000,
      "gross_profit": 736900000,
      "operating_income": 344500000,
      "net_income": 180800000,
      "opex": 392400000,
      "cogs": 799900000,
      "rd": 128100000,
      "sga": null,
      "fcf": 350000000,
      "ocf": 372900000,
      "capex": -22900000,
      "gross_margin": 0.4795028630921395,
      "op_margin": 0.224167100468506,
      "fcf_margin": 0.22774596564289432,
      "incr_op_margin_yoy": 0.1981242672919109,
      "rev_growth_yoy": 0.05876679297278677,
      "rev_growth_yoy_accel": 0.003784214575574228,
      "op_leverage_ratio": 1.8397598916705198,
      "fcf_margin_change": 0.0563343796728831
    },
    {
      "date": "2025-09-30T00:00:00",
      "quarter_label": "2025-09 (Q3)",
      "revenue": 1568000000,
      "gross_profit": 747800000,
      "operating_income": 365700000,
      "net_income": 210000000,
      "opex": 382100000,
      "cogs": 820200000,
      "rd": 118600000,
      "sga": null,
      "fcf": 421500000,
      "ocf": 456200000,
      "capex": -34700000,
      "gross_margin": 0.47691326530612244,
      "op_margin": 0.23322704081632653,
      "fcf_margin": 0.2688137755102041,
      "incr_op_margin_yoy": 0.3972602739726027,
      "rev_growth_yoy": 0.06972301814708691,
      "rev_growth_yoy_accel": 0.010956225174300137,
      "op_leverage_ratio": Infinity,
      "fcf_margin_change": 0.04106780986730976
    }
  ],
  "signals": [
    {
      "quarter": "2025-09 (Q3)",
      "signal": "INCREMENTAL MARGIN (YoY)",
      "detail": "YoY Incr OPM: +39.7% vs year-ago OPM: +22.2%",
      "severity": "MEDIUM"
    },
    {
      "quarter": "2025-06 (Q2)",
      "signal": "FCF MARGIN EXPANSION",
      "detail": "FCF margin: +17.1% -> +22.8% (+5.6%)",
      "severity": "MEDIUM"
    },
    {
      "quarter": "2025-06 (Q2)",
      "signal": "OPERATING LEVERAGE",
      "detail": "Rev growth +1.5% vs OpEx growth +0.8% (leverage: 1.8x)",
      "severity": "MEDIUM"
    },
    {
      "quarter": "2024-12 (Q4)",
      "signal": "FCF MARGIN EXPANSION",
      "detail": "FCF margin: +21.2% -> +30.5% (+9.3%)",
      "severity": "MEDIUM"
    },
    {
      "quarter": "2024-06 (Q2)",
      "signal": "FCF MARGIN EXPANSION",
      "detail": "FCF margin: +12.2% -> +25.8% (+13.7%)",
      "severity": "MEDIUM"
    },
    {
      "quarter": "2024-06 (Q2)",
      "signal": "INCREMENTAL MARGIN (YoY)",
      "detail": "YoY Incr OPM: +44.3% vs year-ago OPM: +21.2%",
      "severity": "HIGH"
    },
    {
      "quarter": "2024-03 (Q1)",
      "signal": "INCREMENTAL MARGIN (YoY)",
      "detail": "YoY Incr OPM: +73.0% vs year-ago OPM: +20.6%",
      "severity": "HIGH"
    },
    {
      "quarter": "2023-12 (Q4)",
      "signal": "FCF MARGIN EXPANSION",
      "detail": "FCF margin: +16.5% -> +26.4% (+9.8%)",
      "severity": "MEDIUM"
    },
    {
      "quarter": "2023-12 (Q4)",
      "signal": "INCREMENTAL MARGIN (YoY)",
      "detail": "YoY Incr OPM: +44.9% vs year-ago OPM: +22.5%",
      "severity": "HIGH"
    },
    {
      "quarter": "2023-06 (Q2)",
      "signal": "FCF MARGIN EXPANSION",
      "detail": "FCF margin: +17.9% -> +23.2% (+5.2%)",
      "severity": "MEDIUM"
    },
    {
      "quarter": "2023-06 (Q2)",
      "signal": "INCREMENTAL MARGIN (YoY)",
      "detail": "YoY Incr OPM: +125.7% vs year-ago OPM: +18.5%",
      "severity": "HIGH"
    },
    {
      "quarter": "2022-12 (Q4)",
      "signal": "FCF MARGIN EXPANSION",
      "detail": "FCF margin: +21.7% -> +26.9% (+5.2%)",
      "severity": "MEDIUM"
    },
    {
      "quarter": "2022-06 (Q2)",
      "signal": "FCF MARGIN EXPANSION",
      "detail": "FCF margin: +13.3% -> +19.0% (+5.6%)",
      "severity": "MEDIUM"
    },
    {
      "quarter": "2022-03 (Q1)",
      "signal": "INCREMENTAL MARGIN (YoY)",
      "detail": "YoY Incr OPM: +36.9% vs year-ago OPM: +21.8%",
      "severity": "MEDIUM"
    },
    {
      "quarter": "2021-12 (Q4)",
      "signal": "FCF MARGIN EXPANSION",
      "detail": "FCF margin: +29.2% -> +35.8% (+6.6%)",
      "severity": "MEDIUM"
    },
    {
      "quarter": "2021-12 (Q4)",
      "signal": "INCREMENTAL MARGIN (YoY)",
      "detail": "YoY Incr OPM: +56.7% vs year-ago OPM: +22.3%",
      "severity": "HIGH"
    },
    {
      "quarter": "2021-06 (Q2)",
      "signal": "FCF MARGIN EXPANSION",
      "detail": "FCF margin: +14.3% -> +29.2% (+14.9%)",
      "severity": "MEDIUM"
    }
  ],
  "data_quality": {
    "n_quarters": 20,
    "coverage": {
      "revenue": [
        20,
        20
      ],
      "gross_profit": [
        20,
        20
      ],
      "op_income": [
        20,
        20
      ],
      "fcf": [
        20,
        20
      ]
    },
    "gaps": [],
    "warnings": []
  },
  "market_cap": null,
  "source": "SEC EDGAR",
  "last_updated": "2026-02-02T20:17:44.344303"
}