{
  "ticker": "SSTI",
  "name": "SoundThinking, Inc.",
  "quarters": [
    {
      "date": "2020-12-31T00:00:00",
      "quarter_label": "2020-12 (Q4)",
      "revenue": 12649000,
      "gross_profit": 7491000,
      "operating_income": -223000,
      "net_income": -220000,
      "opex": 7714000,
      "cogs": 5158000,
      "rd": 1510000,
      "sga": null,
      "fcf": 1473000,
      "ocf": 2400000,
      "capex": -927000,
      "gross_margin": 0.5922207289113764,
      "op_margin": -0.01762985216222626,
      "fcf_margin": 0.11645189343031069
    },
    {
      "date": "2021-03-31T00:00:00",
      "quarter_label": "2021-03 (Q1)",
      "revenue": 15013000,
      "gross_profit": 8688000,
      "operating_income": 169000,
      "net_income": 79000,
      "opex": 8519000,
      "cogs": 6325000,
      "rd": 1713000,
      "sga": null,
      "fcf": -2729000,
      "ocf": -1496000,
      "capex": -1233000,
      "gross_margin": 0.578698461333511,
      "op_margin": 0.011256910677412909,
      "fcf_margin": -0.18177579431159663,
      "op_leverage_ratio": 1.7909152467801202,
      "fcf_margin_change": -0.29822768774190733
    },
    {
      "date": "2021-06-30T00:00:00",
      "quarter_label": "2021-06 (Q2)",
      "revenue": 14624000,
      "gross_profit": 8307000,
      "operating_income": -173000,
      "net_income": -250000,
      "opex": 8480000,
      "cogs": 6317000,
      "rd": 1740000,
      "sga": null,
      "fcf": 4292000,
      "ocf": 6632000,
      "capex": -2340000,
      "gross_margin": 0.5680388402625821,
      "op_margin": -0.011829868708971554,
      "fcf_margin": 0.29349015317286653,
      "fcf_margin_change": 0.47526594748446316
    },
    {
      "date": "2021-09-30T00:00:00",
      "quarter_label": "2021-09 (Q3)",
      "revenue": 14547000,
      "gross_profit": 8027000,
      "operating_income": -911000,
      "net_income": -949000,
      "opex": 8938000,
      "cogs": 6520000,
      "rd": 1703000,
      "sga": null,
      "fcf": -1820000,
      "ocf": 239000,
      "capex": -2059000,
      "gross_margin": 0.5517976215027154,
      "op_margin": -0.06262459613666048,
      "fcf_margin": -0.12511170688114387,
      "fcf_margin_change": -0.4186018600540104
    },
    {
      "date": "2021-12-31T00:00:00",
      "quarter_label": "2021-12 (Q4)",
      "revenue": 13971000,
      "gross_profit": 7497000,
      "operating_income": -3154000,
      "net_income": -3311000,
      "opex": 10651000,
      "cogs": 6474000,
      "rd": 1879000,
      "sga": null,
      "fcf": 2239000,
      "ocf": 4447000,
      "capex": -2208000,
      "gross_margin": 0.5366115525016105,
      "op_margin": -0.2257533462171641,
      "fcf_margin": 0.16026053968935652,
      "incr_op_margin_yoy": -2.2170953101361572,
      "rev_growth_yoy": 0.1045141908451261,
      "fcf_margin_change": 0.2853722465705004
    },
    {
      "date": "2022-03-31T00:00:00",
      "quarter_label": "2022-03 (Q1)",
      "revenue": 21214000,
      "gross_profit": 12924000,
      "operating_income": 432000,
      "net_income": 387000,
      "opex": 12492000,
      "cogs": 8290000,
      "rd": 2627000,
      "sga": null,
      "fcf": -617000,
      "ocf": 1283000,
      "capex": -1900000,
      "gross_margin": 0.6092203261996795,
      "op_margin": 0.020363910625058924,
      "fcf_margin": -0.029084566795512398,
      "incr_op_margin_yoy": 0.04241251411062732,
      "rev_growth_yoy": 0.41304203024045827,
      "rev_growth_yoy_accel": 0.3085278393953322,
      "op_leverage_ratio": 2.9993530480282913,
      "fcf_margin_change": -0.1893451064848689
    },
    {
      "date": "2022-06-30T00:00:00",
      "quarter_label": "2022-06 (Q2)",
      "revenue": 20016000,
      "gross_profit": 11649000,
      "operating_income": 3203000,
      "net_income": 3010000,
      "opex": 8446000,
      "cogs": 8367000,
      "rd": 2534000,
      "sga": null,
      "fcf": -4356000,
      "ocf": -1503000,
      "capex": -2853000,
      "gross_margin": 0.581984412470024,
      "op_margin": 0.16002198241406876,
      "fcf_margin": -0.21762589928057555,
      "incr_op_margin_yoy": 0.6261127596439169,
      "rev_growth_yoy": 0.3687089715536105,
      "rev_growth_yoy_accel": -0.04433305868684778,
      "fcf_margin_change": -0.18854133248506316
    },
    {
      "date": "2022-09-30T00:00:00",
      "quarter_label": "2022-09 (Q3)",
      "revenue": 18775000,
      "gross_profit": 10302000,
      "operating_income": 4075000,
      "net_income": 4033000,
      "opex": 6227000,
      "cogs": 8473000,
      "rd": 2409000,
      "sga": null,
      "fcf": 6016000,
      "ocf": 10289000,
      "capex": -4273000,
      "gross_margin": 0.5487083888149135,
      "op_margin": 0.2170439414114514,
      "fcf_margin": 0.3204260985352863,
      "incr_op_margin_yoy": 1.1792809839167455,
      "rev_growth_yoy": 0.2906441190623496,
      "rev_growth_yoy_accel": -0.07806485249126088,
      "fcf_margin_change": 0.5380519978158619
    },
    {
      "date": "2022-12-31T00:00:00",
      "quarter_label": "2022-12 (Q4)",
      "revenue": 20998000,
      "gross_profit": 11910000,
      "operating_income": 37000,
      "net_income": -1045000,
      "opex": 11873000,
      "cogs": 9088000,
      "rd": 2456000,
      "sga": null,
      "fcf": 226000,
      "ocf": 2115000,
      "capex": -1889000,
      "gross_margin": 0.5671968758929422,
      "op_margin": 0.0017620725783407945,
      "fcf_margin": 0.010762929802838366,
      "incr_op_margin_yoy": 0.4541055927138181,
      "rev_growth_yoy": 0.5029704387660153,
      "rev_growth_yoy_accel": 0.21232631970366572,
      "op_leverage_ratio": 0.13058626754833444,
      "fcf_margin_change": -0.3096631687324479
    },
    {
      "date": "2023-03-31T00:00:00",
      "quarter_label": "2023-03 (Q1)",
      "revenue": 20620000,
      "gross_profit": 11305000,
      "operating_income": -1806000,
      "net_income": -1790000,
      "opex": 13111000,
      "cogs": 9315000,
      "rd": 2653000,
      "sga": null,
      "fcf": -2735000,
      "ocf": -1198000,
      "capex": -1537000,
      "gross_margin": 0.5482541222114452,
      "op_margin": -0.08758486905916586,
      "fcf_margin": -0.13263821532492726,
      "rev_growth_yoy": -0.02800037710945602,
      "rev_growth_yoy_accel": -0.5309708158754713,
      "fcf_margin_change": -0.1434011451277656
    },
    {
      "date": "2023-06-30T00:00:00",
      "quarter_label": "2023-06 (Q2)",
      "revenue": 22075000,
      "gross_profit": 12662000,
      "operating_income": -2352000,
      "net_income": -2697000,
      "opex": 15014000,
      "cogs": 9413000,
      "rd": 3057000,
      "sga": null,
      "fcf": 824000,
      "ocf": 2503000,
      "capex": -1679000,
      "gross_margin": 0.5735900339750849,
      "op_margin": -0.10654586636466591,
      "fcf_margin": 0.0373272933182333,
      "incr_op_margin_yoy": -2.6979116075764935,
      "rev_growth_yoy": 0.10286770583533174,
      "rev_growth_yoy_accel": 0.13086808294478774,
      "op_leverage_ratio": 0.4861511993162056,
      "fcf_margin_change": 0.16996550864316057
    },
    {
      "date": "2023-09-30T00:00:00",
      "quarter_label": "2023-09 (Q3)",
      "revenue": 23977000,
      "gross_profit": 13752000,
      "operating_income": -1482000,
      "net_income": -1874000,
      "opex": 15234000,
      "cogs": 10225000,
      "rd": 3186000,
      "sga": null,
      "fcf": 8196000,
      "ocf": 9330000,
      "capex": -1134000,
      "gross_margin": 0.5735496517495934,
      "op_margin": -0.061809233849105395,
      "fcf_margin": 0.3418275847687367,
      "incr_op_margin_yoy": -1.068242983467897,
      "rev_growth_yoy": 0.2770705725699068,
      "rev_growth_yoy_accel": 0.17420286673457508,
      "op_leverage_ratio": 5.880084011119118,
      "fcf_margin_change": 0.3045002914505034
    },
    {
      "date": "2023-12-31T00:00:00",
      "quarter_label": "2023-12 (Q4)",
      "revenue": 26045000,
      "gross_profit": 15010000,
      "operating_income": 4401000,
      "net_income": 3643000,
      "opex": 10609000,
      "cogs": 11035000,
      "rd": 3242000,
      "sga": null,
      "fcf": -387000,
      "ocf": 316000,
      "capex": -703000,
      "gross_margin": 0.5763102322902669,
      "op_margin": 0.16897677097331543,
      "fcf_margin": -0.014858898061048186,
      "incr_op_margin_yoy": 0.8646720824252031,
      "rev_growth_yoy": 0.24035622440232404,
      "rev_growth_yoy_accel": -0.03671434816758276,
      "op_leverage_ratio": Infinity,
      "fcf_margin_change": -0.3566864828297849
    },
    {
      "date": "2024-03-31T00:00:00",
      "quarter_label": "2024-03 (Q1)",
      "revenue": 25410000,
      "gross_profit": 14887000,
      "operating_income": -2615000,
      "net_income": -2909000,
      "opex": 17502000,
      "cogs": 10523000,
      "rd": 3560000,
      "sga": null,
      "fcf": 2843000,
      "ocf": 4977000,
      "capex": -2134000,
      "gross_margin": 0.5858717040535222,
      "op_margin": -0.10291223927587564,
      "fcf_margin": 0.11188508461235734,
      "incr_op_margin_yoy": -0.16889352818371609,
      "rev_growth_yoy": 0.23229873908826382,
      "rev_growth_yoy_accel": -0.008057485314060225,
      "fcf_margin_change": 0.12674398267340553
    },
    {
      "date": "2024-06-30T00:00:00",
      "quarter_label": "2024-06 (Q2)",
      "revenue": 26960000,
      "gross_profit": 16073000,
      "operating_income": -43000,
      "net_income": -752000,
      "opex": 16116000,
      "cogs": 10887000,
      "rd": 3468000,
      "sga": null,
      "fcf": 2831000,
      "ocf": 4414000,
      "capex": -1583000,
      "gross_margin": 0.5961795252225519,
      "op_margin": -0.0015949554896142434,
      "fcf_margin": 0.10500741839762612,
      "incr_op_margin_yoy": 0.47267144319344934,
      "rev_growth_yoy": 0.22129105322763307,
      "rev_growth_yoy_accel": -0.01100768586063075,
      "op_leverage_ratio": Infinity,
      "fcf_margin_change": -0.006877666214731223
    },
    {
      "date": "2024-09-30T00:00:00",
      "quarter_label": "2024-09 (Q3)",
      "revenue": 26250000,
      "gross_profit": 15217000,
      "operating_income": -1046000,
      "net_income": -1440000,
      "opex": 16263000,
      "cogs": 11033000,
      "rd": 3413000,
      "sga": null,
      "fcf": 12443000,
      "ocf": 13688000,
      "capex": -1245000,
      "gross_margin": 0.579695238095238,
      "op_margin": -0.03984761904761905,
      "fcf_margin": 0.4740190476190476,
      "incr_op_margin_yoy": 0.19181698196216454,
      "rev_growth_yoy": 0.0947991825499437,
      "rev_growth_yoy_accel": -0.12649187067768936,
      "fcf_margin_change": 0.3690116292214215
    },
    {
      "date": "2024-12-31T00:00:00",
      "quarter_label": "2024-12 (Q4)",
      "revenue": 23411000,
      "gross_profit": 11707000,
      "operating_income": -3805000,
      "net_income": -4079000,
      "opex": 15512000,
      "cogs": 11704000,
      "rd": 3484000,
      "sga": null,
      "fcf": -2224000,
      "ocf": -859000,
      "capex": -1365000,
      "gross_margin": 0.5000640724445773,
      "op_margin": -0.16253043441117423,
      "fcf_margin": -0.09499807782666268,
      "incr_op_margin_yoy": 3.115413819286257,
      "rev_growth_yoy": -0.10113265502015742,
      "rev_growth_yoy_accel": -0.19593183757010113,
      "fcf_margin_change": -0.5690171254457103
    },
    {
      "date": "2025-03-31T00:00:00",
      "quarter_label": "2025-03 (Q1)",
      "revenue": 28349000,
      "gross_profit": 16594000,
      "operating_income": -1204000,
      "net_income": -1484000,
      "opex": 17798000,
      "cogs": 11755000,
      "rd": 4065000,
      "sga": null,
      "fcf": -1043000,
      "ocf": -141000,
      "capex": -902000,
      "gross_margin": 0.5853469258174891,
      "op_margin": -0.042470633884793114,
      "fcf_margin": -0.03679142121415217,
      "incr_op_margin_yoy": 0.48009527050017015,
      "rev_growth_yoy": 0.11566312475403384,
      "rev_growth_yoy_accel": 0.21679577977419126,
      "op_leverage_ratio": 1.4312736985361774,
      "fcf_margin_change": 0.05820665661251051
    },
    {
      "date": "2025-06-30T00:00:00",
      "quarter_label": "2025-06 (Q2)",
      "revenue": 25889000,
      "gross_profit": 13795000,
      "operating_income": -2943000,
      "net_income": -3120000,
      "opex": 16738000,
      "cogs": 12094000,
      "rd": 3746000,
      "sga": null,
      "fcf": -2658000,
      "ocf": -1283000,
      "capex": -1375000,
      "gross_margin": 0.5328517903356638,
      "op_margin": -0.11367762370118584,
      "fcf_margin": -0.10266908725713624,
      "incr_op_margin_yoy": 2.707749766573296,
      "rev_growth_yoy": -0.03972551928783383,
      "rev_growth_yoy_accel": -0.15538864404186767,
      "fcf_margin_change": -0.06587766604298406
    },
    {
      "date": "2025-09-30T00:00:00",
      "quarter_label": "2025-09 (Q3)",
      "revenue": 25100000,
      "gross_profit": 13634000,
      "operating_income": -2056000,
      "net_income": -2044000,
      "opex": 15690000,
      "cogs": 11466000,
      "rd": 4097000,
      "sga": null,
      "fcf": 4865000,
      "ocf": 6234000,
      "capex": -1369000,
      "gross_margin": 0.543187250996016,
      "op_margin": -0.08191235059760957,
      "fcf_margin": 0.19382470119521913,
      "incr_op_margin_yoy": 0.8782608695652174,
      "rev_growth_yoy": -0.04380952380952381,
      "rev_growth_yoy_accel": -0.004084004521689985,
      "fcf_margin_change": 0.29649378845235536
    }
  ],
  "signals": [
    {
      "quarter": "2025-09 (Q3)",
      "signal": "FCF TURNED POSITIVE",
      "detail": "FCF margin: -10.3% -> +19.4%",
      "severity": "HIGH"
    },
    {
      "quarter": "2025-06 (Q2)",
      "signal": "YoY REVENUE GROWTH DECELERATION",
      "detail": "YoY growth: -4.0% vs prior quarter YoY: +11.6% (decel: -15.5%)",
      "severity": "WARNING"
    },
    {
      "quarter": "2025-03 (Q1)",
      "signal": "FCF MARGIN EXPANSION",
      "detail": "FCF margin: -9.5% -> -3.7% (+5.8%)",
      "severity": "MEDIUM"
    },
    {
      "quarter": "2025-03 (Q1)",
      "signal": "GROSS MARGIN INFLECTION",
      "detail": "GM: +58.0% -> +50.0% -> +58.5% (reversal +8.5%)",
      "severity": "HIGH"
    },
    {
      "quarter": "2025-03 (Q1)",
      "signal": "YoY REVENUE GROWTH ACCELERATION",
      "detail": "YoY growth: +11.6% vs prior quarter YoY: -10.1% (accel: +21.7%)",
      "severity": "HIGH"
    },
    {
      "quarter": "2024-12 (Q4)",
      "signal": "YoY REVENUE GROWTH DECELERATION",
      "detail": "YoY growth: -10.1% vs prior quarter YoY: +9.5% (decel: -19.6%)",
      "severity": "WARNING"
    },
    {
      "quarter": "2024-09 (Q3)",
      "signal": "FCF MARGIN EXPANSION",
      "detail": "FCF margin: +10.5% -> +47.4% (+36.9%)",
      "severity": "MEDIUM"
    },
    {
      "quarter": "2024-09 (Q3)",
      "signal": "YoY REVENUE GROWTH DECELERATION",
      "detail": "YoY growth: +9.5% vs prior quarter YoY: +22.1% (decel: -12.6%)",
      "severity": "WARNING"
    },
    {
      "quarter": "2024-03 (Q1)",
      "signal": "FCF TURNED POSITIVE",
      "detail": "FCF margin: -1.5% -> +11.2%",
      "severity": "HIGH"
    },
    {
      "quarter": "2023-12 (Q4)",
      "signal": "INCREMENTAL MARGIN (YoY)",
      "detail": "YoY Incr OPM: +86.5% vs year-ago OPM: +0.2%",
      "severity": "HIGH"
    },
    {
      "quarter": "2023-12 (Q4)",
      "signal": "OP MARGIN TURNED POSITIVE (QoQ)",
      "detail": "Op margin: -6.2% -> +16.9%",
      "severity": "HIGH"
    },
    {
      "quarter": "2023-09 (Q3)",
      "signal": "FCF MARGIN EXPANSION",
      "detail": "FCF margin: +3.7% -> +34.2% (+30.5%)",
      "severity": "MEDIUM"
    },
    {
      "quarter": "2023-09 (Q3)",
      "signal": "OPERATING LEVERAGE",
      "detail": "Rev growth +8.6% vs OpEx growth +1.5% (leverage: 5.9x)",
      "severity": "MEDIUM"
    },
    {
      "quarter": "2023-09 (Q3)",
      "signal": "YoY REVENUE GROWTH ACCELERATION",
      "detail": "YoY growth: +27.7% vs prior quarter YoY: +10.3% (accel: +17.4%)",
      "severity": "HIGH"
    },
    {
      "quarter": "2023-06 (Q2)",
      "signal": "FCF TURNED POSITIVE",
      "detail": "FCF margin: -13.3% -> +3.7%",
      "severity": "HIGH"
    },
    {
      "quarter": "2023-06 (Q2)",
      "signal": "GROSS MARGIN INFLECTION",
      "detail": "GM: +56.7% -> +54.8% -> +57.4% (reversal +2.5%)",
      "severity": "MEDIUM"
    },
    {
      "quarter": "2023-06 (Q2)",
      "signal": "YoY REVENUE GROWTH ACCELERATION",
      "detail": "YoY growth: +10.3% vs prior quarter YoY: -2.8% (accel: +13.1%)",
      "severity": "MEDIUM"
    },
    {
      "quarter": "2023-03 (Q1)",
      "signal": "YoY REVENUE GROWTH DECELERATION",
      "detail": "YoY growth: -2.8% vs prior quarter YoY: +50.3% (decel: -53.1%)",
      "severity": "WARNING"
    },
    {
      "quarter": "2022-12 (Q4)",
      "signal": "YoY REVENUE GROWTH ACCELERATION",
      "detail": "YoY growth: +50.3% vs prior quarter YoY: +29.1% (accel: +21.2%)",
      "severity": "HIGH"
    },
    {
      "quarter": "2022-12 (Q4)",
      "signal": "OP MARGIN TURNED POSITIVE (YoY)",
      "detail": "Op margin: -22.6% (year-ago) -> +0.2%",
      "severity": "HIGH"
    },
    {
      "quarter": "2022-09 (Q3)",
      "signal": "FCF TURNED POSITIVE",
      "detail": "FCF margin: -21.8% -> +32.0%",
      "severity": "HIGH"
    },
    {
      "quarter": "2022-09 (Q3)",
      "signal": "YoY REVENUE GROWTH DECELERATION",
      "detail": "YoY growth: +29.1% vs prior quarter YoY: +36.9% (decel: -7.8%)",
      "severity": "WARNING"
    },
    {
      "quarter": "2022-09 (Q3)",
      "signal": "OP MARGIN TURNED POSITIVE (YoY)",
      "detail": "Op margin: -6.3% (year-ago) -> +21.7%",
      "severity": "HIGH"
    },
    {
      "quarter": "2022-06 (Q2)",
      "signal": "OP MARGIN TURNED POSITIVE (YoY)",
      "detail": "Op margin: -1.2% (year-ago) -> +16.0%",
      "severity": "HIGH"
    },
    {
      "quarter": "2022-03 (Q1)",
      "signal": "OPERATING LEVERAGE",
      "detail": "Rev growth +51.8% vs OpEx growth +17.3% (leverage: 3.0x)",
      "severity": "MEDIUM"
    },
    {
      "quarter": "2022-03 (Q1)",
      "signal": "GROSS MARGIN INFLECTION",
      "detail": "GM: +55.2% -> +53.7% -> +60.9% (reversal +7.3%)",
      "severity": "HIGH"
    },
    {
      "quarter": "2022-03 (Q1)",
      "signal": "YoY REVENUE GROWTH ACCELERATION",
      "detail": "YoY growth: +41.3% vs prior quarter YoY: +10.5% (accel: +30.9%)",
      "severity": "HIGH"
    },
    {
      "quarter": "2022-03 (Q1)",
      "signal": "OP MARGIN TURNED POSITIVE (QoQ)",
      "detail": "Op margin: -22.6% -> +2.0%",
      "severity": "HIGH"
    },
    {
      "quarter": "2021-12 (Q4)",
      "signal": "FCF TURNED POSITIVE",
      "detail": "FCF margin: -12.5% -> +16.0%",
      "severity": "HIGH"
    },
    {
      "quarter": "2021-06 (Q2)",
      "signal": "FCF TURNED POSITIVE",
      "detail": "FCF margin: -18.2% -> +29.3%",
      "severity": "HIGH"
    },
    {
      "quarter": "2021-03 (Q1)",
      "signal": "OPERATING LEVERAGE",
      "detail": "Rev growth +18.7% vs OpEx growth +10.4% (leverage: 1.8x)",
      "severity": "MEDIUM"
    },
    {
      "quarter": "2021-03 (Q1)",
      "signal": "OP MARGIN TURNED POSITIVE (QoQ)",
      "detail": "Op margin: -1.8% -> +1.1%",
      "severity": "HIGH"
    }
  ],
  "data_quality": {
    "n_quarters": 20,
    "coverage": {
      "revenue": [
        20,
        20
      ],
      "gross_profit": [
        20,
        20
      ],
      "op_income": [
        20,
        20
      ],
      "fcf": [
        20,
        20
      ]
    },
    "gaps": [],
    "warnings": []
  },
  "market_cap": null,
  "source": "SEC EDGAR",
  "last_updated": "2026-02-02T23:24:00.365731"
}