{
  "ticker": "SSTK",
  "name": "Shutterstock,\u00a0Inc.",
  "sector": "Communication Services",
  "industry": "Internet Content & Information",
  "quarters": [
    {
      "date": "2021-03-31T00:00:00",
      "quarter_label": "2021-03 (Q1)",
      "revenue": 183281000,
      "gross_profit": 121449000,
      "operating_income": 38118000,
      "net_income": 29514000,
      "opex": 145163000,
      "cogs": 61832000,
      "rd": 10731000,
      "sga": null,
      "fcf": 27280000,
      "ocf": 35828000,
      "capex": -8548000,
      "gross_margin": 0.662638244007835,
      "op_margin": 0.20797573125419438,
      "fcf_margin": 0.1488424877646892
    },
    {
      "date": "2021-06-30T00:00:00",
      "quarter_label": "2021-06 (Q2)",
      "revenue": 189912000,
      "gross_profit": 122155000,
      "operating_income": 33225000,
      "net_income": 29454000,
      "opex": 156687000,
      "cogs": 67757000,
      "rd": 11993000,
      "sga": null,
      "fcf": 64599000,
      "ocf": 71388000,
      "capex": -6789000,
      "gross_margin": 0.6432189645730654,
      "op_margin": 0.17494945027170478,
      "fcf_margin": 0.3401522810564893,
      "op_leverage_ratio": 0.4557369772694756,
      "fcf_margin_change": 0.19130979329180012
    },
    {
      "date": "2021-09-30T00:00:00",
      "quarter_label": "2021-09 (Q3)",
      "revenue": 194439000,
      "gross_profit": 124805000,
      "operating_income": 22169000,
      "net_income": 16029000,
      "opex": 172270000,
      "cogs": 69634000,
      "rd": 13565000,
      "sga": null,
      "fcf": 48812000,
      "ocf": 54642000,
      "capex": -5830000,
      "gross_margin": 0.6418722581375136,
      "op_margin": 0.1140151924253879,
      "fcf_margin": 0.2510401719819583,
      "op_leverage_ratio": 0.23968451765513651,
      "fcf_margin_change": -0.08911210907453099
    },
    {
      "date": "2021-12-31T00:00:00",
      "quarter_label": "2021-12 (Q4)",
      "revenue": 205783000,
      "gross_profit": 127347000,
      "operating_income": 14594000,
      "net_income": 16886000,
      "opex": 191189000,
      "cogs": 78436000,
      "rd": 15725000,
      "sga": null,
      "fcf": 47556000,
      "ocf": 54514000,
      "capex": -6958000,
      "gross_margin": 0.6188412065136576,
      "op_margin": 0.07091936651715643,
      "fcf_margin": 0.2310978069131075,
      "op_leverage_ratio": 0.5312443394009408,
      "fcf_margin_change": -0.01994236506885083
    },
    {
      "date": "2022-03-31T00:00:00",
      "quarter_label": "2022-03 (Q1)",
      "revenue": 199132000,
      "gross_profit": 129681000,
      "operating_income": 31918000,
      "net_income": 26572000,
      "opex": 167214000,
      "cogs": 69451000,
      "rd": 13626000,
      "sga": null,
      "fcf": 10948000,
      "ocf": 22723000,
      "capex": -11775000,
      "gross_margin": 0.6512313440331037,
      "op_margin": 0.1602856396761947,
      "fcf_margin": 0.05497860715505293,
      "incr_op_margin_yoy": -0.3911425146678443,
      "rev_growth_yoy": 0.086484687447144,
      "fcf_margin_change": -0.17611919975805457
    },
    {
      "date": "2022-06-30T00:00:00",
      "quarter_label": "2022-06 (Q2)",
      "revenue": 206872000,
      "gross_profit": 129853000,
      "operating_income": 25374000,
      "net_income": 19445000,
      "opex": 181498000,
      "cogs": 77019000,
      "rd": 17162000,
      "sga": null,
      "fcf": 27829000,
      "ocf": 36851000,
      "capex": -9022000,
      "gross_margin": 0.6276973200819831,
      "op_margin": 0.12265555512587493,
      "fcf_margin": 0.13452279670520903,
      "incr_op_margin_yoy": -0.4629127358490566,
      "rev_growth_yoy": 0.08930451998820506,
      "rev_growth_yoy_accel": 0.0028198325410610514,
      "op_leverage_ratio": 0.45501184184445903,
      "fcf_margin_change": 0.0795441895501561
    },
    {
      "date": "2022-09-30T00:00:00",
      "quarter_label": "2022-09 (Q3)",
      "revenue": 204096000,
      "gross_profit": 124185000,
      "operating_income": 28685000,
      "net_income": 23040000,
      "opex": 175411000,
      "cogs": 79911000,
      "rd": 17534000,
      "sga": null,
      "fcf": 25590000,
      "ocf": 37715000,
      "capex": -12125000,
      "gross_margin": 0.6084636641580433,
      "op_margin": 0.14054660551897147,
      "fcf_margin": 0.12538217309501412,
      "incr_op_margin_yoy": 0.6747437092264679,
      "rev_growth_yoy": 0.049665962075509544,
      "rev_growth_yoy_accel": -0.039638557912695514,
      "fcf_margin_change": -0.009140623610194909
    },
    {
      "date": "2022-12-31T00:00:00",
      "quarter_label": "2022-12 (Q4)",
      "revenue": 217726000,
      "gross_profit": 129801000,
      "operating_income": 7647000,
      "net_income": 7046000,
      "opex": 210079000,
      "cogs": 87925000,
      "rd": 17112000,
      "sga": null,
      "fcf": 50788000,
      "ocf": 61162000,
      "capex": -10374000,
      "gross_margin": 0.5961667416845026,
      "op_margin": 0.03512212597484912,
      "fcf_margin": 0.2332656641834232,
      "incr_op_margin_yoy": -0.5816796449803232,
      "rev_growth_yoy": 0.05803686407526375,
      "rev_growth_yoy_accel": 0.008370901999754203,
      "op_leverage_ratio": 0.33790093939011245,
      "fcf_margin_change": 0.10788349108840908
    },
    {
      "date": "2023-03-31T00:00:00",
      "quarter_label": "2023-03 (Q1)",
      "revenue": 215280000,
      "gross_profit": 137117000,
      "operating_income": 40369000,
      "net_income": 32843000,
      "opex": 174911000,
      "cogs": 78163000,
      "rd": 15406000,
      "sga": null,
      "fcf": 54395000,
      "ocf": 66775000,
      "capex": -12380000,
      "gross_margin": 0.636924005945745,
      "op_margin": 0.18751858045336306,
      "fcf_margin": 0.25267094017094016,
      "incr_op_margin_yoy": 0.5233465444637107,
      "rev_growth_yoy": 0.08109193901532652,
      "rev_growth_yoy_accel": 0.023055074940062772,
      "fcf_margin_change": 0.019405275987516957
    },
    {
      "date": "2023-06-30T00:00:00",
      "quarter_label": "2023-06 (Q2)",
      "revenue": 208840000,
      "gross_profit": 124424000,
      "operating_income": 8715000,
      "net_income": 50013000,
      "opex": 200125000,
      "cogs": 84416000,
      "rd": 29218000,
      "sga": null,
      "fcf": 19324000,
      "ocf": 29814000,
      "capex": -10490000,
      "gross_margin": 0.5957862478452404,
      "op_margin": 0.04173051139628424,
      "fcf_margin": 0.0925301666347443,
      "incr_op_margin_yoy": -8.464939024390244,
      "rev_growth_yoy": 0.009513128891295101,
      "rev_growth_yoy_accel": -0.07157881012403142,
      "fcf_margin_change": -0.16014077353619588
    },
    {
      "date": "2023-09-30T00:00:00",
      "quarter_label": "2023-09 (Q3)",
      "revenue": 233248000,
      "gross_profit": 139029000,
      "operating_income": 17192000,
      "net_income": 28419000,
      "opex": 216056000,
      "cogs": 94219000,
      "rd": 28098000,
      "sga": null,
      "fcf": -1831000,
      "ocf": 10014000,
      "capex": -11845000,
      "gross_margin": 0.5960565578268624,
      "op_margin": 0.07370695568665112,
      "fcf_margin": -0.00785001371930306,
      "incr_op_margin_yoy": -0.3942439626783754,
      "rev_growth_yoy": 0.14283474443399186,
      "rev_growth_yoy_accel": 0.13332161554269675,
      "op_leverage_ratio": 1.468171594867836,
      "fcf_margin_change": -0.10038018035404736
    },
    {
      "date": "2023-12-31T00:00:00",
      "quarter_label": "2023-12 (Q4)",
      "revenue": 217219000,
      "gross_profit": 121387000,
      "operating_income": 2124000,
      "net_income": -1006000,
      "opex": 215095000,
      "cogs": 95832000,
      "rd": 23440000,
      "sga": null,
      "fcf": 24019000,
      "ocf": 33949000,
      "capex": -9930000,
      "gross_margin": 0.5588231232074542,
      "op_margin": 0.009778150161818258,
      "fcf_margin": 0.11057504177811334,
      "rev_growth_yoy": -0.002328614864554532,
      "rev_growth_yoy_accel": -0.1451633592985464,
      "fcf_margin_change": 0.1184250554974164
    },
    {
      "date": "2024-03-31T00:00:00",
      "quarter_label": "2024-03 (Q1)",
      "revenue": 214315000,
      "gross_profit": 126111000,
      "operating_income": 16746000,
      "net_income": 16121000,
      "opex": 197569000,
      "cogs": 88204000,
      "rd": 21051000,
      "sga": null,
      "fcf": -6161000,
      "ocf": 8300000,
      "capex": -14461000,
      "gross_margin": 0.588437580197373,
      "op_margin": 0.07813732123276486,
      "fcf_margin": -0.028747404521382077,
      "rev_growth_yoy": -0.004482534373838722,
      "rev_growth_yoy_accel": -0.00215391950928419,
      "fcf_margin_change": -0.13932244629949542
    },
    {
      "date": "2024-06-30T00:00:00",
      "quarter_label": "2024-06 (Q2)",
      "revenue": 220053000,
      "gross_profit": 128799000,
      "operating_income": 20666000,
      "net_income": 3625000,
      "opex": 199387000,
      "cogs": 91254000,
      "rd": 19859000,
      "sga": null,
      "fcf": 18890000,
      "ocf": 27965000,
      "capex": -9075000,
      "gross_margin": 0.5853089937424166,
      "op_margin": 0.09391373896288621,
      "fcf_margin": 0.0858429560151418,
      "incr_op_margin_yoy": 1.0658164630339784,
      "rev_growth_yoy": 0.05369182149013599,
      "rev_growth_yoy_accel": 0.05817435586397471,
      "op_leverage_ratio": 2.9095973876602836,
      "fcf_margin_change": 0.11459036053652388
    },
    {
      "date": "2024-09-30T00:00:00",
      "quarter_label": "2024-09 (Q3)",
      "revenue": 250588000,
      "gross_profit": 146183000,
      "operating_income": 18149000,
      "net_income": 17615000,
      "opex": 232439000,
      "cogs": 104405000,
      "rd": 28610000,
      "sga": null,
      "fcf": -26346000,
      "ocf": -11585000,
      "capex": -14761000,
      "gross_margin": 0.5833599374271713,
      "op_margin": 0.07242565485976982,
      "fcf_margin": -0.10513671843823327,
      "incr_op_margin_yoy": 0.05519031141868512,
      "rev_growth_yoy": 0.07434147345314858,
      "rev_growth_yoy_accel": 0.02064965196301259,
      "op_leverage_ratio": 0.8370853195197951,
      "fcf_margin_change": -0.19097967445337508
    },
    {
      "date": "2024-12-31T00:00:00",
      "quarter_label": "2024-12 (Q4)",
      "revenue": 250306000,
      "gross_profit": 137872000,
      "operating_income": 13147000,
      "net_income": -1429000,
      "opex": 237159000,
      "cogs": 112434000,
      "rd": 18897000,
      "sga": null,
      "fcf": -952000,
      "ocf": 7966000,
      "capex": -8918000,
      "gross_margin": 0.5508138039040215,
      "op_margin": 0.05252371097776322,
      "fcf_margin": -0.003803344706079758,
      "incr_op_margin_yoy": 0.33315199322996947,
      "rev_growth_yoy": 0.15232092956877621,
      "rev_growth_yoy_accel": 0.07797945611562764,
      "fcf_margin_change": 0.10133337373215351
    },
    {
      "date": "2025-03-31T00:00:00",
      "quarter_label": "2025-03 (Q1)",
      "revenue": 242620000,
      "gross_profit": 141732000,
      "operating_income": 10201000,
      "net_income": 18688000,
      "opex": 232419000,
      "cogs": 100888000,
      "rd": 19865000,
      "sga": null,
      "fcf": 14439000,
      "ocf": 25247000,
      "capex": -10808000,
      "gross_margin": 0.5841727804797626,
      "op_margin": 0.04204517352238068,
      "fcf_margin": 0.05951281839914269,
      "incr_op_margin_yoy": -0.23123123123123124,
      "rev_growth_yoy": 0.13207195016681053,
      "rev_growth_yoy_accel": -0.020248979401965683,
      "fcf_margin_change": 0.06331616310522245
    },
    {
      "date": "2025-06-30T00:00:00",
      "quarter_label": "2025-06 (Q2)",
      "revenue": 266990000,
      "gross_profit": 160996000,
      "operating_income": 34731000,
      "net_income": 29440000,
      "opex": 232259000,
      "cogs": 105994000,
      "rd": 20754000,
      "sga": null,
      "fcf": 15524000,
      "ocf": 26836000,
      "capex": -11312000,
      "gross_margin": 0.6030038578223903,
      "op_margin": 0.13008352372748044,
      "fcf_margin": 0.05814449979399978,
      "incr_op_margin_yoy": 0.2996569870251614,
      "rev_growth_yoy": 0.21329861442470677,
      "rev_growth_yoy_accel": 0.08122666425789624,
      "op_leverage_ratio": null,
      "fcf_margin_change": -0.0013683186051429153
    },
    {
      "date": "2025-09-30T00:00:00",
      "quarter_label": "2025-09 (Q3)",
      "revenue": 260094000,
      "gross_profit": 157536000,
      "operating_income": 32491000,
      "net_income": 13387000,
      "opex": 227603000,
      "cogs": 102558000,
      "rd": 22374000,
      "sga": null,
      "fcf": 67968000,
      "ocf": 78390000,
      "capex": -10422000,
      "gross_margin": 0.6056887125423885,
      "op_margin": 0.1249202211508147,
      "fcf_margin": 0.2613209070566795,
      "incr_op_margin_yoy": 1.5087313275825793,
      "rev_growth_yoy": 0.03793477740354686,
      "rev_growth_yoy_accel": -0.1753638370211599,
      "fcf_margin_change": 0.20317640726267971
    },
    {
      "date": "2025-12-31T00:00:00",
      "quarter_label": "2025-12 (Q4)",
      "revenue": 220221000,
      "gross_profit": 122815000,
      "operating_income": -2364000,
      "net_income": -16019000,
      "opex": 222585000,
      "cogs": 97406000,
      "rd": 26040000,
      "sga": null,
      "fcf": 25899000,
      "ocf": 36213000,
      "capex": -10314000,
      "gross_margin": 0.5576897752712049,
      "op_margin": -0.010734671080414674,
      "fcf_margin": 0.11760458811829934,
      "incr_op_margin_yoy": 0.5155725444573708,
      "rev_growth_yoy": -0.12019288391009404,
      "rev_growth_yoy_accel": -0.1581276613136409,
      "fcf_margin_change": -0.14371631893838016
    }
  ],
  "signals": [
    {
      "quarter": "2025-12 (Q4)",
      "signal": "YoY REVENUE GROWTH DECELERATION",
      "detail": "YoY growth: -12.0% vs prior quarter YoY: +3.8% (decel: -15.8%)",
      "severity": "WARNING"
    },
    {
      "quarter": "2025-09 (Q3)",
      "signal": "FCF MARGIN EXPANSION",
      "detail": "FCF margin: +5.8% -> +26.1% (+20.3%)",
      "severity": "MEDIUM"
    },
    {
      "quarter": "2025-09 (Q3)",
      "signal": "YoY REVENUE GROWTH DECELERATION",
      "detail": "YoY growth: +3.8% vs prior quarter YoY: +21.3% (decel: -17.5%)",
      "severity": "WARNING"
    },
    {
      "quarter": "2025-09 (Q3)",
      "signal": "INCREMENTAL MARGIN (YoY)",
      "detail": "YoY Incr OPM: +150.9% vs year-ago OPM: +7.2%",
      "severity": "HIGH"
    },
    {
      "quarter": "2025-06 (Q2)",
      "signal": "YoY REVENUE GROWTH ACCELERATION",
      "detail": "YoY growth: +21.3% vs prior quarter YoY: +13.2% (accel: +8.1%)",
      "severity": "MEDIUM"
    },
    {
      "quarter": "2025-06 (Q2)",
      "signal": "INCREMENTAL MARGIN (YoY)",
      "detail": "YoY Incr OPM: +30.0% vs year-ago OPM: +9.4%",
      "severity": "HIGH"
    },
    {
      "quarter": "2025-03 (Q1)",
      "signal": "FCF TURNED POSITIVE",
      "detail": "FCF margin: -0.4% -> +6.0%",
      "severity": "HIGH"
    },
    {
      "quarter": "2025-03 (Q1)",
      "signal": "GROSS MARGIN INFLECTION",
      "detail": "GM: +58.3% -> +55.1% -> +58.4% (reversal +3.3%)",
      "severity": "MEDIUM"
    },
    {
      "quarter": "2024-12 (Q4)",
      "signal": "FCF MARGIN EXPANSION",
      "detail": "FCF margin: -10.5% -> -0.4% (+10.1%)",
      "severity": "MEDIUM"
    },
    {
      "quarter": "2024-12 (Q4)",
      "signal": "YoY REVENUE GROWTH ACCELERATION",
      "detail": "YoY growth: +15.2% vs prior quarter YoY: +7.4% (accel: +7.8%)",
      "severity": "MEDIUM"
    },
    {
      "quarter": "2024-12 (Q4)",
      "signal": "INCREMENTAL MARGIN (YoY)",
      "detail": "YoY Incr OPM: +33.3% vs year-ago OPM: +1.0%",
      "severity": "HIGH"
    },
    {
      "quarter": "2024-06 (Q2)",
      "signal": "FCF TURNED POSITIVE",
      "detail": "FCF margin: -2.9% -> +8.6%",
      "severity": "HIGH"
    },
    {
      "quarter": "2024-06 (Q2)",
      "signal": "OPERATING LEVERAGE",
      "detail": "Rev growth +2.7% vs OpEx growth +0.9% (leverage: 2.9x)",
      "severity": "MEDIUM"
    },
    {
      "quarter": "2024-06 (Q2)",
      "signal": "YoY REVENUE GROWTH ACCELERATION",
      "detail": "YoY growth: +5.4% vs prior quarter YoY: -0.4% (accel: +5.8%)",
      "severity": "MEDIUM"
    },
    {
      "quarter": "2024-06 (Q2)",
      "signal": "INCREMENTAL MARGIN (YoY)",
      "detail": "YoY Incr OPM: +106.6% vs year-ago OPM: +4.2%",
      "severity": "HIGH"
    },
    {
      "quarter": "2024-03 (Q1)",
      "signal": "GROSS MARGIN INFLECTION",
      "detail": "GM: +59.6% -> +55.9% -> +58.8% (reversal +3.0%)",
      "severity": "MEDIUM"
    },
    {
      "quarter": "2023-12 (Q4)",
      "signal": "FCF TURNED POSITIVE",
      "detail": "FCF margin: -0.8% -> +11.1%",
      "severity": "HIGH"
    },
    {
      "quarter": "2023-12 (Q4)",
      "signal": "YoY REVENUE GROWTH DECELERATION",
      "detail": "YoY growth: -0.2% vs prior quarter YoY: +14.3% (decel: -14.5%)",
      "severity": "WARNING"
    },
    {
      "quarter": "2023-09 (Q3)",
      "signal": "YoY REVENUE GROWTH ACCELERATION",
      "detail": "YoY growth: +14.3% vs prior quarter YoY: +1.0% (accel: +13.3%)",
      "severity": "MEDIUM"
    },
    {
      "quarter": "2023-06 (Q2)",
      "signal": "YoY REVENUE GROWTH DECELERATION",
      "detail": "YoY growth: +1.0% vs prior quarter YoY: +8.1% (decel: -7.2%)",
      "severity": "WARNING"
    },
    {
      "quarter": "2023-03 (Q1)",
      "signal": "GROSS MARGIN INFLECTION",
      "detail": "GM: +60.8% -> +59.6% -> +63.7% (reversal +4.1%)",
      "severity": "MEDIUM"
    },
    {
      "quarter": "2023-03 (Q1)",
      "signal": "INCREMENTAL MARGIN (YoY)",
      "detail": "YoY Incr OPM: +52.3% vs year-ago OPM: +16.0%",
      "severity": "HIGH"
    },
    {
      "quarter": "2022-12 (Q4)",
      "signal": "FCF MARGIN EXPANSION",
      "detail": "FCF margin: +12.5% -> +23.3% (+10.8%)",
      "severity": "MEDIUM"
    },
    {
      "quarter": "2022-09 (Q3)",
      "signal": "INCREMENTAL MARGIN (YoY)",
      "detail": "YoY Incr OPM: +67.5% vs year-ago OPM: +11.4%",
      "severity": "HIGH"
    },
    {
      "quarter": "2022-06 (Q2)",
      "signal": "FCF MARGIN EXPANSION",
      "detail": "FCF margin: +5.5% -> +13.5% (+8.0%)",
      "severity": "MEDIUM"
    },
    {
      "quarter": "2022-03 (Q1)",
      "signal": "GROSS MARGIN INFLECTION",
      "detail": "GM: +64.2% -> +61.9% -> +65.1% (reversal +3.2%)",
      "severity": "MEDIUM"
    },
    {
      "quarter": "2021-06 (Q2)",
      "signal": "FCF MARGIN EXPANSION",
      "detail": "FCF margin: +14.9% -> +34.0% (+19.1%)",
      "severity": "MEDIUM"
    }
  ],
  "data_quality": {
    "n_quarters": 20,
    "coverage": {
      "revenue": [
        20,
        20
      ],
      "gross_profit": [
        20,
        20
      ],
      "op_income": [
        20,
        20
      ],
      "fcf": [
        20,
        20
      ]
    },
    "gaps": [],
    "warnings": []
  },
  "market_cap": null,
  "source": "SEC EDGAR",
  "last_updated": "2026-02-24T10:36:05.738716"
}