{
  "ticker": "SSYS",
  "name": "STRATASYS LTD.",
  "quarters": [
    {
      "date": "2020-12-31T00:00:00",
      "quarter_label": "2020-12 (Q4)",
      "revenue": 142395000,
      "gross_profit": 66019000,
      "operating_income": -2528000,
      "net_income": 11030000,
      "opex": 68547000,
      "cogs": 76376000,
      "rd": 18953000,
      "sga": 49594000,
      "fcf": 16667000,
      "ocf": 23698000,
      "capex": -7031000,
      "gross_margin": 0.4636328522771165,
      "op_margin": -0.017753432353664104,
      "fcf_margin": 0.11704764914498403
    },
    {
      "date": "2021-03-31T00:00:00",
      "quarter_label": "2021-03 (Q1)",
      "revenue": 134189000,
      "gross_profit": 55577000,
      "operating_income": -18358000,
      "net_income": -18911000,
      "opex": 73935000,
      "cogs": 78612000,
      "rd": 20601000,
      "sga": 53334000,
      "fcf": 18739000,
      "ocf": 22751000,
      "capex": -4012000,
      "gross_margin": 0.41416956680502875,
      "op_margin": -0.1368070408155661,
      "fcf_margin": 0.13964631974304897,
      "fcf_margin_change": 0.022598670598064946
    },
    {
      "date": "2021-06-30T00:00:00",
      "quarter_label": "2021-06 (Q2)",
      "revenue": 147005000,
      "gross_profit": 63270000,
      "operating_income": -22724000,
      "net_income": -20159000,
      "opex": 85994000,
      "cogs": 83735000,
      "rd": 22437000,
      "sga": 63557000,
      "fcf": -1711000,
      "ocf": 5635000,
      "capex": -7346000,
      "gross_margin": 0.4303935240297949,
      "op_margin": -0.1545797761980885,
      "fcf_margin": -0.011639059895921908,
      "op_leverage_ratio": 0.5855639939684504,
      "fcf_margin_change": -0.15128537963897087
    },
    {
      "date": "2021-09-30T00:00:00",
      "quarter_label": "2021-09 (Q3)",
      "revenue": 159009000,
      "gross_profit": 68188000,
      "operating_income": -21919000,
      "net_income": -18076000,
      "opex": 90107000,
      "cogs": 90821000,
      "rd": 22645000,
      "sga": 67462000,
      "fcf": -1825000,
      "ocf": 3010000,
      "capex": -4835000,
      "gross_margin": 0.4288310724550183,
      "op_margin": -0.137847543220824,
      "fcf_margin": -0.011477337760755681,
      "op_leverage_ratio": 1.7072743729480944,
      "fcf_margin_change": 0.00016172213516622673
    },
    {
      "date": "2021-12-31T00:00:00",
      "quarter_label": "2021-12 (Q4)",
      "revenue": 167016000,
      "gross_profit": 73043000,
      "operating_income": -16161000,
      "net_income": -4836000,
      "opex": 89204000,
      "cogs": 93973000,
      "rd": 22620000,
      "sga": 66584000,
      "fcf": -4360000,
      "ocf": 4428000,
      "capex": -8788000,
      "gross_margin": 0.4373413325669397,
      "op_margin": -0.09676318436556977,
      "fcf_margin": -0.026105283326148393,
      "incr_op_margin_yoy": -0.5537143089232769,
      "rev_growth_yoy": 0.1729063520488781,
      "op_leverage_ratio": Infinity,
      "fcf_margin_change": -0.014627945565392712
    },
    {
      "date": "2022-03-31T00:00:00",
      "quarter_label": "2022-03 (Q1)",
      "revenue": 163429000,
      "gross_profit": 69677000,
      "operating_income": -19584000,
      "net_income": -20948000,
      "opex": 89261000,
      "cogs": 93752000,
      "rd": 23998000,
      "sga": 65263000,
      "fcf": -19804000,
      "ocf": -16063000,
      "capex": -3741000,
      "gross_margin": 0.4263441616848907,
      "op_margin": -0.11983185358779654,
      "fcf_margin": -0.12117800390383592,
      "incr_op_margin_yoy": -0.04192886456908345,
      "rev_growth_yoy": 0.21790161637690122,
      "rev_growth_yoy_accel": 0.044995264328023116,
      "fcf_margin_change": -0.09507272057768752
    },
    {
      "date": "2022-06-30T00:00:00",
      "quarter_label": "2022-06 (Q2)",
      "revenue": 166603000,
      "gross_profit": 67393000,
      "operating_income": -23545000,
      "net_income": null,
      "opex": 90938000,
      "cogs": 99210000,
      "rd": 24346000,
      "sga": 66592000,
      "fcf": -26631000,
      "ocf": -22846000,
      "capex": -3785000,
      "gross_margin": 0.40451252378408553,
      "op_margin": -0.1413239857625613,
      "fcf_margin": -0.15984706157752263,
      "incr_op_margin_yoy": -0.04189202979895908,
      "rev_growth_yoy": 0.13331519336077005,
      "rev_growth_yoy_accel": -0.08458642301613117,
      "op_leverage_ratio": 1.0337284868667318,
      "fcf_margin_change": -0.03866905767368671
    },
    {
      "date": "2022-09-30T00:00:00",
      "quarter_label": "2022-09 (Q3)",
      "revenue": 162192000,
      "gross_profit": 70749000,
      "operating_income": -15626000,
      "net_income": null,
      "opex": 86375000,
      "cogs": 91443000,
      "rd": 23145000,
      "sga": 63230000,
      "fcf": -22615000,
      "ocf": -18380000,
      "capex": -4235000,
      "gross_margin": 0.4362052382361645,
      "op_margin": -0.09634260629377528,
      "fcf_margin": -0.13943351090066095,
      "incr_op_margin_yoy": 1.9770656613257933,
      "rev_growth_yoy": 0.020017734845197442,
      "rev_growth_yoy_accel": -0.1132974585155726,
      "fcf_margin_change": 0.02041355067686168
    },
    {
      "date": "2022-12-31T00:00:00",
      "quarter_label": "2022-12 (Q4)",
      "revenue": 159259000,
      "gross_profit": 68648000,
      "operating_income": 1596000,
      "net_income": null,
      "opex": 67052000,
      "cogs": 90611000,
      "rd": 21387000,
      "sga": 45665000,
      "fcf": -19990000,
      "ocf": -18116000,
      "capex": -1874000,
      "gross_margin": 0.4310462830986004,
      "op_margin": 0.010021411662763172,
      "fcf_margin": -0.12551880898410764,
      "incr_op_margin_yoy": -2.28915817970865,
      "rev_growth_yoy": -0.04644465200938832,
      "rev_growth_yoy_accel": -0.06646238685458576,
      "fcf_margin_change": 0.013914701916553307
    },
    {
      "date": "2023-03-31T00:00:00",
      "quarter_label": "2023-03 (Q1)",
      "revenue": 149377000,
      "gross_profit": 65395000,
      "operating_income": -16797000,
      "net_income": -22224000,
      "opex": 82192000,
      "cogs": 83982000,
      "rd": 21475000,
      "sga": 60717000,
      "fcf": -21649000,
      "ocf": -17926000,
      "capex": -3723000,
      "gross_margin": 0.43778493342348557,
      "op_margin": -0.11244702999792472,
      "fcf_margin": -0.1449286034663971,
      "incr_op_margin_yoy": -0.198334756618275,
      "rev_growth_yoy": -0.085982292004479,
      "rev_growth_yoy_accel": -0.03953763999509068,
      "fcf_margin_change": -0.019409794482289466
    },
    {
      "date": "2023-06-30T00:00:00",
      "quarter_label": "2023-06 (Q2)",
      "revenue": 159751000,
      "gross_profit": 66222000,
      "operating_income": -33659000,
      "net_income": -38615000,
      "opex": 99881000,
      "cogs": 93529000,
      "rd": 24305000,
      "sga": 75576000,
      "fcf": -26064000,
      "ocf": -23241000,
      "capex": -2823000,
      "gross_margin": 0.414532616384248,
      "op_margin": -0.21069664665635895,
      "fcf_margin": -0.1631539082697448,
      "incr_op_margin_yoy": 1.4760653823701109,
      "rev_growth_yoy": -0.04112771078552007,
      "rev_growth_yoy_accel": 0.04485458121895893,
      "op_leverage_ratio": 0.3226924296757143,
      "fcf_margin_change": -0.01822530480334769
    },
    {
      "date": "2023-09-30T00:00:00",
      "quarter_label": "2023-09 (Q3)",
      "revenue": 162133000,
      "gross_profit": 65649000,
      "operating_income": -42798000,
      "net_income": -47279000,
      "opex": 108447000,
      "cogs": 96484000,
      "rd": 23567000,
      "sga": 84880000,
      "fcf": -15015000,
      "ocf": -12745000,
      "capex": -2270000,
      "gross_margin": 0.40490831601216287,
      "op_margin": -0.26396847032991433,
      "fcf_margin": -0.09260915421289928,
      "rev_growth_yoy": -0.00036376640031567526,
      "rev_growth_yoy_accel": 0.04076394438520439,
      "op_leverage_ratio": 0.17386132437108634,
      "fcf_margin_change": 0.07054475405684552
    },
    {
      "date": "2023-12-31T00:00:00",
      "quarter_label": "2023-12 (Q4)",
      "revenue": 156337000,
      "gross_profit": 69758000,
      "operating_income": 5674000,
      "net_income": -14956000,
      "opex": 64084000,
      "cogs": 86579000,
      "rd": 25078000,
      "sga": 39006000,
      "fcf": -12468000,
      "ocf": -7733000,
      "capex": -4735000,
      "gross_margin": 0.4462027543064022,
      "op_margin": 0.03629339183942381,
      "fcf_margin": -0.07975079475747904,
      "incr_op_margin_yoy": -1.3956194387405887,
      "rev_growth_yoy": -0.01834747172844235,
      "rev_growth_yoy_accel": -0.017983705328126674,
      "fcf_margin_change": 0.012858359455420243
    },
    {
      "date": "2024-03-31T00:00:00",
      "quarter_label": "2024-03 (Q1)",
      "revenue": 144050000,
      "gross_profit": 63897000,
      "operating_income": -24453000,
      "net_income": -25983000,
      "opex": 88350000,
      "cogs": 80153000,
      "rd": 23977000,
      "sga": 64373000,
      "fcf": 5011000,
      "ocf": 7340000,
      "capex": -2329000,
      "gross_margin": 0.44357514751822286,
      "op_margin": -0.16975355779243317,
      "fcf_margin": 0.03478653245400903,
      "incr_op_margin_yoy": 1.4372066829359864,
      "rev_growth_yoy": -0.03566144721074864,
      "rev_growth_yoy_accel": -0.01731397548230629,
      "fcf_margin_change": 0.11453732721148807
    },
    {
      "date": "2024-06-30T00:00:00",
      "quarter_label": "2024-06 (Q2)",
      "revenue": 138041000,
      "gross_profit": 60500000,
      "operating_income": -26043000,
      "net_income": -25743000,
      "opex": 86543000,
      "cogs": 77541000,
      "rd": 25680000,
      "sga": 60863000,
      "fcf": -4917000,
      "ocf": -2439000,
      "capex": -2478000,
      "gross_margin": 0.43827558479002615,
      "op_margin": -0.18866133974688679,
      "fcf_margin": -0.03561985207293485,
      "incr_op_margin_yoy": -0.3508060801473975,
      "rev_growth_yoy": -0.13589899280755677,
      "rev_growth_yoy_accel": -0.10023754559680813,
      "fcf_margin_change": -0.07040638452694388
    },
    {
      "date": "2024-09-30T00:00:00",
      "quarter_label": "2024-09 (Q3)",
      "revenue": 140008000,
      "gross_profit": 62730000,
      "operating_income": -25465000,
      "net_income": -26614000,
      "opex": 88195000,
      "cogs": 77278000,
      "rd": 24700000,
      "sga": 63495000,
      "fcf": -6325000,
      "ocf": -4464000,
      "capex": -1861000,
      "gross_margin": 0.4480458259528027,
      "op_margin": -0.18188246385920803,
      "fcf_margin": -0.045175989943431805,
      "incr_op_margin_yoy": -0.7834124293785311,
      "rev_growth_yoy": -0.13646204042360285,
      "rev_growth_yoy_accel": -0.0005630476160460862,
      "op_leverage_ratio": 0.7464799821816633,
      "fcf_margin_change": -0.009556137870496952
    },
    {
      "date": "2024-12-31T00:00:00",
      "quarter_label": "2024-12 (Q4)",
      "revenue": 150359000,
      "gross_profit": 69689000,
      "operating_income": -9700000,
      "net_income": null,
      "opex": 79389000,
      "cogs": 80670000,
      "rd": 24785000,
      "sga": 54604000,
      "fcf": 3183000,
      "ocf": 7389000,
      "capex": -4206000,
      "gross_margin": 0.46348406147952564,
      "op_margin": -0.06451226730691212,
      "fcf_margin": 0.021169334725556835,
      "incr_op_margin_yoy": 2.571763131482101,
      "rev_growth_yoy": -0.03823790913219519,
      "rev_growth_yoy_accel": 0.09822413129140767,
      "op_leverage_ratio": Infinity,
      "fcf_margin_change": 0.06634532466898864
    },
    {
      "date": "2025-03-31T00:00:00",
      "quarter_label": "2025-03 (Q1)",
      "revenue": 136046000,
      "gross_profit": 60239000,
      "operating_income": -12404000,
      "net_income": -13054000,
      "opex": 72643000,
      "cogs": 75807000,
      "rd": 18792000,
      "sga": 53851000,
      "fcf": 789000,
      "ocf": 4542000,
      "capex": -3753000,
      "gross_margin": 0.44278405833321083,
      "op_margin": -0.09117504373520721,
      "fcf_margin": 0.005799508989606457,
      "incr_op_margin_yoy": -1.5053723138430786,
      "rev_growth_yoy": -0.05556404026379729,
      "rev_growth_yoy_accel": -0.0173261311316021,
      "fcf_margin_change": -0.015369825735950377
    },
    {
      "date": "2025-06-30T00:00:00",
      "quarter_label": "2025-06 (Q2)",
      "revenue": 138086000,
      "gross_profit": 59494000,
      "operating_income": -16620000,
      "net_income": -16745000,
      "opex": 76114000,
      "cogs": 78592000,
      "rd": 19921000,
      "sga": 56193000,
      "fcf": -8394000,
      "ocf": -1111000,
      "capex": -7283000,
      "gross_margin": 0.4308474428979042,
      "op_margin": -0.1203597757918978,
      "fcf_margin": -0.060788204452297843,
      "rev_growth_yoy": 0.00032599010438927567,
      "rev_growth_yoy_accel": 0.055890030368186565,
      "op_leverage_ratio": 0.31382211703243235,
      "fcf_margin_change": -0.0665877134419043
    },
    {
      "date": "2025-09-30T00:00:00",
      "quarter_label": "2025-09 (Q3)",
      "revenue": 136970000,
      "gross_profit": 56092000,
      "operating_income": -22704000,
      "net_income": -55634000,
      "opex": 78796000,
      "cogs": 80878000,
      "rd": 20561000,
      "sga": 58235000,
      "fcf": 2456000,
      "ocf": 6907000,
      "capex": -4451000,
      "gross_margin": 0.4095203329196174,
      "op_margin": -0.16575892531211214,
      "fcf_margin": 0.017930933781119953,
      "incr_op_margin_yoy": -0.9088215931533904,
      "rev_growth_yoy": -0.021698760070853095,
      "rev_growth_yoy_accel": -0.022024750175242372,
      "fcf_margin_change": 0.07871913823341779
    }
  ],
  "signals": [
    {
      "quarter": "2025-09 (Q3)",
      "signal": "FCF TURNED POSITIVE",
      "detail": "FCF margin: -6.1% -> +1.8%",
      "severity": "HIGH"
    },
    {
      "quarter": "2025-06 (Q2)",
      "signal": "YoY REVENUE GROWTH ACCELERATION",
      "detail": "YoY growth: +0.0% vs prior quarter YoY: -5.6% (accel: +5.6%)",
      "severity": "MEDIUM"
    },
    {
      "quarter": "2024-12 (Q4)",
      "signal": "FCF TURNED POSITIVE",
      "detail": "FCF margin: -4.5% -> +2.1%",
      "severity": "HIGH"
    },
    {
      "quarter": "2024-12 (Q4)",
      "signal": "YoY REVENUE GROWTH ACCELERATION",
      "detail": "YoY growth: -3.8% vs prior quarter YoY: -13.6% (accel: +9.8%)",
      "severity": "MEDIUM"
    },
    {
      "quarter": "2024-06 (Q2)",
      "signal": "YoY REVENUE GROWTH DECELERATION",
      "detail": "YoY growth: -13.6% vs prior quarter YoY: -3.6% (decel: -10.0%)",
      "severity": "WARNING"
    },
    {
      "quarter": "2024-03 (Q1)",
      "signal": "FCF TURNED POSITIVE",
      "detail": "FCF margin: -8.0% -> +3.5%",
      "severity": "HIGH"
    },
    {
      "quarter": "2023-12 (Q4)",
      "signal": "GROSS MARGIN INFLECTION",
      "detail": "GM: +41.5% -> +40.5% -> +44.6% (reversal +4.1%)",
      "severity": "MEDIUM"
    },
    {
      "quarter": "2023-12 (Q4)",
      "signal": "OP MARGIN TURNED POSITIVE (QoQ)",
      "detail": "Op margin: -26.4% -> +3.6%",
      "severity": "HIGH"
    },
    {
      "quarter": "2023-09 (Q3)",
      "signal": "FCF MARGIN EXPANSION",
      "detail": "FCF margin: -16.3% -> -9.3% (+7.1%)",
      "severity": "MEDIUM"
    },
    {
      "quarter": "2022-12 (Q4)",
      "signal": "YoY REVENUE GROWTH DECELERATION",
      "detail": "YoY growth: -4.6% vs prior quarter YoY: +2.0% (decel: -6.6%)",
      "severity": "WARNING"
    },
    {
      "quarter": "2022-12 (Q4)",
      "signal": "OP MARGIN TURNED POSITIVE (YoY)",
      "detail": "Op margin: -9.7% (year-ago) -> +1.0%",
      "severity": "HIGH"
    },
    {
      "quarter": "2022-12 (Q4)",
      "signal": "OP MARGIN TURNED POSITIVE (QoQ)",
      "detail": "Op margin: -9.6% -> +1.0%",
      "severity": "HIGH"
    },
    {
      "quarter": "2022-09 (Q3)",
      "signal": "GROSS MARGIN INFLECTION",
      "detail": "GM: +42.6% -> +40.5% -> +43.6% (reversal +3.2%)",
      "severity": "MEDIUM"
    },
    {
      "quarter": "2022-09 (Q3)",
      "signal": "YoY REVENUE GROWTH DECELERATION",
      "detail": "YoY growth: +2.0% vs prior quarter YoY: +13.3% (decel: -11.3%)",
      "severity": "WARNING"
    },
    {
      "quarter": "2022-06 (Q2)",
      "signal": "YoY REVENUE GROWTH DECELERATION",
      "detail": "YoY growth: +13.3% vs prior quarter YoY: +21.8% (decel: -8.5%)",
      "severity": "WARNING"
    },
    {
      "quarter": "2021-09 (Q3)",
      "signal": "OPERATING LEVERAGE",
      "detail": "Rev growth +8.2% vs OpEx growth +4.8% (leverage: 1.7x)",
      "severity": "MEDIUM"
    }
  ],
  "data_quality": {
    "n_quarters": 20,
    "coverage": {
      "revenue": [
        20,
        20
      ],
      "gross_profit": [
        20,
        20
      ],
      "op_income": [
        20,
        20
      ],
      "fcf": [
        20,
        20
      ]
    },
    "gaps": [],
    "warnings": []
  },
  "market_cap": null,
  "source": "SEC EDGAR",
  "last_updated": "2026-02-02T22:02:34.712152"
}