{
  "ticker": "ST",
  "name": "SENSATA TECHNOLOGIES HOLDING PLC",
  "quarters": [
    {
      "date": "2020-12-31T00:00:00",
      "quarter_label": "2020-12 (Q4)",
      "revenue": 906491000,
      "gross_profit": 296551000,
      "operating_income": 154161000,
      "net_income": 121667000,
      "opex": 752330000,
      "cogs": 609940000,
      "rd": 33314000,
      "sga": 77027000,
      "fcf": 266437000,
      "ocf": 266437000,
      "capex": null,
      "gross_margin": 0.3271416925264564,
      "op_margin": 0.17006346450212964,
      "fcf_margin": 0.2939212854843567
    },
    {
      "date": "2021-03-31T00:00:00",
      "quarter_label": "2021-03 (Q1)",
      "revenue": 942528000,
      "gross_profit": 307179000,
      "operating_income": 157454000,
      "net_income": 53733000,
      "opex": 785074000,
      "cogs": 635349000,
      "rd": 35956000,
      "sga": 77123000,
      "fcf": 104511000,
      "ocf": 104511000,
      "capex": null,
      "gross_margin": 0.32590968119779995,
      "op_margin": 0.16705498404291438,
      "fcf_margin": 0.11088370849460175,
      "op_leverage_ratio": 0.913401628687294,
      "fcf_margin_change": -0.18303757698975495
    },
    {
      "date": "2021-06-30T00:00:00",
      "quarter_label": "2021-06 (Q2)",
      "revenue": 992660000,
      "gross_profit": 334375000,
      "operating_income": 164755000,
      "net_income": 112916000,
      "opex": 827905000,
      "cogs": 658285000,
      "rd": 42913000,
      "sga": 86821000,
      "fcf": 163420000,
      "ocf": 163420000,
      "capex": null,
      "gross_margin": 0.33684746035903534,
      "op_margin": 0.16597324360808333,
      "fcf_margin": 0.16462837225233212,
      "op_leverage_ratio": 0.9749293628437491,
      "fcf_margin_change": 0.053744663757730377
    },
    {
      "date": "2021-09-30T00:00:00",
      "quarter_label": "2021-09 (Q3)",
      "revenue": 951021000,
      "gross_profit": 322099000,
      "operating_income": 161339000,
      "net_income": 84959000,
      "opex": 789682000,
      "cogs": 628922000,
      "rd": 40060000,
      "sga": 85784000,
      "fcf": 125295000,
      "ocf": 125295000,
      "capex": null,
      "gross_margin": 0.33868757892833073,
      "op_margin": 0.16964819914597049,
      "fcf_margin": 0.1317478793843669,
      "fcf_margin_change": -0.03288049286796521
    },
    {
      "date": "2021-12-31T00:00:00",
      "quarter_label": "2021-12 (Q4)",
      "revenue": 934597000,
      "gross_profit": 314719000,
      "operating_income": 149692000,
      "net_income": 111972000,
      "opex": 784905000,
      "cogs": 619878000,
      "rd": 40143000,
      "sga": 87261000,
      "fcf": 160925000,
      "ocf": 160925000,
      "capex": null,
      "gross_margin": 0.33674300259898116,
      "op_margin": 0.16016743045398177,
      "fcf_margin": 0.1721865146153904,
      "incr_op_margin_yoy": -0.15900519462036575,
      "rev_growth_yoy": 0.03100527197732796,
      "fcf_margin_change": 0.04043863523102348
    },
    {
      "date": "2022-03-31T00:00:00",
      "quarter_label": "2022-03 (Q1)",
      "revenue": 975770000,
      "gross_profit": 318690000,
      "operating_income": 125930000,
      "net_income": 22441000,
      "opex": 849840000,
      "cogs": 657080000,
      "rd": 45980000,
      "sga": 95680000,
      "fcf": 47355000,
      "ocf": 47355000,
      "capex": null,
      "gross_margin": 0.32660360535781996,
      "op_margin": 0.12905705237914672,
      "fcf_margin": 0.048530903799051006,
      "incr_op_margin_yoy": -0.9483183923951628,
      "rev_growth_yoy": 0.03526897874652,
      "rev_growth_yoy_accel": 0.004263706769192039,
      "op_leverage_ratio": 0.5325082988514392,
      "fcf_margin_change": -0.12365561081633938
    },
    {
      "date": "2022-06-30T00:00:00",
      "quarter_label": "2022-06 (Q2)",
      "revenue": 1020548000,
      "gross_profit": 333945000,
      "operating_income": 138943000,
      "net_income": 34841000,
      "opex": 881605000,
      "cogs": 686603000,
      "rd": 47971000,
      "sga": 97329000,
      "fcf": 94533000,
      "ocf": 94533000,
      "capex": null,
      "gross_margin": 0.3272212575988587,
      "op_margin": 0.13614548262306134,
      "fcf_margin": 0.09262964603330759,
      "incr_op_margin_yoy": -0.9255593803786575,
      "rev_growth_yoy": 0.028094211512501764,
      "rev_growth_yoy_accel": -0.007174767234018234,
      "op_leverage_ratio": 1.2277375510331046,
      "fcf_margin_change": 0.04409874223425658
    },
    {
      "date": "2022-09-30T00:00:00",
      "quarter_label": "2022-09 (Q3)",
      "revenue": 1018268000,
      "gross_profit": 323733000,
      "operating_income": 252901000,
      "net_income": 140253000,
      "opex": 765367000,
      "cogs": 694535000,
      "rd": 47947000,
      "sga": 90013000,
      "fcf": 93845000,
      "ocf": 93845000,
      "capex": null,
      "gross_margin": 0.317925143478927,
      "op_margin": 0.24836388848515323,
      "fcf_margin": 0.09216139562472749,
      "incr_op_margin_yoy": 1.3615774681398427,
      "rev_growth_yoy": 0.07071032080259006,
      "rev_growth_yoy_accel": 0.04261610929008829,
      "fcf_margin_change": -0.0004682504085801037
    },
    {
      "date": "2022-12-31T00:00:00",
      "quarter_label": "2022-12 (Q4)",
      "revenue": 1014676000,
      "gross_profit": 340846000,
      "operating_income": 152365000,
      "net_income": 113150000,
      "opex": 862311000,
      "cogs": 673830000,
      "rd": 47446000,
      "sga": 87622000,
      "fcf": 224860000,
      "ocf": 224860000,
      "capex": null,
      "gross_margin": 0.33591609538414235,
      "op_margin": 0.15016123373372386,
      "fcf_margin": 0.22160768560604568,
      "incr_op_margin_yoy": 0.03337953770651482,
      "rev_growth_yoy": 0.08568292001793286,
      "rev_growth_yoy_accel": 0.014972599215342802,
      "fcf_margin_change": 0.12944628998131819
    },
    {
      "date": "2023-03-31T00:00:00",
      "quarter_label": "2023-03 (Q1)",
      "revenue": 998175000,
      "gross_profit": 327704000,
      "operating_income": 148842000,
      "net_income": 86417000,
      "opex": 849333000,
      "cogs": 670471000,
      "rd": 45939000,
      "sga": 86150000,
      "fcf": 96888000,
      "ocf": 96888000,
      "capex": null,
      "gross_margin": 0.3283031532546898,
      "op_margin": 0.1491141332932602,
      "fcf_margin": 0.09706514388759487,
      "incr_op_margin_yoy": 1.0226288774827048,
      "rev_growth_yoy": 0.022961353597671583,
      "rev_growth_yoy_accel": -0.06272156642026128,
      "fcf_margin_change": -0.12454254171845082
    },
    {
      "date": "2023-06-30T00:00:00",
      "quarter_label": "2023-06 (Q2)",
      "revenue": 1062112000,
      "gross_profit": 330004000,
      "operating_income": 118013000,
      "net_income": 49111000,
      "opex": 944099000,
      "cogs": 732108000,
      "rd": 44857000,
      "sga": 91312000,
      "fcf": 115754000,
      "ocf": 115754000,
      "capex": null,
      "gross_margin": 0.310705462324124,
      "op_margin": 0.1111116341779398,
      "fcf_margin": 0.10898473983911301,
      "incr_op_margin_yoy": -0.5035607737465114,
      "rev_growth_yoy": 0.040727138752905304,
      "rev_growth_yoy_accel": 0.01776578515523372,
      "op_leverage_ratio": 0.5740781467997891,
      "fcf_margin_change": 0.011919595951518147
    },
    {
      "date": "2023-09-30T00:00:00",
      "quarter_label": "2023-09 (Q3)",
      "revenue": 1001302000,
      "gross_profit": 313343000,
      "operating_income": 116260000,
      "net_income": 62801000,
      "opex": 885042000,
      "cogs": 687959000,
      "rd": 45448000,
      "sga": 85661000,
      "fcf": 138935000,
      "ocf": 138935000,
      "capex": null,
      "gross_margin": 0.3129355579036095,
      "op_margin": 0.1161088263081468,
      "fcf_margin": 0.13875434184691532,
      "incr_op_margin_yoy": 8.053813509371684,
      "rev_growth_yoy": -0.016661625426704955,
      "rev_growth_yoy_accel": -0.05738876417961026,
      "fcf_margin_change": 0.029769602007802307
    },
    {
      "date": "2023-12-31T00:00:00",
      "quarter_label": "2023-12 (Q4)",
      "revenue": 992494000,
      "gross_profit": 290207000,
      "operating_income": -201439000,
      "net_income": -202238000,
      "opex": 1193933000,
      "cogs": 702287000,
      "rd": 42623000,
      "sga": 87532000,
      "fcf": 105098000,
      "ocf": 105098000,
      "capex": null,
      "gross_margin": 0.2924017676681169,
      "op_margin": -0.20296243604495343,
      "fcf_margin": 0.10589283159394415,
      "incr_op_margin_yoy": 15.95004958975746,
      "rev_growth_yoy": -0.021861165534614004,
      "rev_growth_yoy_accel": -0.005199540107909049,
      "fcf_margin_change": -0.03286151025297117
    },
    {
      "date": "2024-03-31T00:00:00",
      "quarter_label": "2024-03 (Q1)",
      "revenue": 1006709000,
      "gross_profit": 317449000,
      "operating_income": 144792000,
      "net_income": 76021000,
      "opex": 861917000,
      "cogs": 689260000,
      "rd": 45314000,
      "sga": 88046000,
      "fcf": 106487000,
      "ocf": 106487000,
      "capex": null,
      "gross_margin": 0.31533342803133774,
      "op_margin": 0.14382706422610705,
      "fcf_margin": 0.10577733982709998,
      "incr_op_margin_yoy": -0.47457229903913756,
      "rev_growth_yoy": 0.008549603025521577,
      "rev_growth_yoy_accel": 0.03041076856013558,
      "op_leverage_ratio": Infinity,
      "fcf_margin_change": -0.00011549176684416684
    },
    {
      "date": "2024-06-30T00:00:00",
      "quarter_label": "2024-06 (Q2)",
      "revenue": 1035535000,
      "gross_profit": 311121000,
      "operating_income": 129947000,
      "net_income": 71703000,
      "opex": 905588000,
      "cogs": 724414000,
      "rd": 45325000,
      "sga": 93273000,
      "fcf": 143456000,
      "ocf": 143456000,
      "capex": null,
      "gross_margin": 0.300444697668355,
      "op_margin": 0.12548779133491383,
      "fcf_margin": 0.138533221957732,
      "incr_op_margin_yoy": -0.4490348797832712,
      "rev_growth_yoy": -0.025022784791057816,
      "rev_growth_yoy_accel": -0.033572387816579397,
      "op_leverage_ratio": 0.5651356975250907,
      "fcf_margin_change": 0.032755882130632005
    },
    {
      "date": "2024-09-30T00:00:00",
      "quarter_label": "2024-09 (Q3)",
      "revenue": 982830000,
      "gross_profit": 281367000,
      "operating_income": -199227000,
      "net_income": -25034000,
      "opex": 1182057000,
      "cogs": 701463000,
      "rd": 42685000,
      "sga": 102453000,
      "fcf": 130891000,
      "ocf": 130891000,
      "capex": null,
      "gross_margin": 0.28628247001007295,
      "op_margin": -0.20270748756142976,
      "fcf_margin": 0.13317766042957582,
      "incr_op_margin_yoy": 17.079200952793418,
      "rev_growth_yoy": -0.018447980729090725,
      "rev_growth_yoy_accel": 0.006574804061967091,
      "fcf_margin_change": -0.005355561528156166
    },
    {
      "date": "2024-12-31T00:00:00",
      "quarter_label": "2024-12 (Q4)",
      "revenue": 907690000,
      "gross_profit": 245896000,
      "operating_income": 73764000,
      "net_income": 5787000,
      "opex": 833926000,
      "cogs": 661794000,
      "rd": 35952000,
      "sga": 108424000,
      "fcf": 170713000,
      "ocf": 170713000,
      "capex": null,
      "gross_margin": 0.27090306161795324,
      "op_margin": 0.08126563033634832,
      "fcf_margin": 0.18807412222234463,
      "incr_op_margin_yoy": -3.245165322390453,
      "rev_growth_yoy": -0.08544535281825381,
      "rev_growth_yoy_accel": -0.06699737208916309,
      "fcf_margin_change": 0.0548964617927688
    },
    {
      "date": "2025-03-31T00:00:00",
      "quarter_label": "2025-03 (Q1)",
      "revenue": 911255000,
      "gross_profit": 272588000,
      "operating_income": 122196000,
      "net_income": 69919000,
      "opex": 789059000,
      "cogs": 638667000,
      "rd": 36809000,
      "sga": 86026000,
      "fcf": 119199000,
      "ocf": 119199000,
      "capex": null,
      "gross_margin": 0.29913470982326573,
      "op_margin": 0.13409638355893794,
      "fcf_margin": 0.13080751271597962,
      "incr_op_margin_yoy": 0.23672135269344396,
      "rev_growth_yoy": -0.09481786693076152,
      "rev_growth_yoy_accel": -0.00937251411250771,
      "fcf_margin_change": -0.057266609506365
    },
    {
      "date": "2025-06-30T00:00:00",
      "quarter_label": "2025-06 (Q2)",
      "revenue": 943384000,
      "gross_profit": 286280000,
      "operating_income": 138062000,
      "net_income": 60668000,
      "opex": 805322000,
      "cogs": 657104000,
      "rd": 32589000,
      "sga": 87833000,
      "fcf": 140904000,
      "ocf": 140904000,
      "capex": null,
      "gross_margin": 0.30346073285109776,
      "op_margin": 0.14634761666511198,
      "fcf_margin": 0.14936017570787719,
      "incr_op_margin_yoy": -0.0880619852199108,
      "rev_growth_yoy": -0.08898878357563965,
      "rev_growth_yoy_accel": 0.005829083355121875,
      "op_leverage_ratio": 1.7106694516777274,
      "fcf_margin_change": 0.01855266299189756
    },
    {
      "date": "2025-09-30T00:00:00",
      "quarter_label": "2025-09 (Q3)",
      "revenue": 931978000,
      "gross_profit": 259376000,
      "operating_income": -122888000,
      "net_income": -162523000,
      "opex": 1054866000,
      "cogs": 672602000,
      "rd": 33034000,
      "sga": 85763000,
      "fcf": 159868000,
      "ocf": 159868000,
      "capex": null,
      "gross_margin": 0.2783069986630586,
      "op_margin": -0.1318571897619901,
      "fcf_margin": 0.17153623797986647,
      "incr_op_margin_yoy": -1.5011995595060175,
      "rev_growth_yoy": -0.05174038236521067,
      "rev_growth_yoy_accel": 0.03724840121042898,
      "fcf_margin_change": 0.02217606227198929
    }
  ],
  "signals": [
    {
      "quarter": "2025-06 (Q2)",
      "signal": "OPERATING LEVERAGE",
      "detail": "Rev growth +3.5% vs OpEx growth +2.1% (leverage: 1.7x)",
      "severity": "MEDIUM"
    },
    {
      "quarter": "2025-03 (Q1)",
      "signal": "GROSS MARGIN INFLECTION",
      "detail": "GM: +28.6% -> +27.1% -> +29.9% (reversal +2.8%)",
      "severity": "MEDIUM"
    },
    {
      "quarter": "2024-12 (Q4)",
      "signal": "FCF MARGIN EXPANSION",
      "detail": "FCF margin: +13.3% -> +18.8% (+5.5%)",
      "severity": "MEDIUM"
    },
    {
      "quarter": "2024-12 (Q4)",
      "signal": "YoY REVENUE GROWTH DECELERATION",
      "detail": "YoY growth: -8.5% vs prior quarter YoY: -1.8% (decel: -6.7%)",
      "severity": "WARNING"
    },
    {
      "quarter": "2024-12 (Q4)",
      "signal": "OP MARGIN TURNED POSITIVE (YoY)",
      "detail": "Op margin: -20.3% (year-ago) -> +8.1%",
      "severity": "HIGH"
    },
    {
      "quarter": "2024-12 (Q4)",
      "signal": "OP MARGIN TURNED POSITIVE (QoQ)",
      "detail": "Op margin: -20.3% -> +8.1%",
      "severity": "HIGH"
    },
    {
      "quarter": "2024-03 (Q1)",
      "signal": "GROSS MARGIN INFLECTION",
      "detail": "GM: +31.3% -> +29.2% -> +31.5% (reversal +2.3%)",
      "severity": "MEDIUM"
    },
    {
      "quarter": "2024-03 (Q1)",
      "signal": "OP MARGIN TURNED POSITIVE (QoQ)",
      "detail": "Op margin: -20.3% -> +14.4%",
      "severity": "HIGH"
    },
    {
      "quarter": "2023-09 (Q3)",
      "signal": "YoY REVENUE GROWTH DECELERATION",
      "detail": "YoY growth: -1.7% vs prior quarter YoY: +4.1% (decel: -5.7%)",
      "severity": "WARNING"
    },
    {
      "quarter": "2023-09 (Q3)",
      "signal": "INCREMENTAL MARGIN (YoY)",
      "detail": "YoY Incr OPM: +805.4% vs year-ago OPM: +24.8%",
      "severity": "HIGH"
    },
    {
      "quarter": "2023-03 (Q1)",
      "signal": "YoY REVENUE GROWTH DECELERATION",
      "detail": "YoY growth: +2.3% vs prior quarter YoY: +8.6% (decel: -6.3%)",
      "severity": "WARNING"
    },
    {
      "quarter": "2023-03 (Q1)",
      "signal": "INCREMENTAL MARGIN (YoY)",
      "detail": "YoY Incr OPM: +102.3% vs year-ago OPM: +12.9%",
      "severity": "HIGH"
    },
    {
      "quarter": "2022-12 (Q4)",
      "signal": "FCF MARGIN EXPANSION",
      "detail": "FCF margin: +9.2% -> +22.2% (+12.9%)",
      "severity": "MEDIUM"
    },
    {
      "quarter": "2022-09 (Q3)",
      "signal": "INCREMENTAL MARGIN (YoY)",
      "detail": "YoY Incr OPM: +136.2% vs year-ago OPM: +17.0%",
      "severity": "HIGH"
    },
    {
      "quarter": "2021-06 (Q2)",
      "signal": "FCF MARGIN EXPANSION",
      "detail": "FCF margin: +11.1% -> +16.5% (+5.4%)",
      "severity": "MEDIUM"
    }
  ],
  "data_quality": {
    "n_quarters": 20,
    "coverage": {
      "revenue": [
        20,
        20
      ],
      "gross_profit": [
        20,
        20
      ],
      "op_income": [
        20,
        20
      ],
      "fcf": [
        20,
        20
      ]
    },
    "gaps": [],
    "warnings": []
  },
  "market_cap": null,
  "source": "SEC EDGAR",
  "last_updated": "2026-02-02T21:02:37.566061"
}