{
  "ticker": "STAA",
  "name": "STAAR Surgical Company",
  "quarters": [
    {
      "date": "2021-01-01T00:00:00",
      "quarter_label": "2021-01 (Q1)",
      "revenue": 45998000,
      "gross_profit": 34301000,
      "operating_income": 4077000,
      "net_income": null,
      "opex": 30224000,
      "cogs": 11697000,
      "rd": 8958000,
      "sga": 30224000,
      "fcf": 17405000,
      "ocf": 19550000,
      "capex": -2145000,
      "gross_margin": 0.745706335058046,
      "op_margin": 0.0886342884473238,
      "fcf_margin": 0.3783860167833384
    },
    {
      "date": "2021-04-02T00:00:00",
      "quarter_label": "2021-04 (Q2)",
      "revenue": 50752000,
      "gross_profit": 39142000,
      "operating_income": 7470000,
      "net_income": 4992000,
      "opex": 31672000,
      "cogs": 11610000,
      "rd": 8259000,
      "sga": 31672000,
      "fcf": 4607000,
      "ocf": 6766000,
      "capex": -2159000,
      "gross_margin": 0.7712405422446406,
      "op_margin": 0.14718631778058008,
      "fcf_margin": 0.09077474779319042,
      "op_leverage_ratio": 2.157265545295147,
      "fcf_margin_change": -0.287611268990148
    },
    {
      "date": "2021-07-02T00:00:00",
      "quarter_label": "2021-07 (Q3)",
      "revenue": 62367000,
      "gross_profit": 49203000,
      "operating_income": 10649000,
      "net_income": 8567000,
      "opex": 38554000,
      "cogs": 13164000,
      "rd": 8260000,
      "sga": 38554000,
      "fcf": 2858000,
      "ocf": 6382000,
      "capex": -3524000,
      "gross_margin": 0.7889268363076627,
      "op_margin": 0.17074735036156943,
      "fcf_margin": 0.04582551669953661,
      "op_leverage_ratio": 1.0532388574760336,
      "fcf_margin_change": -0.044949231093653806
    },
    {
      "date": "2021-10-01T00:00:00",
      "quarter_label": "2021-10 (Q4)",
      "revenue": 58352000,
      "gross_profit": 45301000,
      "operating_income": 7837000,
      "net_income": 6020000,
      "opex": 37464000,
      "cogs": 13051000,
      "rd": 8271000,
      "sga": 37464000,
      "fcf": 19043000,
      "ocf": 22316000,
      "capex": -3273000,
      "gross_margin": 0.7763401425829449,
      "op_margin": 0.13430559363860708,
      "fcf_margin": 0.32634699753221824,
      "fcf_margin_change": 0.28052148083268164
    },
    {
      "date": "2021-12-31T00:00:00",
      "quarter_label": "2021-12 (Q4)",
      "revenue": 59001000,
      "gross_profit": 44991000,
      "operating_income": 7383000,
      "net_income": 4922000,
      "opex": 37608000,
      "cogs": 14010000,
      "rd": 9072000,
      "sga": 37608000,
      "fcf": 3809000,
      "ocf": 8498000,
      "capex": -4689000,
      "gross_margin": 0.7625463975186861,
      "op_margin": 0.12513347231402858,
      "fcf_margin": 0.06455822782664701,
      "incr_op_margin_yoy": 0.25424901945704836,
      "rev_growth_yoy": 0.28268620374798903,
      "op_leverage_ratio": 2.893614043506078,
      "fcf_margin_change": -0.26178876970557124
    },
    {
      "date": "2022-04-01T00:00:00",
      "quarter_label": "2022-04 (Q2)",
      "revenue": 63200000,
      "gross_profit": 49264000,
      "operating_income": 12113000,
      "net_income": 9602000,
      "opex": 37151000,
      "cogs": 13936000,
      "rd": 7941000,
      "sga": 37151000,
      "fcf": -7149000,
      "ocf": -4610000,
      "capex": -2539000,
      "gross_margin": 0.7794936708860759,
      "op_margin": 0.1916613924050633,
      "fcf_margin": -0.11311708860759494,
      "incr_op_margin_yoy": 0.37299164524421596,
      "rev_growth_yoy": 0.24527112232030265,
      "rev_growth_yoy_accel": -0.037415081427686375,
      "op_leverage_ratio": Infinity,
      "fcf_margin_change": -0.17767531643424195
    },
    {
      "date": "2022-07-01T00:00:00",
      "quarter_label": "2022-07 (Q3)",
      "revenue": 81101000,
      "gross_profit": 63872000,
      "operating_income": 17020000,
      "net_income": 13038000,
      "opex": 46852000,
      "cogs": 17229000,
      "rd": 8636000,
      "sga": 46852000,
      "fcf": 7975000,
      "ocf": 13246000,
      "capex": -5271000,
      "gross_margin": 0.787561189134536,
      "op_margin": 0.20986177729004574,
      "fcf_margin": 0.09833417590411955,
      "incr_op_margin_yoy": 0.3400768655919718,
      "rev_growth_yoy": 0.3003832154825469,
      "rev_growth_yoy_accel": 0.05511209316224422,
      "op_leverage_ratio": 1.084711433572684,
      "fcf_margin_change": 0.21145126451171448
    },
    {
      "date": "2022-09-30T00:00:00",
      "quarter_label": "2022-09 (Q3)",
      "revenue": 76046000,
      "gross_profit": 60462000,
      "operating_income": 13705000,
      "net_income": 10262000,
      "opex": 46757000,
      "cogs": 15584000,
      "rd": 9616000,
      "sga": 46757000,
      "fcf": 17836000,
      "ocf": 24109000,
      "capex": -6273000,
      "gross_margin": 0.7950714041501197,
      "op_margin": 0.18021986692265207,
      "fcf_margin": 0.23454225074297136,
      "incr_op_margin_yoy": 0.3316378433367243,
      "rev_growth_yoy": 0.3032286811077598,
      "rev_growth_yoy_accel": 0.0028454656252129285,
      "fcf_margin_change": 0.1362080748388518
    },
    {
      "date": "2022-12-30T00:00:00",
      "quarter_label": "2022-12 (Q4)",
      "revenue": 64044000,
      "gross_profit": 49785000,
      "operating_income": 964000,
      "net_income": 6763000,
      "opex": 48821000,
      "cogs": 14259000,
      "rd": 9790000,
      "sga": 48821000,
      "fcf": -1055000,
      "ocf": 2970000,
      "capex": -4025000,
      "gross_margin": 0.7773561926175754,
      "op_margin": 0.015052151645743552,
      "fcf_margin": -0.016473049778277436,
      "incr_op_margin_yoy": -1.2728534602419195,
      "rev_growth_yoy": 0.08547312757410891,
      "rev_growth_yoy_accel": -0.2177555535336509,
      "fcf_margin_change": -0.2510153005212488
    },
    {
      "date": "2023-03-31T00:00:00",
      "quarter_label": "2023-03 (Q1)",
      "revenue": 73528000,
      "gross_profit": 57562000,
      "operating_income": 2800000,
      "net_income": 2710000,
      "opex": 54762000,
      "cogs": 15966000,
      "rd": 10310000,
      "sga": 54762000,
      "fcf": -7995000,
      "ocf": -5094000,
      "capex": -2901000,
      "gross_margin": 0.7828582308780329,
      "op_margin": 0.03808073115003808,
      "fcf_margin": -0.10873408769448373,
      "incr_op_margin_yoy": -0.9017234701781565,
      "rev_growth_yoy": 0.16341772151898734,
      "rev_growth_yoy_accel": 0.07794459394487843,
      "op_leverage_ratio": 1.2169149174510778,
      "fcf_margin_change": -0.0922610379162063
    },
    {
      "date": "2023-06-30T00:00:00",
      "quarter_label": "2023-06 (Q2)",
      "revenue": 92306000,
      "gross_profit": 70726000,
      "operating_income": 8597000,
      "net_income": 6064000,
      "opex": 62129000,
      "cogs": 21580000,
      "rd": 11755000,
      "sga": 62129000,
      "fcf": -9320000,
      "ocf": -6306000,
      "capex": -3014000,
      "gross_margin": 0.7662123805603103,
      "op_margin": 0.0931358741576929,
      "fcf_margin": -0.10096851775615887,
      "incr_op_margin_yoy": -0.7517179830432843,
      "rev_growth_yoy": 0.13816105843331156,
      "rev_growth_yoy_accel": -0.025256663085675785,
      "op_leverage_ratio": 1.8983890172244176,
      "fcf_margin_change": 0.007765569938324862
    },
    {
      "date": "2023-09-29T00:00:00",
      "quarter_label": "2023-09 (Q3)",
      "revenue": 80308000,
      "gross_profit": 63638000,
      "operating_income": 6295000,
      "net_income": 4817000,
      "opex": 57343000,
      "cogs": 16670000,
      "rd": 11470000,
      "sga": 57343000,
      "fcf": -15160000,
      "ocf": -5975000,
      "capex": -9185000,
      "gross_margin": 0.7924241669572147,
      "op_margin": 0.07838571499726055,
      "fcf_margin": -0.18877322309109926,
      "incr_op_margin_yoy": -1.7386203660253403,
      "rev_growth_yoy": 0.05604502537937564,
      "rev_growth_yoy_accel": -0.08211603305393592,
      "fcf_margin_change": -0.08780470533494039
    },
    {
      "date": "2023-12-29T00:00:00",
      "quarter_label": "2023-12 (Q4)",
      "revenue": 76273000,
      "gross_profit": 60725000,
      "operating_income": 10405000,
      "net_income": 7756000,
      "opex": 50320000,
      "cogs": 15548000,
      "rd": 10866000,
      "sga": 50320000,
      "fcf": 28881000,
      "ocf": 31969000,
      "capex": -3088000,
      "gross_margin": 0.7961532914661807,
      "op_margin": 0.13641786739737521,
      "fcf_margin": 0.37865299647319495,
      "incr_op_margin_yoy": 0.7720173358410336,
      "rev_growth_yoy": 0.19094684904128412,
      "rev_growth_yoy_accel": 0.13490182366190848,
      "fcf_margin_change": 0.5674262195642942
    },
    {
      "date": "2024-03-29T00:00:00",
      "quarter_label": "2024-03 (Q1)",
      "revenue": 77356000,
      "gross_profit": 61035000,
      "operating_income": -2281000,
      "net_income": -3339000,
      "opex": 63316000,
      "cogs": 16321000,
      "rd": 13380000,
      "sga": 63316000,
      "fcf": 16478000,
      "ocf": 21680000,
      "capex": -5202000,
      "gross_margin": 0.7890144268059361,
      "op_margin": -0.029487046900046537,
      "fcf_margin": 0.2130151507316821,
      "incr_op_margin_yoy": -1.3273249738766981,
      "rev_growth_yoy": 0.05206179958655206,
      "rev_growth_yoy_accel": -0.13888504945473207,
      "op_leverage_ratio": 0.05497795200573379,
      "fcf_margin_change": -0.16563784574151286
    },
    {
      "date": "2024-06-28T00:00:00",
      "quarter_label": "2024-06 (Q2)",
      "revenue": 99005000,
      "gross_profit": 78412000,
      "operating_income": 11898000,
      "net_income": 7379000,
      "opex": 66514000,
      "cogs": 20593000,
      "rd": 14054000,
      "sga": 66514000,
      "fcf": -16649000,
      "ocf": -10413000,
      "capex": -6236000,
      "gross_margin": 0.7920004040199989,
      "op_margin": 0.12017574869956063,
      "fcf_margin": -0.16816322407959194,
      "incr_op_margin_yoy": 0.4927601134497686,
      "rev_growth_yoy": 0.0725738305202262,
      "rev_growth_yoy_accel": 0.02051203093367414,
      "op_leverage_ratio": 5.540881302145348,
      "fcf_margin_change": -0.38117837481127403
    },
    {
      "date": "2024-09-27T00:00:00",
      "quarter_label": "2024-09 (Q3)",
      "revenue": 88590000,
      "gross_profit": 68487000,
      "operating_income": 5682000,
      "net_income": 9980000,
      "opex": 62805000,
      "cogs": 20103000,
      "rd": 14497000,
      "sga": 62805000,
      "fcf": -2415000,
      "ocf": 3816000,
      "capex": -6231000,
      "gross_margin": 0.7730782255333559,
      "op_margin": 0.06413816457839486,
      "fcf_margin": -0.027260413139180494,
      "incr_op_margin_yoy": -0.07401593817918377,
      "rev_growth_yoy": 0.10312795736414802,
      "rev_growth_yoy_accel": 0.030554126843921822,
      "fcf_margin_change": 0.14090281094041146
    },
    {
      "date": "2024-12-27T00:00:00",
      "quarter_label": "2024-12 (Q4)",
      "revenue": 48950000,
      "gross_profit": 31648000,
      "operating_income": -27910000,
      "net_income": -34228000,
      "opex": 59558000,
      "cogs": 17302000,
      "rd": 12042000,
      "sga": 59558000,
      "fcf": -5083000,
      "ocf": 642000,
      "capex": -5725000,
      "gross_margin": 0.6465372829417774,
      "op_margin": -0.570173646578141,
      "fcf_margin": -0.10384065372829418,
      "incr_op_margin_yoy": 1.4022984298942283,
      "rev_growth_yoy": -0.35822637106184363,
      "rev_growth_yoy_accel": -0.46135432842599167,
      "fcf_margin_change": -0.07658024058911368
    },
    {
      "date": "2025-03-28T00:00:00",
      "quarter_label": "2025-03 (Q1)",
      "revenue": 42589000,
      "gross_profit": 28005000,
      "operating_income": -57401000,
      "net_income": -54211000,
      "opex": 85406000,
      "cogs": 14584000,
      "rd": 13663000,
      "sga": 85406000,
      "fcf": -7202000,
      "ocf": -5734000,
      "capex": -1468000,
      "gross_margin": 0.6575641597595623,
      "op_margin": -1.3477893352743666,
      "fcf_margin": -0.16910469839629952,
      "incr_op_margin_yoy": 1.5854114533897086,
      "rev_growth_yoy": -0.4494415429960184,
      "rev_growth_yoy_accel": -0.09121517193417478,
      "fcf_margin_change": -0.06526404466800534
    },
    {
      "date": "2025-06-27T00:00:00",
      "quarter_label": "2025-06 (Q2)",
      "revenue": 44320000,
      "gross_profit": 32799000,
      "operating_income": -29964000,
      "net_income": -16812000,
      "opex": 62763000,
      "cogs": 11521000,
      "rd": 10263000,
      "sga": 62763000,
      "fcf": -29041000,
      "ocf": -27249000,
      "capex": -1792000,
      "gross_margin": 0.7400496389891696,
      "op_margin": -0.6760830324909747,
      "fcf_margin": -0.6552572202166065,
      "incr_op_margin_yoy": 0.7655115662430283,
      "rev_growth_yoy": -0.5523458411191354,
      "rev_growth_yoy_accel": -0.10290429812311702,
      "op_leverage_ratio": Infinity,
      "fcf_margin_change": -0.486152521820307
    },
    {
      "date": "2025-09-26T00:00:00",
      "quarter_label": "2025-09 (Q3)",
      "revenue": 94732000,
      "gross_profit": 77875000,
      "operating_income": 18490000,
      "net_income": 8884000,
      "opex": 59385000,
      "cogs": 16857000,
      "rd": 9209000,
      "sga": 59385000,
      "fcf": 1784000,
      "ocf": 2667000,
      "capex": -883000,
      "gross_margin": 0.8220559050795929,
      "op_margin": 0.19518219820124139,
      "fcf_margin": 0.018832073639319342,
      "incr_op_margin_yoy": 2.085314229892543,
      "rev_growth_yoy": 0.06933062422395304,
      "rev_growth_yoy_accel": 0.6216764653430885,
      "op_leverage_ratio": Infinity,
      "fcf_margin_change": 0.6740892938559259
    }
  ],
  "signals": [
    {
      "quarter": "2025-09 (Q3)",
      "signal": "FCF TURNED POSITIVE",
      "detail": "FCF margin: -65.5% -> +1.9%",
      "severity": "HIGH"
    },
    {
      "quarter": "2025-09 (Q3)",
      "signal": "YoY REVENUE GROWTH ACCELERATION",
      "detail": "YoY growth: +6.9% vs prior quarter YoY: -55.2% (accel: +62.2%)",
      "severity": "HIGH"
    },
    {
      "quarter": "2025-09 (Q3)",
      "signal": "INCREMENTAL MARGIN (YoY)",
      "detail": "YoY Incr OPM: +208.5% vs year-ago OPM: +6.4%",
      "severity": "HIGH"
    },
    {
      "quarter": "2025-09 (Q3)",
      "signal": "OP MARGIN TURNED POSITIVE (QoQ)",
      "detail": "Op margin: -67.6% -> +19.5%",
      "severity": "HIGH"
    },
    {
      "quarter": "2025-06 (Q2)",
      "signal": "YoY REVENUE GROWTH DECELERATION",
      "detail": "YoY growth: -55.2% vs prior quarter YoY: -44.9% (decel: -10.3%)",
      "severity": "WARNING"
    },
    {
      "quarter": "2025-03 (Q1)",
      "signal": "YoY REVENUE GROWTH DECELERATION",
      "detail": "YoY growth: -44.9% vs prior quarter YoY: -35.8% (decel: -9.1%)",
      "severity": "WARNING"
    },
    {
      "quarter": "2024-12 (Q4)",
      "signal": "YoY REVENUE GROWTH DECELERATION",
      "detail": "YoY growth: -35.8% vs prior quarter YoY: +10.3% (decel: -46.1%)",
      "severity": "WARNING"
    },
    {
      "quarter": "2024-09 (Q3)",
      "signal": "FCF MARGIN EXPANSION",
      "detail": "FCF margin: -16.8% -> -2.7% (+14.1%)",
      "severity": "MEDIUM"
    },
    {
      "quarter": "2024-06 (Q2)",
      "signal": "OPERATING LEVERAGE",
      "detail": "Rev growth +28.0% vs OpEx growth +5.1% (leverage: 5.5x)",
      "severity": "MEDIUM"
    },
    {
      "quarter": "2024-06 (Q2)",
      "signal": "INCREMENTAL MARGIN (YoY)",
      "detail": "YoY Incr OPM: +49.3% vs year-ago OPM: +9.3%",
      "severity": "HIGH"
    },
    {
      "quarter": "2024-06 (Q2)",
      "signal": "OP MARGIN TURNED POSITIVE (QoQ)",
      "detail": "Op margin: -2.9% -> +12.0%",
      "severity": "HIGH"
    },
    {
      "quarter": "2024-03 (Q1)",
      "signal": "YoY REVENUE GROWTH DECELERATION",
      "detail": "YoY growth: +5.2% vs prior quarter YoY: +19.1% (decel: -13.9%)",
      "severity": "WARNING"
    },
    {
      "quarter": "2023-12 (Q4)",
      "signal": "FCF TURNED POSITIVE",
      "detail": "FCF margin: -18.9% -> +37.9%",
      "severity": "HIGH"
    },
    {
      "quarter": "2023-12 (Q4)",
      "signal": "YoY REVENUE GROWTH ACCELERATION",
      "detail": "YoY growth: +19.1% vs prior quarter YoY: +5.6% (accel: +13.5%)",
      "severity": "MEDIUM"
    },
    {
      "quarter": "2023-12 (Q4)",
      "signal": "INCREMENTAL MARGIN (YoY)",
      "detail": "YoY Incr OPM: +77.2% vs year-ago OPM: +1.5%",
      "severity": "HIGH"
    },
    {
      "quarter": "2023-09 (Q3)",
      "signal": "GROSS MARGIN INFLECTION",
      "detail": "GM: +78.3% -> +76.6% -> +79.2% (reversal +2.6%)",
      "severity": "MEDIUM"
    },
    {
      "quarter": "2023-09 (Q3)",
      "signal": "YoY REVENUE GROWTH DECELERATION",
      "detail": "YoY growth: +5.6% vs prior quarter YoY: +13.8% (decel: -8.2%)",
      "severity": "WARNING"
    },
    {
      "quarter": "2023-06 (Q2)",
      "signal": "OPERATING LEVERAGE",
      "detail": "Rev growth +25.5% vs OpEx growth +13.5% (leverage: 1.9x)",
      "severity": "MEDIUM"
    },
    {
      "quarter": "2023-03 (Q1)",
      "signal": "YoY REVENUE GROWTH ACCELERATION",
      "detail": "YoY growth: +16.3% vs prior quarter YoY: +8.5% (accel: +7.8%)",
      "severity": "MEDIUM"
    },
    {
      "quarter": "2022-12 (Q4)",
      "signal": "YoY REVENUE GROWTH DECELERATION",
      "detail": "YoY growth: +8.5% vs prior quarter YoY: +30.3% (decel: -21.8%)",
      "severity": "WARNING"
    },
    {
      "quarter": "2022-09 (Q3)",
      "signal": "FCF MARGIN EXPANSION",
      "detail": "FCF margin: +9.8% -> +23.5% (+13.6%)",
      "severity": "MEDIUM"
    },
    {
      "quarter": "2022-09 (Q3)",
      "signal": "INCREMENTAL MARGIN (YoY)",
      "detail": "YoY Incr OPM: +33.2% vs year-ago OPM: +13.4%",
      "severity": "MEDIUM"
    },
    {
      "quarter": "2022-07 (Q3)",
      "signal": "FCF TURNED POSITIVE",
      "detail": "FCF margin: -11.3% -> +9.8%",
      "severity": "HIGH"
    },
    {
      "quarter": "2022-07 (Q3)",
      "signal": "YoY REVENUE GROWTH ACCELERATION",
      "detail": "YoY growth: +30.0% vs prior quarter YoY: +24.5% (accel: +5.5%)",
      "severity": "MEDIUM"
    },
    {
      "quarter": "2022-07 (Q3)",
      "signal": "INCREMENTAL MARGIN (YoY)",
      "detail": "YoY Incr OPM: +34.0% vs year-ago OPM: +17.1%",
      "severity": "MEDIUM"
    },
    {
      "quarter": "2022-04 (Q2)",
      "signal": "INCREMENTAL MARGIN (YoY)",
      "detail": "YoY Incr OPM: +37.3% vs year-ago OPM: +14.7%",
      "severity": "HIGH"
    },
    {
      "quarter": "2021-12 (Q4)",
      "signal": "OPERATING LEVERAGE",
      "detail": "Rev growth +1.1% vs OpEx growth +0.4% (leverage: 2.9x)",
      "severity": "MEDIUM"
    },
    {
      "quarter": "2021-12 (Q4)",
      "signal": "INCREMENTAL MARGIN (YoY)",
      "detail": "YoY Incr OPM: +25.4% vs year-ago OPM: +8.9%",
      "severity": "MEDIUM"
    },
    {
      "quarter": "2021-10 (Q4)",
      "signal": "FCF MARGIN EXPANSION",
      "detail": "FCF margin: +4.6% -> +32.6% (+28.1%)",
      "severity": "MEDIUM"
    },
    {
      "quarter": "2021-04 (Q2)",
      "signal": "OPERATING LEVERAGE",
      "detail": "Rev growth +10.3% vs OpEx growth +4.8% (leverage: 2.2x)",
      "severity": "MEDIUM"
    }
  ],
  "data_quality": {
    "n_quarters": 20,
    "coverage": {
      "revenue": [
        20,
        20
      ],
      "gross_profit": [
        20,
        20
      ],
      "op_income": [
        20,
        20
      ],
      "fcf": [
        20,
        20
      ]
    },
    "gaps": [],
    "warnings": []
  },
  "market_cap": null,
  "source": "SEC EDGAR",
  "last_updated": "2026-02-02T22:03:09.785477"
}