{
  "ticker": "STE",
  "name": "STERIS plc",
  "quarters": [
    {
      "date": "2020-12-31T00:00:00",
      "quarter_label": "2020-12 (Q4)",
      "revenue": 808924000,
      "gross_profit": 345861000,
      "operating_income": 147030000,
      "net_income": 114501000,
      "opex": 198831000,
      "cogs": 463063000,
      "rd": 16438000,
      "sga": 182373000,
      "fcf": 151961000,
      "ocf": 205712000,
      "capex": -53751000,
      "gross_margin": 0.4275568533014226,
      "op_margin": 0.1817599675618476,
      "fcf_margin": 0.18785571944954038
    },
    {
      "date": "2021-03-31T00:00:00",
      "quarter_label": "2021-03 (Q1)",
      "revenue": 873531000,
      "gross_profit": 379818000,
      "operating_income": 146074000,
      "net_income": 87443000,
      "opex": 235560000,
      "cogs": 493713000,
      "rd": 17514000,
      "sga": 221070000,
      "fcf": 113090000,
      "ocf": 187855000,
      "capex": -74765000,
      "gross_margin": 0.4348076942890407,
      "op_margin": 0.16722245690193022,
      "fcf_margin": 0.12946306427591006,
      "op_leverage_ratio": 0.43236133292430295,
      "fcf_margin_change": -0.05839265517363032
    },
    {
      "date": "2021-06-30T00:00:00",
      "quarter_label": "2021-06 (Q2)",
      "revenue": 968422000,
      "gross_profit": 426282000,
      "operating_income": 14324000,
      "net_income": -21807000,
      "opex": 411958000,
      "cogs": 542140000,
      "rd": 18192000,
      "sga": 393752000,
      "fcf": 41030000,
      "ocf": 97426000,
      "capex": -56396000,
      "gross_margin": 0.440182069387106,
      "op_margin": 0.014791072486994307,
      "fcf_margin": 0.04236789333575652,
      "op_leverage_ratio": 0.14506231047270976,
      "fcf_margin_change": -0.08709517094015354
    },
    {
      "date": "2021-09-30T00:00:00",
      "quarter_label": "2021-09 (Q3)",
      "revenue": 1196985000,
      "gross_profit": 480344000,
      "operating_income": 116503000,
      "net_income": 69811000,
      "opex": 363841000,
      "cogs": 716641000,
      "rd": 18832000,
      "sga": 344799000,
      "fcf": 94367000,
      "ocf": 171340000,
      "capex": -76973000,
      "gross_margin": 0.40129492015355245,
      "op_margin": 0.09733037590278909,
      "fcf_margin": 0.07883724524534559,
      "op_leverage_ratio": Infinity,
      "fcf_margin_change": 0.036469351909589075
    },
    {
      "date": "2021-12-31T00:00:00",
      "quarter_label": "2021-12 (Q4)",
      "revenue": 1208971000,
      "gross_profit": 538114000,
      "operating_income": 202933000,
      "net_income": 143623000,
      "opex": 335181000,
      "cogs": 670857000,
      "rd": 24824000,
      "sga": 310564000,
      "fcf": 163192000,
      "ocf": 244314000,
      "capex": -81122000,
      "gross_margin": 0.4451008336841827,
      "op_margin": 0.16785597007703246,
      "fcf_margin": 0.13498421384797485,
      "incr_op_margin_yoy": 0.13974108042305028,
      "rev_growth_yoy": 0.49454213251183055,
      "op_leverage_ratio": Infinity,
      "fcf_margin_change": 0.05614696860262926
    },
    {
      "date": "2022-03-31T00:00:00",
      "quarter_label": "2022-03 (Q1)",
      "revenue": 1210686000,
      "gross_profit": 571622000,
      "operating_income": 91858000,
      "net_income": 52261000,
      "opex": 479764000,
      "cogs": 639064000,
      "rd": 26097000,
      "sga": 453636000,
      "fcf": 98659000,
      "ocf": 171731000,
      "capex": -73072000,
      "gross_margin": 0.47214719588729037,
      "op_margin": 0.0758726870551076,
      "fcf_margin": 0.08149016342800693,
      "incr_op_margin_yoy": -0.16080437780842638,
      "rev_growth_yoy": 0.38596798510871394,
      "rev_growth_yoy_accel": -0.1085741474031166,
      "fcf_margin_change": -0.05349405041996792
    },
    {
      "date": "2022-06-30T00:00:00",
      "quarter_label": "2022-06 (Q2)",
      "revenue": 1156491000,
      "gross_profit": 517798000,
      "operating_income": 158395000,
      "net_income": 111262000,
      "opex": 359403000,
      "cogs": 638693000,
      "rd": 24751000,
      "sga": 334626000,
      "fcf": 115813000,
      "ocf": 231746000,
      "capex": -115933000,
      "gross_margin": 0.4477319754325801,
      "op_margin": 0.13696172300519416,
      "fcf_margin": 0.10014172181192936,
      "incr_op_margin_yoy": 0.766053948284938,
      "rev_growth_yoy": 0.1942014948028855,
      "rev_growth_yoy_accel": -0.19176649030582843,
      "fcf_margin_change": 0.018651558383922434
    },
    {
      "date": "2022-09-30T00:00:00",
      "quarter_label": "2022-09 (Q3)",
      "revenue": 1200517000,
      "gross_profit": 532335000,
      "operating_income": -306415000,
      "net_income": -315285000,
      "opex": 838750000,
      "cogs": 668182000,
      "rd": 24928000,
      "sga": 323195000,
      "fcf": 21056000,
      "ocf": 103824000,
      "capex": -82768000,
      "gross_margin": 0.4434214592546378,
      "op_margin": -0.25523586921301405,
      "fcf_margin": 0.017539110233341135,
      "incr_op_margin_yoy": -119.73895809739524,
      "rev_growth_yoy": 0.0029507470853853642,
      "rev_growth_yoy_accel": -0.19125074771750014,
      "op_leverage_ratio": 0.02854293681480867,
      "fcf_margin_change": -0.08260261157858823
    },
    {
      "date": "2022-12-31T00:00:00",
      "quarter_label": "2022-12 (Q4)",
      "revenue": 1215994000,
      "gross_profit": 521497000,
      "operating_income": 190803000,
      "net_income": 123828000,
      "opex": 330694000,
      "cogs": 694497000,
      "rd": 25514000,
      "sga": 305141000,
      "fcf": 113759000,
      "ocf": 205578000,
      "capex": -91819000,
      "gross_margin": 0.4288647805827989,
      "op_margin": 0.15691113607468457,
      "fcf_margin": 0.09355227081712575,
      "incr_op_margin_yoy": -1.727182115904884,
      "rev_growth_yoy": 0.005809072343339915,
      "rev_growth_yoy_accel": 0.0028583252579545506,
      "op_leverage_ratio": Infinity,
      "fcf_margin_change": 0.07601316058378461
    },
    {
      "date": "2023-03-31T00:00:00",
      "quarter_label": "2023-03 (Q1)",
      "revenue": 1281252000,
      "gross_profit": 546402000,
      "operating_income": 225402000,
      "net_income": 187225000,
      "opex": 362660000,
      "cogs": 734850000,
      "rd": 26388000,
      "sga": 335914000,
      "fcf": 144350000,
      "ocf": 215799000,
      "capex": -71449000,
      "gross_margin": 0.4264594318682039,
      "op_margin": 0.17592323758323888,
      "fcf_margin": 0.11266323876957851,
      "incr_op_margin_yoy": 1.8924694612136157,
      "rev_growth_yoy": 0.058285963495076344,
      "rev_growth_yoy_accel": 0.05247689115173643,
      "op_leverage_ratio": 0.5551883542923897,
      "fcf_margin_change": 0.019110967952452762
    },
    {
      "date": "2023-06-30T00:00:00",
      "quarter_label": "2023-06 (Q2)",
      "revenue": 1284542000,
      "gross_profit": 573461000,
      "operating_income": 188882000,
      "net_income": 123554000,
      "opex": 384579000,
      "cogs": 711081000,
      "rd": 25502000,
      "sga": 359058000,
      "fcf": 214528000,
      "ocf": 281129000,
      "capex": -66601000,
      "gross_margin": 0.44643226924460233,
      "op_margin": 0.1470422921165676,
      "fcf_margin": 0.16700738473323565,
      "incr_op_margin_yoy": 0.23808482557730903,
      "rev_growth_yoy": 0.11072373239393994,
      "rev_growth_yoy_accel": 0.0524377688988636,
      "fcf_margin_change": 0.05434414596365714
    },
    {
      "date": "2023-09-30T00:00:00",
      "quarter_label": "2023-09 (Q3)",
      "revenue": 1342360000,
      "gross_profit": 593529000,
      "operating_income": 185857000,
      "net_income": 115319000,
      "opex": 407672000,
      "cogs": 748831000,
      "rd": 27044000,
      "sga": 380651000,
      "fcf": 62803000,
      "ocf": 146095000,
      "capex": -83292000,
      "gross_margin": 0.4421533716737686,
      "op_margin": 0.13845540689531868,
      "fcf_margin": 0.046785512083196756,
      "incr_op_margin_yoy": 3.4705413732084063,
      "rev_growth_yoy": 0.1181515963539042,
      "rev_growth_yoy_accel": 0.007427863959964254,
      "op_leverage_ratio": 0.7495834104528953,
      "fcf_margin_change": -0.12022187265003889
    },
    {
      "date": "2023-12-31T00:00:00",
      "quarter_label": "2023-12 (Q4)",
      "revenue": 1395645000,
      "gross_profit": 602593000,
      "operating_income": 216156000,
      "net_income": 140743000,
      "opex": 386437000,
      "cogs": 793052000,
      "rd": 25913000,
      "sga": 360518000,
      "fcf": 172307000,
      "ocf": 291243000,
      "capex": -118936000,
      "gross_margin": 0.4317666741900698,
      "op_margin": 0.15487892694775535,
      "fcf_margin": 0.12346047884669813,
      "incr_op_margin_yoy": 0.14112362302464224,
      "rev_growth_yoy": 0.14774003819097792,
      "rev_growth_yoy_accel": 0.029588441837073723,
      "op_leverage_ratio": Infinity,
      "fcf_margin_change": 0.07667496676350137
    },
    {
      "date": "2024-03-31T00:00:00",
      "quarter_label": "2024-03 (Q1)",
      "revenue": 1419387000,
      "gross_profit": 582902000,
      "operating_income": 245223000,
      "net_income": -1377000,
      "opex": 203354000,
      "cogs": 836485000,
      "rd": 25220000,
      "sga": 152091000,
      "fcf": 163310000,
      "ocf": 254807000,
      "capex": -91497000,
      "gross_margin": 0.4106716490992238,
      "op_margin": 0.17276683526057376,
      "fcf_margin": 0.11505671110134164,
      "incr_op_margin_yoy": 0.1434900640677598,
      "rev_growth_yoy": 0.1078125146341235,
      "rev_growth_yoy_accel": -0.039927523556854416,
      "op_leverage_ratio": Infinity,
      "fcf_margin_change": -0.008403767745356491
    },
    {
      "date": "2024-06-30T00:00:00",
      "quarter_label": "2024-06 (Q2)",
      "revenue": 1279502000,
      "gross_profit": 572430000,
      "operating_income": 185531000,
      "net_income": 145401000,
      "opex": 386899000,
      "cogs": 707072000,
      "rd": 25573000,
      "sga": 335626000,
      "fcf": 195600000,
      "ocf": 303700000,
      "capex": -108100000,
      "gross_margin": 0.44738499822587224,
      "op_margin": 0.14500250878857557,
      "fcf_margin": 0.15287197675345565,
      "incr_op_margin_yoy": 0.6648809523809524,
      "rev_growth_yoy": -0.003923577430710712,
      "rev_growth_yoy_accel": -0.11173609206483422,
      "fcf_margin_change": 0.037815265652114016
    },
    {
      "date": "2024-09-30T00:00:00",
      "quarter_label": "2024-09 (Q3)",
      "revenue": 1328912000,
      "gross_profit": 578791000,
      "operating_income": 219666000,
      "net_income": 150034000,
      "opex": 359125000,
      "cogs": 750121000,
      "rd": 27031000,
      "sga": 329298000,
      "fcf": 148900000,
      "ocf": 250800000,
      "capex": -101900000,
      "gross_margin": 0.4355374923245482,
      "op_margin": 0.16529762693090289,
      "fcf_margin": 0.11204654634768893,
      "incr_op_margin_yoy": -2.5140541344437835,
      "rev_growth_yoy": -0.01001817694210197,
      "rev_growth_yoy_accel": -0.0060945995113912575,
      "op_leverage_ratio": Infinity,
      "fcf_margin_change": -0.04082543040576672
    },
    {
      "date": "2024-12-31T00:00:00",
      "quarter_label": "2024-12 (Q4)",
      "revenue": 1370570000,
      "gross_profit": 610332000,
      "operating_income": 245293000,
      "net_income": 173534000,
      "opex": 365039000,
      "cogs": 760238000,
      "rd": 27358000,
      "sga": 335450000,
      "fcf": 243600000,
      "ocf": 332806000,
      "capex": -89206000,
      "gross_margin": 0.4453125342010988,
      "op_margin": 0.17897152279708442,
      "fcf_margin": 0.17773627031089254,
      "incr_op_margin_yoy": -1.1619940179461614,
      "rev_growth_yoy": -0.017966603255125765,
      "rev_growth_yoy_accel": -0.007948426313023796,
      "op_leverage_ratio": 1.9035597417261545,
      "fcf_margin_change": 0.0656897239632036
    },
    {
      "date": "2025-03-31T00:00:00",
      "quarter_label": "2025-03 (Q1)",
      "revenue": 1480531000,
      "gross_profit": 641211000,
      "operating_income": 216151000,
      "net_income": 145672000,
      "opex": 425060000,
      "cogs": 839320000,
      "rd": 27686000,
      "sga": 333902000,
      "fcf": 189896000,
      "ocf": 260781000,
      "capex": -70885000,
      "gross_margin": 0.43309528810946885,
      "op_margin": 0.14599559212201568,
      "fcf_margin": 0.1282620897502315,
      "incr_op_margin_yoy": -0.47546774826638755,
      "rev_growth_yoy": 0.04307775117004735,
      "rev_growth_yoy_accel": 0.061044354425173114,
      "op_leverage_ratio": 0.48794795080050024,
      "fcf_margin_change": -0.049474180560661024
    },
    {
      "date": "2025-06-30T00:00:00",
      "quarter_label": "2025-06 (Q2)",
      "revenue": 1391100000,
      "gross_profit": 628000000,
      "operating_income": 246000000,
      "net_income": 177400000,
      "opex": 382000000,
      "cogs": 763100000,
      "rd": 26400000,
      "sga": 353800000,
      "fcf": 326400000,
      "ocf": 420000000,
      "capex": -93600000,
      "gross_margin": 0.4514413054417368,
      "op_margin": 0.17683847315074402,
      "fcf_margin": 0.23463446193659693,
      "incr_op_margin_yoy": 0.541846628075772,
      "rev_growth_yoy": 0.08721987148124817,
      "rev_growth_yoy_accel": 0.04414212031120082,
      "fcf_margin_change": 0.10637237218636542
    },
    {
      "date": "2025-09-30T00:00:00",
      "quarter_label": "2025-09 (Q3)",
      "revenue": 1460300000,
      "gross_profit": 645900000,
      "operating_income": 265800000,
      "net_income": 191900000,
      "opex": 380100000,
      "cogs": 814400000,
      "rd": 28200000,
      "sga": 349700000,
      "fcf": 201300000,
      "ocf": 287800000,
      "capex": -86500000,
      "gross_margin": 0.4423063754023146,
      "op_margin": 0.18201739368622885,
      "fcf_margin": 0.13784838731767446,
      "incr_op_margin_yoy": 0.35112795689104026,
      "rev_growth_yoy": 0.09886884910362763,
      "rev_growth_yoy_accel": 0.011648977622379458,
      "op_leverage_ratio": Infinity,
      "fcf_margin_change": -0.09678607461892247
    }
  ],
  "signals": [
    {
      "quarter": "2025-09 (Q3)",
      "signal": "INCREMENTAL MARGIN (YoY)",
      "detail": "YoY Incr OPM: +35.1% vs year-ago OPM: +16.5%",
      "severity": "MEDIUM"
    },
    {
      "quarter": "2025-06 (Q2)",
      "signal": "FCF MARGIN EXPANSION",
      "detail": "FCF margin: +12.8% -> +23.5% (+10.6%)",
      "severity": "MEDIUM"
    },
    {
      "quarter": "2025-06 (Q2)",
      "signal": "INCREMENTAL MARGIN (YoY)",
      "detail": "YoY Incr OPM: +54.2% vs year-ago OPM: +14.5%",
      "severity": "HIGH"
    },
    {
      "quarter": "2025-03 (Q1)",
      "signal": "YoY REVENUE GROWTH ACCELERATION",
      "detail": "YoY growth: +4.3% vs prior quarter YoY: -1.8% (accel: +6.1%)",
      "severity": "MEDIUM"
    },
    {
      "quarter": "2024-12 (Q4)",
      "signal": "FCF MARGIN EXPANSION",
      "detail": "FCF margin: +11.2% -> +17.8% (+6.6%)",
      "severity": "MEDIUM"
    },
    {
      "quarter": "2024-12 (Q4)",
      "signal": "OPERATING LEVERAGE",
      "detail": "Rev growth +3.1% vs OpEx growth +1.6% (leverage: 1.9x)",
      "severity": "MEDIUM"
    },
    {
      "quarter": "2024-06 (Q2)",
      "signal": "GROSS MARGIN INFLECTION",
      "detail": "GM: +43.2% -> +41.1% -> +44.7% (reversal +3.7%)",
      "severity": "MEDIUM"
    },
    {
      "quarter": "2024-06 (Q2)",
      "signal": "YoY REVENUE GROWTH DECELERATION",
      "detail": "YoY growth: -0.4% vs prior quarter YoY: +10.8% (decel: -11.2%)",
      "severity": "WARNING"
    },
    {
      "quarter": "2024-06 (Q2)",
      "signal": "INCREMENTAL MARGIN (YoY)",
      "detail": "YoY Incr OPM: +66.5% vs year-ago OPM: +14.7%",
      "severity": "HIGH"
    },
    {
      "quarter": "2023-12 (Q4)",
      "signal": "FCF MARGIN EXPANSION",
      "detail": "FCF margin: +4.7% -> +12.3% (+7.7%)",
      "severity": "MEDIUM"
    },
    {
      "quarter": "2023-09 (Q3)",
      "signal": "OP MARGIN TURNED POSITIVE (YoY)",
      "detail": "Op margin: -25.5% (year-ago) -> +13.8%",
      "severity": "HIGH"
    },
    {
      "quarter": "2023-06 (Q2)",
      "signal": "FCF MARGIN EXPANSION",
      "detail": "FCF margin: +11.3% -> +16.7% (+5.4%)",
      "severity": "MEDIUM"
    },
    {
      "quarter": "2023-06 (Q2)",
      "signal": "YoY REVENUE GROWTH ACCELERATION",
      "detail": "YoY growth: +11.1% vs prior quarter YoY: +5.8% (accel: +5.2%)",
      "severity": "MEDIUM"
    },
    {
      "quarter": "2023-06 (Q2)",
      "signal": "INCREMENTAL MARGIN (YoY)",
      "detail": "YoY Incr OPM: +23.8% vs year-ago OPM: +13.7%",
      "severity": "MEDIUM"
    },
    {
      "quarter": "2023-03 (Q1)",
      "signal": "YoY REVENUE GROWTH ACCELERATION",
      "detail": "YoY growth: +5.8% vs prior quarter YoY: +0.6% (accel: +5.2%)",
      "severity": "MEDIUM"
    },
    {
      "quarter": "2023-03 (Q1)",
      "signal": "INCREMENTAL MARGIN (YoY)",
      "detail": "YoY Incr OPM: +189.2% vs year-ago OPM: +7.6%",
      "severity": "HIGH"
    },
    {
      "quarter": "2022-12 (Q4)",
      "signal": "FCF MARGIN EXPANSION",
      "detail": "FCF margin: +1.8% -> +9.4% (+7.6%)",
      "severity": "MEDIUM"
    },
    {
      "quarter": "2022-12 (Q4)",
      "signal": "OP MARGIN TURNED POSITIVE (QoQ)",
      "detail": "Op margin: -25.5% -> +15.7%",
      "severity": "HIGH"
    },
    {
      "quarter": "2022-09 (Q3)",
      "signal": "YoY REVENUE GROWTH DECELERATION",
      "detail": "YoY growth: +0.3% vs prior quarter YoY: +19.4% (decel: -19.1%)",
      "severity": "WARNING"
    },
    {
      "quarter": "2022-06 (Q2)",
      "signal": "YoY REVENUE GROWTH DECELERATION",
      "detail": "YoY growth: +19.4% vs prior quarter YoY: +38.6% (decel: -19.2%)",
      "severity": "WARNING"
    },
    {
      "quarter": "2022-06 (Q2)",
      "signal": "INCREMENTAL MARGIN (YoY)",
      "detail": "YoY Incr OPM: +76.6% vs year-ago OPM: +1.5%",
      "severity": "HIGH"
    },
    {
      "quarter": "2022-03 (Q1)",
      "signal": "YoY REVENUE GROWTH DECELERATION",
      "detail": "YoY growth: +38.6% vs prior quarter YoY: +49.5% (decel: -10.9%)",
      "severity": "WARNING"
    },
    {
      "quarter": "2021-12 (Q4)",
      "signal": "FCF MARGIN EXPANSION",
      "detail": "FCF margin: +7.9% -> +13.5% (+5.6%)",
      "severity": "MEDIUM"
    },
    {
      "quarter": "2021-12 (Q4)",
      "signal": "GROSS MARGIN INFLECTION",
      "detail": "GM: +44.0% -> +40.1% -> +44.5% (reversal +4.4%)",
      "severity": "MEDIUM"
    }
  ],
  "data_quality": {
    "n_quarters": 20,
    "coverage": {
      "revenue": [
        20,
        20
      ],
      "gross_profit": [
        20,
        20
      ],
      "op_income": [
        20,
        20
      ],
      "fcf": [
        20,
        20
      ]
    },
    "gaps": [],
    "warnings": []
  },
  "market_cap": null,
  "source": "SEC EDGAR",
  "last_updated": "2026-02-02T20:12:13.494038"
}