{
  "ticker": "STEM",
  "name": "STEM, INC.",
  "quarters": [
    {
      "date": "2020-12-31T00:00:00",
      "quarter_label": "2020-12 (Q4)",
      "revenue": 18646000,
      "gross_profit": 949000,
      "operating_income": -3895291,
      "net_income": -2986866,
      "opex": -28300825,
      "cogs": 17697000,
      "rd": 3857000,
      "sga": null,
      "fcf": -15750000,
      "ocf": -15750000,
      "capex": null,
      "gross_margin": 0.05089563445242948,
      "op_margin": -0.20890759412206372,
      "fcf_margin": -0.8446851871715113
    },
    {
      "date": "2021-03-31T00:00:00",
      "quarter_label": "2021-03 (Q1)",
      "revenue": 15420000,
      "gross_profit": -117000,
      "operating_income": -9883000,
      "net_income": -156346958,
      "opex": 600686,
      "cogs": 15537000,
      "rd": 4407000,
      "sga": null,
      "fcf": -3352000,
      "ocf": -1827000,
      "capex": -1525000,
      "gross_margin": -0.007587548638132296,
      "op_margin": -0.6409208819714657,
      "fcf_margin": -0.21738002594033723,
      "fcf_margin_change": 0.6273051612311741
    },
    {
      "date": "2021-06-30T00:00:00",
      "quarter_label": "2021-06 (Q2)",
      "revenue": 19337000,
      "gross_profit": -127000,
      "operating_income": -23881000,
      "net_income": -100216000,
      "opex": 23754000,
      "cogs": 19464000,
      "rd": 4827000,
      "sga": null,
      "fcf": -40006000,
      "ocf": -40006000,
      "capex": null,
      "gross_margin": -0.006567719915188498,
      "op_margin": -1.234989915705642,
      "fcf_margin": -2.0688834876144178,
      "op_leverage_ratio": 0.006590275137197412,
      "fcf_margin_change": -1.8515034616740804
    },
    {
      "date": "2021-09-30T00:00:00",
      "quarter_label": "2021-09 (Q3)",
      "revenue": 39833000,
      "gross_profit": 3137000,
      "operating_income": -19130000,
      "net_income": 115612000,
      "opex": 22267000,
      "cogs": 36696000,
      "rd": 6268000,
      "sga": null,
      "fcf": -27187000,
      "ocf": -27187000,
      "capex": null,
      "gross_margin": 0.07875379710290463,
      "op_margin": -0.48025506489594055,
      "fcf_margin": -0.6825245399543093,
      "op_leverage_ratio": Infinity,
      "fcf_margin_change": 1.3863589476601086
    },
    {
      "date": "2021-12-31T00:00:00",
      "quarter_label": "2021-12 (Q4)",
      "revenue": 52780000,
      "gross_profit": -1647000,
      "operating_income": -30181000,
      "net_income": -34054000,
      "opex": 28534000,
      "cogs": 54427000,
      "rd": 7221000,
      "sga": null,
      "fcf": -32246000,
      "ocf": -32246000,
      "capex": null,
      "gross_margin": -0.031205001894657067,
      "op_margin": -0.5718264494126563,
      "fcf_margin": -0.6109511178476695,
      "incr_op_margin_yoy": -0.7700740903497979,
      "rev_growth_yoy": 1.8306339161214202,
      "op_leverage_ratio": 1.154856827237761,
      "fcf_margin_change": 0.07157342210663975
    },
    {
      "date": "2022-03-31T00:00:00",
      "quarter_label": "2022-03 (Q1)",
      "revenue": 41088000,
      "gross_profit": 3644000,
      "operating_income": -34953000,
      "net_income": -22483000,
      "opex": 38597000,
      "cogs": 37444000,
      "rd": 8943000,
      "sga": null,
      "fcf": -26005000,
      "ocf": -26005000,
      "capex": null,
      "gross_margin": 0.08868769470404984,
      "op_margin": -0.850686331775701,
      "fcf_margin": -0.6329098520249221,
      "incr_op_margin_yoy": -0.9767025089605734,
      "rev_growth_yoy": 1.664591439688716,
      "rev_growth_yoy_accel": -0.1660424764327042,
      "fcf_margin_change": -0.02195873417725258
    },
    {
      "date": "2022-06-30T00:00:00",
      "quarter_label": "2022-06 (Q2)",
      "revenue": 66947000,
      "gross_profit": 7788000,
      "operating_income": -29823000,
      "net_income": -32019000,
      "opex": 37611000,
      "cogs": 59159000,
      "rd": 8963000,
      "sga": null,
      "fcf": -6625000,
      "ocf": -6625000,
      "capex": null,
      "gross_margin": 0.11633082886462426,
      "op_margin": -0.44547179111834734,
      "fcf_margin": -0.09895887791835332,
      "incr_op_margin_yoy": -0.12480571308548624,
      "rev_growth_yoy": 2.462119253245074,
      "rev_growth_yoy_accel": 0.7975278135563582,
      "op_leverage_ratio": Infinity,
      "fcf_margin_change": 0.5339509741065688
    },
    {
      "date": "2022-09-30T00:00:00",
      "quarter_label": "2022-09 (Q3)",
      "revenue": 99501000,
      "gross_profit": 9127000,
      "operating_income": -32599000,
      "net_income": -34279000,
      "opex": 41726000,
      "cogs": 90374000,
      "rd": 10526000,
      "sga": null,
      "fcf": -36004000,
      "ocf": -36004000,
      "capex": null,
      "gross_margin": 0.09172772132943388,
      "op_margin": -0.32762484799147745,
      "fcf_margin": -0.3618456095918634,
      "incr_op_margin_yoy": -0.22573238586847222,
      "rev_growth_yoy": 1.4979539577737053,
      "rev_growth_yoy_accel": -0.9641652954713689,
      "op_leverage_ratio": 4.4444526101884945,
      "fcf_margin_change": -0.26288673167351007
    },
    {
      "date": "2022-12-31T00:00:00",
      "quarter_label": "2022-12 (Q4)",
      "revenue": 155444000,
      "gross_profit": 12533000,
      "operating_income": -33746000,
      "net_income": -35273000,
      "opex": 46279000,
      "cogs": 142911000,
      "rd": 9871000,
      "sga": null,
      "fcf": -37396000,
      "ocf": -37396000,
      "capex": null,
      "gross_margin": 0.08062710686806825,
      "op_margin": -0.21709425902575846,
      "fcf_margin": -0.24057538406114098,
      "incr_op_margin_yoy": -0.03472492792020572,
      "rev_growth_yoy": 1.9451307313376278,
      "rev_growth_yoy_accel": 0.4471767735639225,
      "op_leverage_ratio": 5.152611637496101,
      "fcf_margin_change": 0.12127022553072242
    },
    {
      "date": "2023-03-31T00:00:00",
      "quarter_label": "2023-03 (Q1)",
      "revenue": 67405000,
      "gross_profit": 994000,
      "operating_income": -42653000,
      "net_income": null,
      "opex": 43647000,
      "cogs": 66411000,
      "rd": 13444000,
      "sga": null,
      "fcf": -35821000,
      "ocf": -35821000,
      "capex": null,
      "gross_margin": 0.014746680513315036,
      "op_margin": -0.6327868852459017,
      "fcf_margin": -0.5314294191825533,
      "incr_op_margin_yoy": -0.29258654101911313,
      "rev_growth_yoy": 0.6405033099688473,
      "rev_growth_yoy_accel": -1.3046274213687805,
      "fcf_margin_change": -0.2908540351214123
    },
    {
      "date": "2023-06-30T00:00:00",
      "quarter_label": "2023-06 (Q2)",
      "revenue": 92946000,
      "gross_profit": 11871000,
      "operating_income": -34869000,
      "net_income": 19122000,
      "opex": 46740000,
      "cogs": 81075000,
      "rd": 14156000,
      "sga": null,
      "fcf": -165418000,
      "ocf": -165418000,
      "capex": null,
      "gross_margin": 0.12771932089600413,
      "op_margin": -0.3751533148279646,
      "fcf_margin": -1.7797215587545456,
      "incr_op_margin_yoy": -0.19408438786107157,
      "rev_growth_yoy": 0.38835197992441783,
      "rev_growth_yoy_accel": -0.25215133004442947,
      "op_leverage_ratio": 5.347124087635356,
      "fcf_margin_change": -1.2482921395719924
    },
    {
      "date": "2023-09-30T00:00:00",
      "quarter_label": "2023-09 (Q3)",
      "revenue": 133740000,
      "gross_profit": -20291000,
      "operating_income": -68271000,
      "net_income": -77072000,
      "opex": 47980000,
      "cogs": 154031000,
      "rd": 14420000,
      "sga": null,
      "fcf": -4009000,
      "ocf": -4009000,
      "capex": null,
      "gross_margin": -0.15171975474801855,
      "op_margin": -0.5104755495737999,
      "fcf_margin": -0.02997607297741887,
      "incr_op_margin_yoy": -1.0418528578521569,
      "rev_growth_yoy": 0.3441070944010613,
      "rev_growth_yoy_accel": -0.044244885523356536,
      "op_leverage_ratio": 16.543698630422245,
      "fcf_margin_change": 1.7497454857771269
    },
    {
      "date": "2023-12-31T00:00:00",
      "quarter_label": "2023-12 (Q4)",
      "revenue": 167424000,
      "gross_profit": 11091000,
      "operating_income": -33521000,
      "net_income": null,
      "opex": 44612000,
      "cogs": 156333000,
      "rd": 14488000,
      "sga": null,
      "fcf": -2129000,
      "ocf": -2129000,
      "capex": null,
      "gross_margin": 0.06624498279816514,
      "op_margin": -0.20021621750764526,
      "fcf_margin": -0.01271621750764526,
      "incr_op_margin_yoy": 0.018781302170283808,
      "rev_growth_yoy": 0.07706955559558426,
      "rev_growth_yoy_accel": -0.26703753880547704,
      "op_leverage_ratio": Infinity,
      "fcf_margin_change": 0.017259855469773613
    },
    {
      "date": "2024-03-31T00:00:00",
      "quarter_label": "2024-03 (Q1)",
      "revenue": 25469000,
      "gross_profit": -24191000,
      "operating_income": -68013000,
      "net_income": null,
      "opex": 43822000,
      "cogs": 49660000,
      "rd": 14136000,
      "sga": null,
      "fcf": -621000,
      "ocf": -621000,
      "capex": null,
      "gross_margin": -0.949821351446857,
      "op_margin": -2.6704228670148025,
      "fcf_margin": -0.02438258274765401,
      "incr_op_margin_yoy": 0.6047310186951546,
      "rev_growth_yoy": -0.6221496921593354,
      "rev_growth_yoy_accel": -0.6992192477549196,
      "fcf_margin_change": -0.011666365240008752
    },
    {
      "date": "2024-06-30T00:00:00",
      "quarter_label": "2024-06 (Q2)",
      "revenue": 33999000,
      "gross_profit": 9375000,
      "operating_income": -579848000,
      "net_income": null,
      "opex": 589223000,
      "cogs": 24624000,
      "rd": 15281000,
      "sga": null,
      "fcf": -11886000,
      "ocf": -11886000,
      "capex": null,
      "gross_margin": 0.2757434042177711,
      "op_margin": -17.05485455454572,
      "fcf_margin": -0.34959851760345895,
      "incr_op_margin_yoy": 9.245237247018508,
      "rev_growth_yoy": -0.6342069588793493,
      "rev_growth_yoy_accel": -0.012057266720013948,
      "op_leverage_ratio": 0.026909981697493358,
      "fcf_margin_change": -0.3252159348558049
    },
    {
      "date": "2024-09-30T00:00:00",
      "quarter_label": "2024-09 (Q3)",
      "revenue": 29291000,
      "gross_profit": 6196000,
      "operating_income": -144452000,
      "net_income": null,
      "opex": 150648000,
      "cogs": 23095000,
      "rd": 11086000,
      "sga": null,
      "fcf": -9433000,
      "ocf": -9433000,
      "capex": null,
      "gross_margin": 0.211532552661227,
      "op_margin": -4.9316172203065785,
      "fcf_margin": -0.3220443139530914,
      "incr_op_margin_yoy": 0.7293607406485462,
      "rev_growth_yoy": -0.7809854942425601,
      "rev_growth_yoy_accel": -0.14677853536321084,
      "fcf_margin_change": 0.027554203650367537
    },
    {
      "date": "2024-12-31T00:00:00",
      "quarter_label": "2024-12 (Q4)",
      "revenue": 55825000,
      "gross_profit": -2438000,
      "operating_income": -47143000,
      "net_income": null,
      "opex": 44705000,
      "cogs": 58263000,
      "rd": 10779000,
      "sga": null,
      "fcf": -14710000,
      "ocf": -14710000,
      "capex": null,
      "gross_margin": -0.04367218987908643,
      "op_margin": -0.8444782803403493,
      "fcf_margin": -0.26350201522615313,
      "incr_op_margin_yoy": 0.12206202564539109,
      "rev_growth_yoy": -0.666565128058104,
      "rev_growth_yoy_accel": 0.11442036618445617,
      "op_leverage_ratio": Infinity,
      "fcf_margin_change": 0.05854229872693828
    },
    {
      "date": "2025-03-31T00:00:00",
      "quarter_label": "2025-03 (Q1)",
      "revenue": 32512000,
      "gross_profit": 10538000,
      "operating_income": -21148000,
      "net_income": null,
      "opex": 31686000,
      "cogs": 21974000,
      "rd": 11328000,
      "sga": null,
      "fcf": 8536000,
      "ocf": 8536000,
      "capex": null,
      "gross_margin": 0.3241264763779528,
      "op_margin": -0.6504675196850394,
      "fcf_margin": 0.2625492125984252,
      "incr_op_margin_yoy": 6.654124662785745,
      "rev_growth_yoy": 0.27653225489811145,
      "rev_growth_yoy_accel": 0.9430973829562155,
      "fcf_margin_change": 0.5260512278245784
    },
    {
      "date": "2025-06-30T00:00:00",
      "quarter_label": "2025-06 (Q2)",
      "revenue": 38374000,
      "gross_profit": 12800000,
      "operating_income": -13343000,
      "net_income": null,
      "opex": 26143000,
      "cogs": 25574000,
      "rd": 9993000,
      "sga": null,
      "fcf": -21278000,
      "ocf": -21278000,
      "capex": null,
      "gross_margin": 0.3335591806952624,
      "op_margin": -0.3477093865638193,
      "fcf_margin": -0.5544900192838901,
      "incr_op_margin_yoy": 129.48685714285713,
      "rev_growth_yoy": 0.12868025530162652,
      "rev_growth_yoy_accel": -0.14785199959648493,
      "op_leverage_ratio": Infinity,
      "fcf_margin_change": -0.8170392318823152
    },
    {
      "date": "2025-09-30T00:00:00",
      "quarter_label": "2025-09 (Q3)",
      "revenue": 38237000,
      "gross_profit": 13580000,
      "operating_income": -12851000,
      "net_income": null,
      "opex": 26431000,
      "cogs": 24657000,
      "rd": 6916000,
      "sga": null,
      "fcf": 11387000,
      "ocf": 11387000,
      "capex": null,
      "gross_margin": 0.35515338546434083,
      "op_margin": -0.33608808222402387,
      "fcf_margin": 0.2978005596673379,
      "incr_op_margin_yoy": 14.710596914822267,
      "rev_growth_yoy": 0.30541804649892457,
      "rev_growth_yoy_accel": 0.17673779119729804,
      "fcf_margin_change": 0.8522905789512281
    }
  ],
  "signals": [
    {
      "quarter": "2025-09 (Q3)",
      "signal": "FCF TURNED POSITIVE",
      "detail": "FCF margin: -55.4% -> +29.8%",
      "severity": "HIGH"
    },
    {
      "quarter": "2025-09 (Q3)",
      "signal": "YoY REVENUE GROWTH ACCELERATION",
      "detail": "YoY growth: +30.5% vs prior quarter YoY: +12.9% (accel: +17.7%)",
      "severity": "HIGH"
    },
    {
      "quarter": "2025-06 (Q2)",
      "signal": "YoY REVENUE GROWTH DECELERATION",
      "detail": "YoY growth: +12.9% vs prior quarter YoY: +27.7% (decel: -14.8%)",
      "severity": "WARNING"
    },
    {
      "quarter": "2025-03 (Q1)",
      "signal": "FCF TURNED POSITIVE",
      "detail": "FCF margin: -26.4% -> +26.3%",
      "severity": "HIGH"
    },
    {
      "quarter": "2025-03 (Q1)",
      "signal": "GROSS MARGIN INFLECTION",
      "detail": "GM: +21.2% -> -4.4% -> +32.4% (reversal +36.8%)",
      "severity": "HIGH"
    },
    {
      "quarter": "2025-03 (Q1)",
      "signal": "YoY REVENUE GROWTH ACCELERATION",
      "detail": "YoY growth: +27.7% vs prior quarter YoY: -66.7% (accel: +94.3%)",
      "severity": "HIGH"
    },
    {
      "quarter": "2024-12 (Q4)",
      "signal": "FCF MARGIN EXPANSION",
      "detail": "FCF margin: -32.2% -> -26.4% (+5.9%)",
      "severity": "MEDIUM"
    },
    {
      "quarter": "2024-12 (Q4)",
      "signal": "YoY REVENUE GROWTH ACCELERATION",
      "detail": "YoY growth: -66.7% vs prior quarter YoY: -78.1% (accel: +11.4%)",
      "severity": "MEDIUM"
    },
    {
      "quarter": "2024-09 (Q3)",
      "signal": "YoY REVENUE GROWTH DECELERATION",
      "detail": "YoY growth: -78.1% vs prior quarter YoY: -63.4% (decel: -14.7%)",
      "severity": "WARNING"
    },
    {
      "quarter": "2024-06 (Q2)",
      "signal": "GROSS MARGIN INFLECTION",
      "detail": "GM: +6.6% -> -95.0% -> +27.6% (reversal +122.6%)",
      "severity": "HIGH"
    },
    {
      "quarter": "2024-03 (Q1)",
      "signal": "YoY REVENUE GROWTH DECELERATION",
      "detail": "YoY growth: -62.2% vs prior quarter YoY: +7.7% (decel: -69.9%)",
      "severity": "WARNING"
    },
    {
      "quarter": "2023-12 (Q4)",
      "signal": "GROSS MARGIN INFLECTION",
      "detail": "GM: +12.8% -> -15.2% -> +6.6% (reversal +21.8%)",
      "severity": "HIGH"
    },
    {
      "quarter": "2023-12 (Q4)",
      "signal": "YoY REVENUE GROWTH DECELERATION",
      "detail": "YoY growth: +7.7% vs prior quarter YoY: +34.4% (decel: -26.7%)",
      "severity": "WARNING"
    },
    {
      "quarter": "2023-09 (Q3)",
      "signal": "FCF MARGIN EXPANSION",
      "detail": "FCF margin: -178.0% -> -3.0% (+175.0%)",
      "severity": "MEDIUM"
    },
    {
      "quarter": "2023-09 (Q3)",
      "signal": "OPERATING LEVERAGE",
      "detail": "Rev growth +43.9% vs OpEx growth +2.7% (leverage: 16.5x)",
      "severity": "MEDIUM"
    },
    {
      "quarter": "2023-06 (Q2)",
      "signal": "OPERATING LEVERAGE",
      "detail": "Rev growth +37.9% vs OpEx growth +7.1% (leverage: 5.3x)",
      "severity": "MEDIUM"
    },
    {
      "quarter": "2023-06 (Q2)",
      "signal": "GROSS MARGIN INFLECTION",
      "detail": "GM: +8.1% -> +1.5% -> +12.8% (reversal +11.3%)",
      "severity": "HIGH"
    },
    {
      "quarter": "2023-06 (Q2)",
      "signal": "YoY REVENUE GROWTH DECELERATION",
      "detail": "YoY growth: +38.8% vs prior quarter YoY: +64.1% (decel: -25.2%)",
      "severity": "WARNING"
    },
    {
      "quarter": "2023-03 (Q1)",
      "signal": "YoY REVENUE GROWTH DECELERATION",
      "detail": "YoY growth: +64.1% vs prior quarter YoY: +194.5% (decel: -130.5%)",
      "severity": "WARNING"
    },
    {
      "quarter": "2022-12 (Q4)",
      "signal": "FCF MARGIN EXPANSION",
      "detail": "FCF margin: -36.2% -> -24.1% (+12.1%)",
      "severity": "MEDIUM"
    },
    {
      "quarter": "2022-12 (Q4)",
      "signal": "OPERATING LEVERAGE",
      "detail": "Rev growth +56.2% vs OpEx growth +10.9% (leverage: 5.2x)",
      "severity": "MEDIUM"
    },
    {
      "quarter": "2022-12 (Q4)",
      "signal": "YoY REVENUE GROWTH ACCELERATION",
      "detail": "YoY growth: +194.5% vs prior quarter YoY: +149.8% (accel: +44.7%)",
      "severity": "HIGH"
    },
    {
      "quarter": "2022-09 (Q3)",
      "signal": "OPERATING LEVERAGE",
      "detail": "Rev growth +48.6% vs OpEx growth +10.9% (leverage: 4.4x)",
      "severity": "MEDIUM"
    },
    {
      "quarter": "2022-09 (Q3)",
      "signal": "YoY REVENUE GROWTH DECELERATION",
      "detail": "YoY growth: +149.8% vs prior quarter YoY: +246.2% (decel: -96.4%)",
      "severity": "WARNING"
    },
    {
      "quarter": "2022-06 (Q2)",
      "signal": "FCF MARGIN EXPANSION",
      "detail": "FCF margin: -63.3% -> -9.9% (+53.4%)",
      "severity": "MEDIUM"
    },
    {
      "quarter": "2022-06 (Q2)",
      "signal": "YoY REVENUE GROWTH ACCELERATION",
      "detail": "YoY growth: +246.2% vs prior quarter YoY: +166.5% (accel: +79.8%)",
      "severity": "HIGH"
    },
    {
      "quarter": "2022-03 (Q1)",
      "signal": "GROSS MARGIN INFLECTION",
      "detail": "GM: +7.9% -> -3.1% -> +8.9% (reversal +12.0%)",
      "severity": "HIGH"
    },
    {
      "quarter": "2022-03 (Q1)",
      "signal": "YoY REVENUE GROWTH DECELERATION",
      "detail": "YoY growth: +166.5% vs prior quarter YoY: +183.1% (decel: -16.6%)",
      "severity": "WARNING"
    },
    {
      "quarter": "2021-12 (Q4)",
      "signal": "FCF MARGIN EXPANSION",
      "detail": "FCF margin: -68.3% -> -61.1% (+7.2%)",
      "severity": "MEDIUM"
    },
    {
      "quarter": "2021-09 (Q3)",
      "signal": "FCF MARGIN EXPANSION",
      "detail": "FCF margin: -206.9% -> -68.3% (+138.6%)",
      "severity": "MEDIUM"
    },
    {
      "quarter": "2021-03 (Q1)",
      "signal": "FCF MARGIN EXPANSION",
      "detail": "FCF margin: -84.5% -> -21.7% (+62.7%)",
      "severity": "MEDIUM"
    }
  ],
  "data_quality": {
    "n_quarters": 20,
    "coverage": {
      "revenue": [
        20,
        20
      ],
      "gross_profit": [
        20,
        20
      ],
      "op_income": [
        20,
        20
      ],
      "fcf": [
        20,
        20
      ]
    },
    "gaps": [],
    "warnings": []
  },
  "market_cap": null,
  "source": "SEC EDGAR",
  "last_updated": "2026-02-02T23:10:41.016476"
}