{
  "ticker": "STGW",
  "name": "Stagwell Inc",
  "quarters": [
    {
      "date": "2020-12-31T00:00:00",
      "quarter_label": "2020-12 (Q4)",
      "revenue": 328168000,
      "gross_profit": 119125000,
      "operating_income": -104073000,
      "net_income": -233457000,
      "opex": 432241000,
      "cogs": 209043000,
      "rd": null,
      "sga": null,
      "fcf": 49183000,
      "ocf": 44896000,
      "capex": 4287000,
      "gross_margin": 0.36300004875551545,
      "op_margin": -0.31713329757928865,
      "fcf_margin": 0.14987140732795398
    },
    {
      "date": "2021-03-31T00:00:00",
      "quarter_label": "2021-03 (Q1)",
      "revenue": 307585000,
      "gross_profit": 120664000,
      "operating_income": 27667000,
      "net_income": 5010000,
      "opex": 279918000,
      "cogs": 186921000,
      "rd": null,
      "sga": null,
      "fcf": 2460000,
      "ocf": 5771000,
      "capex": -3311000,
      "gross_margin": 0.39229481281596956,
      "op_margin": 0.08994911975551474,
      "fcf_margin": 0.007997789228993612,
      "fcf_margin_change": -0.14187361809896037
    },
    {
      "date": "2021-06-30T00:00:00",
      "quarter_label": "2021-06 (Q2)",
      "revenue": 345605000,
      "gross_profit": 121194000,
      "operating_income": 32643000,
      "net_income": 6106000,
      "opex": 312962000,
      "cogs": 224411000,
      "rd": null,
      "sga": null,
      "fcf": 29470000,
      "ocf": 33447000,
      "capex": -3977000,
      "gross_margin": 0.3506720099535597,
      "op_margin": 0.09445175851043822,
      "fcf_margin": 0.08527075707816727,
      "op_leverage_ratio": 1.0470927995065769,
      "fcf_margin_change": 0.07727296784917366
    },
    {
      "date": "2021-09-30T00:00:00",
      "quarter_label": "2021-09 (Q3)",
      "revenue": 466634000,
      "gross_profit": 141852000,
      "operating_income": -19634000,
      "net_income": -2071000,
      "opex": 486268000,
      "cogs": 324782000,
      "rd": null,
      "sga": null,
      "fcf": -25450000,
      "ocf": -19072000,
      "capex": -6378000,
      "gross_margin": 0.3039898507181217,
      "op_margin": -0.042075802449028574,
      "fcf_margin": -0.054539532052957994,
      "op_leverage_ratio": 0.6323935589029819,
      "fcf_margin_change": -0.13981028913112525
    },
    {
      "date": "2021-12-31T00:00:00",
      "quarter_label": "2021-12 (Q4)",
      "revenue": 611927000,
      "gross_profit": 263927000,
      "operating_income": 33914000,
      "net_income": 837000,
      "opex": 578013000,
      "cogs": 348000000,
      "rd": null,
      "sga": null,
      "fcf": 185579000,
      "ocf": 180710000,
      "capex": 4869000,
      "gross_margin": 0.4313047144512336,
      "op_margin": 0.05542164343132432,
      "fcf_margin": 0.3032698344737199,
      "incr_op_margin_yoy": 0.486282373422517,
      "rev_growth_yoy": 0.8646760195997172,
      "op_leverage_ratio": 1.650295052212401,
      "fcf_margin_change": 0.3578093665266779
    },
    {
      "date": "2022-03-31T00:00:00",
      "quarter_label": "2022-03 (Q1)",
      "revenue": 642903000,
      "gross_profit": 230933000,
      "operating_income": 54660000,
      "net_income": 12675000,
      "opex": 588243000,
      "cogs": 411970000,
      "rd": null,
      "sga": null,
      "fcf": -53337000,
      "ocf": -48577000,
      "capex": -4760000,
      "gross_margin": 0.35920348792897216,
      "op_margin": 0.08502060186373372,
      "fcf_margin": -0.08296274865726244,
      "incr_op_margin_yoy": 0.08049970475787163,
      "rev_growth_yoy": 1.0901636945884878,
      "rev_growth_yoy_accel": 0.22548767498877065,
      "op_leverage_ratio": 2.8601426366638614,
      "fcf_margin_change": -0.38623258313098235
    },
    {
      "date": "2022-06-30T00:00:00",
      "quarter_label": "2022-06 (Q2)",
      "revenue": 672913000,
      "gross_profit": 248252000,
      "operating_income": 48332000,
      "net_income": 10463000,
      "opex": 624581000,
      "cogs": 424661000,
      "rd": null,
      "sga": null,
      "fcf": -66473000,
      "ocf": -58694000,
      "capex": -7779000,
      "gross_margin": 0.3689213910267746,
      "op_margin": 0.07182503533146187,
      "fcf_margin": -0.0987839438382079,
      "incr_op_margin_yoy": 0.04793344495093307,
      "rev_growth_yoy": 0.9470580576091202,
      "rev_growth_yoy_accel": -0.14310563697936762,
      "op_leverage_ratio": 0.7556423506541182,
      "fcf_margin_change": -0.015821195180945463
    },
    {
      "date": "2022-09-30T00:00:00",
      "quarter_label": "2022-09 (Q3)",
      "revenue": 663791000,
      "gross_profit": 246657000,
      "operating_income": 70053000,
      "net_income": 10609000,
      "opex": 593738000,
      "cogs": 417134000,
      "rd": null,
      "sga": null,
      "fcf": 176788000,
      "ocf": 180352000,
      "capex": -3564000,
      "gross_margin": 0.3715883463319027,
      "op_margin": 0.10553472403211252,
      "fcf_margin": 0.26633081798337127,
      "incr_op_margin_yoy": 0.45490142373844195,
      "rev_growth_yoy": 0.42250886133457916,
      "rev_growth_yoy_accel": -0.524549196274541,
      "fcf_margin_change": 0.3651147618215792
    },
    {
      "date": "2022-12-31T00:00:00",
      "quarter_label": "2022-12 (Q4)",
      "revenue": 708185000,
      "gross_profit": 288374000,
      "operating_income": -13817000,
      "net_income": -6478000,
      "opex": 722002000,
      "cogs": 419811000,
      "rd": null,
      "sga": null,
      "fcf": 267945000,
      "ocf": 274505000,
      "capex": -6560000,
      "gross_margin": 0.4072015080805157,
      "op_margin": -0.019510438656565727,
      "fcf_margin": 0.37835452600662256,
      "incr_op_margin_yoy": -0.4958652787300796,
      "rev_growth_yoy": 0.15730307700101484,
      "rev_growth_yoy_accel": -0.26520578433356434,
      "op_leverage_ratio": 0.3095871909601946,
      "fcf_margin_change": 0.11202370802325129
    },
    {
      "date": "2023-03-31T00:00:00",
      "quarter_label": "2023-03 (Q1)",
      "revenue": 622444000,
      "gross_profit": 208546000,
      "operating_income": 16233000,
      "net_income": 443000,
      "opex": 606211000,
      "cogs": 413898000,
      "rd": null,
      "sga": null,
      "fcf": -88548000,
      "ocf": -85113000,
      "capex": -3435000,
      "gross_margin": 0.3350437951044592,
      "op_margin": 0.026079454537275643,
      "fcf_margin": -0.14225858069159636,
      "incr_op_margin_yoy": 1.8782442934649788,
      "rev_growth_yoy": -0.03182284108178061,
      "rev_growth_yoy_accel": -0.18912591808279544,
      "fcf_margin_change": -0.5206131066982189
    },
    {
      "date": "2023-06-30T00:00:00",
      "quarter_label": "2023-06 (Q2)",
      "revenue": 632265000,
      "gross_profit": 229834000,
      "operating_income": 21262000,
      "net_income": -4693000,
      "opex": 611003000,
      "cogs": 402431000,
      "rd": null,
      "sga": null,
      "fcf": -63551000,
      "ocf": -59033000,
      "capex": -4518000,
      "gross_margin": 0.36350897171281027,
      "op_margin": 0.03362830458747519,
      "fcf_margin": -0.10051323416605379,
      "incr_op_margin_yoy": 0.665961424916355,
      "rev_growth_yoy": -0.06040602574181209,
      "rev_growth_yoy_accel": -0.028583184660031485,
      "op_leverage_ratio": 1.9960086972014641,
      "fcf_margin_change": 0.04174534652554257
    },
    {
      "date": "2023-09-30T00:00:00",
      "quarter_label": "2023-09 (Q3)",
      "revenue": 617573000,
      "gross_profit": 232593000,
      "operating_income": 33742000,
      "net_income": 653000,
      "opex": 583831000,
      "cogs": 384980000,
      "rd": null,
      "sga": null,
      "fcf": 12352000,
      "ocf": 16604000,
      "capex": -4252000,
      "gross_margin": 0.3766243019043902,
      "op_margin": 0.05463645593314474,
      "fcf_margin": 0.020000874390557876,
      "incr_op_margin_yoy": 0.7856462849971872,
      "rev_growth_yoy": -0.06962733752039423,
      "rev_growth_yoy_accel": -0.009221311778582132,
      "fcf_margin_change": 0.12051410855661167
    },
    {
      "date": "2023-12-31T00:00:00",
      "quarter_label": "2023-12 (Q4)",
      "revenue": 654895000,
      "gross_profit": 235030000,
      "operating_income": 19290000,
      "net_income": 1286000,
      "opex": 635605000,
      "cogs": 419865000,
      "rd": null,
      "sga": null,
      "fcf": 206516000,
      "ocf": 208549000,
      "capex": -2033000,
      "gross_margin": 0.3588819581765016,
      "op_margin": 0.029455103489872424,
      "fcf_margin": 0.3153421540857695,
      "incr_op_margin_yoy": -0.6212610245824732,
      "rev_growth_yoy": -0.07524869913934919,
      "rev_growth_yoy_accel": -0.005621361618954962,
      "op_leverage_ratio": 0.6814783132781546,
      "fcf_margin_change": 0.2953412796952116
    },
    {
      "date": "2024-03-31T00:00:00",
      "quarter_label": "2024-03 (Q1)",
      "revenue": 670059000,
      "gross_profit": 225533000,
      "operating_income": 25854000,
      "net_income": -1282000,
      "opex": 644205000,
      "cogs": 444526000,
      "rd": null,
      "sga": null,
      "fcf": -58560000,
      "ocf": -53121000,
      "capex": -5439000,
      "gross_margin": 0.33658677817923494,
      "op_margin": 0.03858466194767923,
      "fcf_margin": -0.08739528907155937,
      "incr_op_margin_yoy": 0.2020581749448703,
      "rev_growth_yoy": 0.07649684148292858,
      "rev_growth_yoy_accel": 0.15174554062227777,
      "op_leverage_ratio": 1.711318931474369,
      "fcf_margin_change": -0.40273744315732884
    },
    {
      "date": "2024-06-30T00:00:00",
      "quarter_label": "2024-06 (Q2)",
      "revenue": 671168000,
      "gross_profit": 232256000,
      "operating_income": 21907000,
      "net_income": -2965000,
      "opex": 649261000,
      "cogs": 438912000,
      "rd": null,
      "sga": null,
      "fcf": -23048000,
      "ocf": -14497000,
      "capex": -8551000,
      "gross_margin": 0.34604748736530944,
      "op_margin": 0.03264011395060551,
      "fcf_margin": -0.03434013540574044,
      "incr_op_margin_yoy": 0.016579698223787367,
      "rev_growth_yoy": 0.06152958016021763,
      "rev_growth_yoy_accel": -0.01496726132271095,
      "fcf_margin_change": 0.05305515366581893
    },
    {
      "date": "2024-09-30T00:00:00",
      "quarter_label": "2024-09 (Q3)",
      "revenue": 711281000,
      "gross_profit": 254263000,
      "operating_income": 41779000,
      "net_income": 3271000,
      "opex": 669502000,
      "cogs": 457018000,
      "rd": null,
      "sga": null,
      "fcf": -4350000,
      "ocf": -1612000,
      "capex": -2738000,
      "gross_margin": 0.3574719414689834,
      "op_margin": 0.058737685949716074,
      "fcf_margin": -0.006115726414736229,
      "incr_op_margin_yoy": 0.08576642335766424,
      "rev_growth_yoy": 0.15173590814365265,
      "rev_growth_yoy_accel": 0.09020632798343502,
      "op_leverage_ratio": 1.9170844873820148,
      "fcf_margin_change": 0.028224408991004212
    },
    {
      "date": "2024-12-31T00:00:00",
      "quarter_label": "2024-12 (Q4)",
      "revenue": 788708000,
      "gross_profit": 286186000,
      "operating_income": 43528000,
      "net_income": 3235000,
      "opex": 745180000,
      "cogs": 502522000,
      "rd": null,
      "sga": null,
      "fcf": 209905000,
      "ocf": 212089000,
      "capex": -2184000,
      "gross_margin": 0.3628541868473503,
      "op_margin": 0.055188992630986373,
      "fcf_margin": 0.2661377848329166,
      "incr_op_margin_yoy": 0.18113337269174146,
      "rev_growth_yoy": 0.20432741126440115,
      "rev_growth_yoy_accel": 0.052591503120748506,
      "op_leverage_ratio": 0.9630158988077293,
      "fcf_margin_change": 0.27225351124765285
    },
    {
      "date": "2025-03-31T00:00:00",
      "quarter_label": "2025-03 (Q1)",
      "revenue": 651740000,
      "gross_profit": 239653000,
      "operating_income": 18285000,
      "net_income": -2917000,
      "opex": 633455000,
      "cogs": 412087000,
      "rd": null,
      "sga": null,
      "fcf": -63925000,
      "ocf": -60013000,
      "capex": -3912000,
      "gross_margin": 0.367712584773069,
      "op_margin": 0.028055666370024858,
      "fcf_margin": -0.0980835916162887,
      "incr_op_margin_yoy": 0.4131775751951526,
      "rev_growth_yoy": -0.027339383546821996,
      "rev_growth_yoy_accel": -0.23166679481122315,
      "fcf_margin_change": -0.3642213764492053
    },
    {
      "date": "2025-06-30T00:00:00",
      "quarter_label": "2025-06 (Q2)",
      "revenue": 706818000,
      "gross_profit": 247602000,
      "operating_income": 23172000,
      "net_income": -5261000,
      "opex": 683646000,
      "cogs": 459216000,
      "rd": null,
      "sga": null,
      "fcf": 107068000,
      "ocf": 114751000,
      "capex": -7683000,
      "gross_margin": 0.3503051704965069,
      "op_margin": 0.03278354541055831,
      "fcf_margin": 0.15147888140935856,
      "incr_op_margin_yoy": 0.035483870967741936,
      "rev_growth_yoy": 0.05311635834843139,
      "rev_growth_yoy_accel": 0.08045574189525338,
      "op_leverage_ratio": 1.0665806620245017,
      "fcf_margin_change": 0.24956247302564727
    },
    {
      "date": "2025-09-30T00:00:00",
      "quarter_label": "2025-09 (Q3)",
      "revenue": 742998000,
      "gross_profit": 272061000,
      "operating_income": 60913000,
      "net_income": 24619000,
      "opex": 682085000,
      "cogs": 470937000,
      "rd": null,
      "sga": null,
      "fcf": -38768000,
      "ocf": -24025000,
      "capex": -14743000,
      "gross_margin": 0.3661665307309037,
      "op_margin": 0.08198272404501762,
      "fcf_margin": -0.052177798594343454,
      "incr_op_margin_yoy": 0.6032726928776366,
      "rev_growth_yoy": 0.04459137809107793,
      "rev_growth_yoy_accel": -0.00852498025735346,
      "op_leverage_ratio": Infinity,
      "fcf_margin_change": -0.20365668000370202
    }
  ],
  "signals": [
    {
      "quarter": "2025-09 (Q3)",
      "signal": "INCREMENTAL MARGIN (YoY)",
      "detail": "YoY Incr OPM: +60.3% vs year-ago OPM: +5.9%",
      "severity": "HIGH"
    },
    {
      "quarter": "2025-06 (Q2)",
      "signal": "FCF TURNED POSITIVE",
      "detail": "FCF margin: -9.8% -> +15.1%",
      "severity": "HIGH"
    },
    {
      "quarter": "2025-06 (Q2)",
      "signal": "YoY REVENUE GROWTH ACCELERATION",
      "detail": "YoY growth: +5.3% vs prior quarter YoY: -2.7% (accel: +8.0%)",
      "severity": "MEDIUM"
    },
    {
      "quarter": "2025-03 (Q1)",
      "signal": "YoY REVENUE GROWTH DECELERATION",
      "detail": "YoY growth: -2.7% vs prior quarter YoY: +20.4% (decel: -23.2%)",
      "severity": "WARNING"
    },
    {
      "quarter": "2025-03 (Q1)",
      "signal": "INCREMENTAL MARGIN (YoY)",
      "detail": "YoY Incr OPM: +41.3% vs year-ago OPM: +3.9%",
      "severity": "HIGH"
    },
    {
      "quarter": "2024-12 (Q4)",
      "signal": "FCF TURNED POSITIVE",
      "detail": "FCF margin: -0.6% -> +26.6%",
      "severity": "HIGH"
    },
    {
      "quarter": "2024-12 (Q4)",
      "signal": "YoY REVENUE GROWTH ACCELERATION",
      "detail": "YoY growth: +20.4% vs prior quarter YoY: +15.2% (accel: +5.3%)",
      "severity": "MEDIUM"
    },
    {
      "quarter": "2024-12 (Q4)",
      "signal": "INCREMENTAL MARGIN (YoY)",
      "detail": "YoY Incr OPM: +18.1% vs year-ago OPM: +2.9%",
      "severity": "MEDIUM"
    },
    {
      "quarter": "2024-09 (Q3)",
      "signal": "OPERATING LEVERAGE",
      "detail": "Rev growth +6.0% vs OpEx growth +3.1% (leverage: 1.9x)",
      "severity": "MEDIUM"
    },
    {
      "quarter": "2024-09 (Q3)",
      "signal": "YoY REVENUE GROWTH ACCELERATION",
      "detail": "YoY growth: +15.2% vs prior quarter YoY: +6.2% (accel: +9.0%)",
      "severity": "MEDIUM"
    },
    {
      "quarter": "2024-06 (Q2)",
      "signal": "FCF MARGIN EXPANSION",
      "detail": "FCF margin: -8.7% -> -3.4% (+5.3%)",
      "severity": "MEDIUM"
    },
    {
      "quarter": "2024-03 (Q1)",
      "signal": "OPERATING LEVERAGE",
      "detail": "Rev growth +2.3% vs OpEx growth +1.4% (leverage: 1.7x)",
      "severity": "MEDIUM"
    },
    {
      "quarter": "2024-03 (Q1)",
      "signal": "YoY REVENUE GROWTH ACCELERATION",
      "detail": "YoY growth: +7.6% vs prior quarter YoY: -7.5% (accel: +15.2%)",
      "severity": "HIGH"
    },
    {
      "quarter": "2024-03 (Q1)",
      "signal": "INCREMENTAL MARGIN (YoY)",
      "detail": "YoY Incr OPM: +20.2% vs year-ago OPM: +2.6%",
      "severity": "MEDIUM"
    },
    {
      "quarter": "2023-12 (Q4)",
      "signal": "FCF MARGIN EXPANSION",
      "detail": "FCF margin: +2.0% -> +31.5% (+29.5%)",
      "severity": "MEDIUM"
    },
    {
      "quarter": "2023-12 (Q4)",
      "signal": "OP MARGIN TURNED POSITIVE (YoY)",
      "detail": "Op margin: -2.0% (year-ago) -> +2.9%",
      "severity": "HIGH"
    },
    {
      "quarter": "2023-09 (Q3)",
      "signal": "FCF TURNED POSITIVE",
      "detail": "FCF margin: -10.1% -> +2.0%",
      "severity": "HIGH"
    },
    {
      "quarter": "2023-09 (Q3)",
      "signal": "INCREMENTAL MARGIN (YoY)",
      "detail": "YoY Incr OPM: +78.6% vs year-ago OPM: +10.6%",
      "severity": "HIGH"
    },
    {
      "quarter": "2023-06 (Q2)",
      "signal": "OPERATING LEVERAGE",
      "detail": "Rev growth +1.6% vs OpEx growth +0.8% (leverage: 2.0x)",
      "severity": "MEDIUM"
    },
    {
      "quarter": "2023-06 (Q2)",
      "signal": "GROSS MARGIN INFLECTION",
      "detail": "GM: +40.7% -> +33.5% -> +36.4% (reversal +2.8%)",
      "severity": "MEDIUM"
    },
    {
      "quarter": "2023-06 (Q2)",
      "signal": "INCREMENTAL MARGIN (YoY)",
      "detail": "YoY Incr OPM: +66.6% vs year-ago OPM: +7.2%",
      "severity": "HIGH"
    },
    {
      "quarter": "2023-03 (Q1)",
      "signal": "YoY REVENUE GROWTH DECELERATION",
      "detail": "YoY growth: -3.2% vs prior quarter YoY: +15.7% (decel: -18.9%)",
      "severity": "WARNING"
    },
    {
      "quarter": "2023-03 (Q1)",
      "signal": "INCREMENTAL MARGIN (YoY)",
      "detail": "YoY Incr OPM: +187.8% vs year-ago OPM: +8.5%",
      "severity": "HIGH"
    },
    {
      "quarter": "2023-03 (Q1)",
      "signal": "OP MARGIN TURNED POSITIVE (QoQ)",
      "detail": "Op margin: -2.0% -> +2.6%",
      "severity": "HIGH"
    },
    {
      "quarter": "2022-12 (Q4)",
      "signal": "FCF MARGIN EXPANSION",
      "detail": "FCF margin: +26.6% -> +37.8% (+11.2%)",
      "severity": "MEDIUM"
    },
    {
      "quarter": "2022-12 (Q4)",
      "signal": "YoY REVENUE GROWTH DECELERATION",
      "detail": "YoY growth: +15.7% vs prior quarter YoY: +42.3% (decel: -26.5%)",
      "severity": "WARNING"
    },
    {
      "quarter": "2022-09 (Q3)",
      "signal": "FCF TURNED POSITIVE",
      "detail": "FCF margin: -9.9% -> +26.6%",
      "severity": "HIGH"
    },
    {
      "quarter": "2022-09 (Q3)",
      "signal": "YoY REVENUE GROWTH DECELERATION",
      "detail": "YoY growth: +42.3% vs prior quarter YoY: +94.7% (decel: -52.5%)",
      "severity": "WARNING"
    },
    {
      "quarter": "2022-09 (Q3)",
      "signal": "OP MARGIN TURNED POSITIVE (YoY)",
      "detail": "Op margin: -4.2% (year-ago) -> +10.6%",
      "severity": "HIGH"
    },
    {
      "quarter": "2022-06 (Q2)",
      "signal": "YoY REVENUE GROWTH DECELERATION",
      "detail": "YoY growth: +94.7% vs prior quarter YoY: +109.0% (decel: -14.3%)",
      "severity": "WARNING"
    },
    {
      "quarter": "2022-03 (Q1)",
      "signal": "OPERATING LEVERAGE",
      "detail": "Rev growth +5.1% vs OpEx growth +1.8% (leverage: 2.9x)",
      "severity": "MEDIUM"
    },
    {
      "quarter": "2022-03 (Q1)",
      "signal": "YoY REVENUE GROWTH ACCELERATION",
      "detail": "YoY growth: +109.0% vs prior quarter YoY: +86.5% (accel: +22.5%)",
      "severity": "HIGH"
    },
    {
      "quarter": "2021-12 (Q4)",
      "signal": "FCF TURNED POSITIVE",
      "detail": "FCF margin: -5.5% -> +30.3%",
      "severity": "HIGH"
    },
    {
      "quarter": "2021-12 (Q4)",
      "signal": "OPERATING LEVERAGE",
      "detail": "Rev growth +31.1% vs OpEx growth +18.9% (leverage: 1.7x)",
      "severity": "MEDIUM"
    },
    {
      "quarter": "2021-12 (Q4)",
      "signal": "GROSS MARGIN INFLECTION",
      "detail": "GM: +35.1% -> +30.4% -> +43.1% (reversal +12.7%)",
      "severity": "HIGH"
    },
    {
      "quarter": "2021-12 (Q4)",
      "signal": "OP MARGIN TURNED POSITIVE (YoY)",
      "detail": "Op margin: -31.7% (year-ago) -> +5.5%",
      "severity": "HIGH"
    },
    {
      "quarter": "2021-12 (Q4)",
      "signal": "OP MARGIN TURNED POSITIVE (QoQ)",
      "detail": "Op margin: -4.2% -> +5.5%",
      "severity": "HIGH"
    },
    {
      "quarter": "2021-06 (Q2)",
      "signal": "FCF MARGIN EXPANSION",
      "detail": "FCF margin: +0.8% -> +8.5% (+7.7%)",
      "severity": "MEDIUM"
    },
    {
      "quarter": "2021-03 (Q1)",
      "signal": "OP MARGIN TURNED POSITIVE (QoQ)",
      "detail": "Op margin: -31.7% -> +9.0%",
      "severity": "HIGH"
    }
  ],
  "data_quality": {
    "n_quarters": 20,
    "coverage": {
      "revenue": [
        20,
        20
      ],
      "gross_profit": [
        20,
        20
      ],
      "op_income": [
        20,
        20
      ],
      "fcf": [
        20,
        20
      ]
    },
    "gaps": [],
    "warnings": []
  },
  "market_cap": null,
  "source": "SEC EDGAR",
  "last_updated": "2026-02-02T21:45:53.449617"
}