{
  "ticker": "STKL",
  "name": "SunOpta Inc.",
  "quarters": [
    {
      "date": "2021-01-02T00:00:00",
      "quarter_label": "2021-01 (Q1)",
      "revenue": 205556000,
      "gross_profit": 31807000,
      "operating_income": -41356000,
      "net_income": 73061000,
      "opex": 73163000,
      "cogs": -156447000,
      "rd": null,
      "sga": 4680000,
      "fcf": 35594000,
      "ocf": 34121000,
      "capex": 1473000,
      "gross_margin": 0.1547364221915196,
      "op_margin": -0.20119091634396466,
      "fcf_margin": 0.17315962560080952
    },
    {
      "date": "2021-04-03T00:00:00",
      "quarter_label": "2021-04 (Q2)",
      "revenue": 207640000,
      "gross_profit": 29989000,
      "operating_income": 4470000,
      "net_income": 2284000,
      "opex": 25519000,
      "cogs": 177651000,
      "rd": null,
      "sga": 20874000,
      "fcf": -16312000,
      "ocf": -7015000,
      "capex": -9297000,
      "gross_margin": 0.14442785590445,
      "op_margin": 0.021527643999229434,
      "fcf_margin": -0.07855904450009632,
      "op_leverage_ratio": Infinity,
      "fcf_margin_change": -0.2517186701009059
    },
    {
      "date": "2021-07-03T00:00:00",
      "quarter_label": "2021-07 (Q3)",
      "revenue": 202273000,
      "gross_profit": 26336000,
      "operating_income": -2938000,
      "net_income": 5531000,
      "opex": 29274000,
      "cogs": 175937000,
      "rd": null,
      "sga": 22720000,
      "fcf": -46453000,
      "ocf": -39147000,
      "capex": -7306000,
      "gross_margin": 0.13020027388727115,
      "op_margin": -0.01452492423605721,
      "fcf_margin": -0.22965497125172415,
      "fcf_margin_change": -0.15109592675162783
    },
    {
      "date": "2021-10-02T00:00:00",
      "quarter_label": "2021-10 (Q4)",
      "revenue": 198479000,
      "gross_profit": 23356000,
      "operating_income": 2749000,
      "net_income": -2909000,
      "opex": 20607000,
      "cogs": 175123000,
      "rd": null,
      "sga": 16487000,
      "fcf": -13321000,
      "ocf": 5065000,
      "capex": -18386000,
      "gross_margin": 0.11767491774948483,
      "op_margin": 0.013850331773134689,
      "fcf_margin": -0.0671154127136876,
      "fcf_margin_change": 0.16253955853803656
    },
    {
      "date": "2022-01-01T00:00:00",
      "quarter_label": "2022-01 (Q1)",
      "revenue": 204232000,
      "gross_profit": 18039000,
      "operating_income": -3112000,
      "net_income": -6078000,
      "opex": 21151000,
      "cogs": 186193000,
      "rd": null,
      "sga": 16518000,
      "fcf": 37000,
      "ocf": 19665000,
      "capex": -19628000,
      "gross_margin": 0.08832602138744174,
      "op_margin": -0.015237572956245837,
      "fcf_margin": 0.00018116651651063496,
      "incr_op_margin_yoy": -28.885196374622357,
      "rev_growth_yoy": -0.006441067154449396,
      "op_leverage_ratio": 1.0979831675035705,
      "fcf_margin_change": 0.06729657923019823
    },
    {
      "date": "2022-04-02T00:00:00",
      "quarter_label": "2022-04 (Q2)",
      "revenue": 240173000,
      "gross_profit": 27991000,
      "operating_income": 3629000,
      "net_income": 4568000,
      "opex": 24362000,
      "cogs": 212182000,
      "rd": null,
      "sga": 21935000,
      "fcf": -10179000,
      "ocf": 15543000,
      "capex": -25722000,
      "gross_margin": 0.11654515703263897,
      "op_margin": 0.015109941583775028,
      "fcf_margin": -0.042381949677940484,
      "incr_op_margin_yoy": -0.025850674699535857,
      "rev_growth_yoy": 0.15667983047582354,
      "rev_growth_yoy_accel": 0.16312089763027293,
      "op_leverage_ratio": 1.159196245501861,
      "fcf_margin_change": -0.04256311619445112
    },
    {
      "date": "2022-07-02T00:00:00",
      "quarter_label": "2022-07 (Q3)",
      "revenue": 243531000,
      "gross_profit": 34898000,
      "operating_income": 6569000,
      "net_income": 1471000,
      "opex": 28329000,
      "cogs": 208633000,
      "rd": null,
      "sga": 24304000,
      "fcf": -39492000,
      "ocf": -2454000,
      "capex": -37038000,
      "gross_margin": 0.14330003161815127,
      "op_margin": 0.026973978672119772,
      "fcf_margin": -0.16216415979895785,
      "incr_op_margin_yoy": 0.23042803819865237,
      "rev_growth_yoy": 0.20397185981322272,
      "rev_growth_yoy_accel": 0.04729202933739918,
      "op_leverage_ratio": 0.08586323505855435,
      "fcf_margin_change": -0.11978221012101736
    },
    {
      "date": "2022-10-01T00:00:00",
      "quarter_label": "2022-10 (Q4)",
      "revenue": 229665000,
      "gross_profit": 31383000,
      "operating_income": -12556000,
      "net_income": -11934000,
      "opex": 43939000,
      "cogs": 198282000,
      "rd": null,
      "sga": 20654000,
      "fcf": -17398000,
      "ocf": 19973000,
      "capex": -37371000,
      "gross_margin": 0.13664685520214226,
      "op_margin": -0.054670933751333466,
      "fcf_margin": -0.07575381533973397,
      "incr_op_margin_yoy": -0.49076508689796705,
      "rev_growth_yoy": 0.15712493513167639,
      "rev_growth_yoy_accel": -0.04684692468154633,
      "fcf_margin_change": 0.08641034445922388
    },
    {
      "date": "2022-12-31T00:00:00",
      "quarter_label": "2022-12 (Q4)",
      "revenue": 221293000,
      "gross_profit": 28217000,
      "operating_income": 5144000,
      "net_income": 1054000,
      "opex": 23073000,
      "cogs": 193076000,
      "rd": null,
      "sga": 22144000,
      "fcf": 1116000,
      "ocf": 27513000,
      "capex": -26397000,
      "gross_margin": 0.12750968173417143,
      "op_margin": 0.023245199802976145,
      "fcf_margin": 0.005043087671096691,
      "incr_op_margin_yoy": 0.4839106734657992,
      "rev_growth_yoy": 0.08353734968075521,
      "rev_growth_yoy_accel": -0.07358758545092117,
      "fcf_margin_change": 0.08079690301083066
    },
    {
      "date": "2023-04-01T00:00:00",
      "quarter_label": "2023-04 (Q2)",
      "revenue": 223880000,
      "gross_profit": 28203000,
      "operating_income": 2503000,
      "net_income": 1377000,
      "opex": 25700000,
      "cogs": 195677000,
      "rd": null,
      "sga": 25430000,
      "fcf": -21528000,
      "ocf": 3867000,
      "capex": -25395000,
      "gross_margin": 0.12597373592996247,
      "op_margin": 0.01118009648025728,
      "fcf_margin": -0.0961586564230838,
      "incr_op_margin_yoy": 0.06910943349904868,
      "rev_growth_yoy": -0.06783859967606684,
      "rev_growth_yoy_accel": -0.15137594935682205,
      "op_leverage_ratio": 0.10267689941225817,
      "fcf_margin_change": -0.10120174409418049
    },
    {
      "date": "2023-07-01T00:00:00",
      "quarter_label": "2023-07 (Q3)",
      "revenue": 207809000,
      "gross_profit": 16379000,
      "operating_income": -3036000,
      "net_income": -18838000,
      "opex": 19415000,
      "cogs": 191430000,
      "rd": null,
      "sga": 19573000,
      "fcf": 7821000,
      "ocf": 15878000,
      "capex": -8057000,
      "gross_margin": 0.07881756805528153,
      "op_margin": -0.014609569364175758,
      "fcf_margin": 0.03763552107945277,
      "incr_op_margin_yoy": 0.26888192150495493,
      "rev_growth_yoy": -0.14668358443072957,
      "rev_growth_yoy_accel": -0.07884498475466273,
      "fcf_margin_change": 0.13379417750253658
    },
    {
      "date": "2023-09-30T00:00:00",
      "quarter_label": "2023-09 (Q3)",
      "revenue": 152541000,
      "gross_profit": 20268000,
      "operating_income": 1482000,
      "net_income": -145823000,
      "opex": 18786000,
      "cogs": 132273000,
      "rd": null,
      "sga": 18377000,
      "fcf": -14048000,
      "ocf": -9332000,
      "capex": -4716000,
      "gross_margin": 0.1328691958227624,
      "op_margin": 0.009715420772120282,
      "fcf_margin": -0.092093273283904,
      "incr_op_margin_yoy": -0.1820185675016856,
      "rev_growth_yoy": -0.3358108549408922,
      "rev_growth_yoy_accel": -0.18912727051016262,
      "fcf_margin_change": -0.12972879436335677
    },
    {
      "date": "2023-12-30T00:00:00",
      "quarter_label": "2023-12 (Q4)",
      "revenue": 181624000,
      "gross_profit": 25641000,
      "operating_income": 3806000,
      "net_income": -11734000,
      "opex": 21835000,
      "cogs": 153013000,
      "rd": null,
      "sga": 20251000,
      "fcf": -4422000,
      "ocf": 4431000,
      "capex": -8853000,
      "gross_margin": 0.14117627626304893,
      "op_margin": 0.02095538034620975,
      "fcf_margin": -0.02434700259877549,
      "incr_op_margin_yoy": 0.03372910837177645,
      "rev_growth_yoy": -0.17926007600782673,
      "rev_growth_yoy_accel": 0.15655077893306546,
      "op_leverage_ratio": 1.1747068677592079,
      "fcf_margin_change": 0.0677462706851285
    },
    {
      "date": "2024-03-30T00:00:00",
      "quarter_label": "2024-03 (Q1)",
      "revenue": 182848000,
      "gross_profit": 31747000,
      "operating_income": 10164000,
      "net_income": 2879000,
      "opex": 21583000,
      "cogs": 151101000,
      "rd": null,
      "sga": 22988000,
      "fcf": -2279000,
      "ocf": 5269000,
      "capex": -7548000,
      "gross_margin": 0.17362508750437522,
      "op_margin": 0.05558715435771788,
      "fcf_margin": -0.012463904445222261,
      "incr_op_margin_yoy": -0.18670793527003315,
      "rev_growth_yoy": -0.18327675540468108,
      "rev_growth_yoy_accel": -0.00401667939685435,
      "fcf_margin_change": 0.011883098153553229
    },
    {
      "date": "2024-06-29T00:00:00",
      "quarter_label": "2024-06 (Q2)",
      "revenue": 170995000,
      "gross_profit": 21848000,
      "operating_income": 2612000,
      "net_income": -5334000,
      "opex": 19236000,
      "cogs": 149147000,
      "rd": null,
      "sga": 17784000,
      "fcf": -15277000,
      "ocf": -5566000,
      "capex": -9711000,
      "gross_margin": 0.12776981783093072,
      "op_margin": 0.015275300447381502,
      "fcf_margin": -0.08934179361969648,
      "incr_op_margin_yoy": -0.1534198946053132,
      "rev_growth_yoy": -0.17715305881843424,
      "rev_growth_yoy_accel": 0.006123696586246841,
      "fcf_margin_change": -0.07687788917447422
    },
    {
      "date": "2024-09-28T00:00:00",
      "quarter_label": "2024-09 (Q3)",
      "revenue": 176216000,
      "gross_profit": 23584000,
      "operating_income": 1523000,
      "net_income": -6214000,
      "opex": 22061000,
      "cogs": 152632000,
      "rd": null,
      "sga": 21052000,
      "fcf": 11667000,
      "ocf": 17208000,
      "capex": -5541000,
      "gross_margin": 0.13383574703772644,
      "op_margin": 0.008642802015707995,
      "fcf_margin": 0.06620851682026603,
      "incr_op_margin_yoy": 0.0017317845828933474,
      "rev_growth_yoy": 0.15520417461534933,
      "rev_growth_yoy_accel": 0.33235723343378354,
      "op_leverage_ratio": 0.20790579655203914,
      "fcf_margin_change": 0.1555503104399625
    },
    {
      "date": "2024-12-28T00:00:00",
      "quarter_label": "2024-12 (Q4)",
      "revenue": 193669000,
      "gross_profit": 19125000,
      "operating_income": 1291000,
      "net_income": -8724000,
      "opex": 17834000,
      "cogs": 174544000,
      "rd": null,
      "sga": 17582000,
      "fcf": 23990000,
      "ocf": 33118000,
      "capex": -9128000,
      "gross_margin": 0.09875096169237203,
      "op_margin": 0.0066660126297961985,
      "fcf_margin": 0.12387114096732053,
      "incr_op_margin_yoy": -0.20880033208800333,
      "rev_growth_yoy": 0.06631832797427653,
      "rev_growth_yoy_accel": -0.0888858466410728,
      "op_leverage_ratio": Infinity,
      "fcf_margin_change": 0.0576626241470545
    },
    {
      "date": "2025-03-29T00:00:00",
      "quarter_label": "2025-03 (Q1)",
      "revenue": 201628000,
      "gross_profit": 30319000,
      "operating_income": 10487000,
      "net_income": 4811000,
      "opex": 19832000,
      "cogs": 171309000,
      "rd": null,
      "sga": 19196000,
      "fcf": 9546000,
      "ocf": 22281000,
      "capex": -12735000,
      "gross_margin": 0.15037098022100104,
      "op_margin": 0.05201162536949233,
      "fcf_margin": 0.04734461483524114,
      "incr_op_margin_yoy": 0.017199148029818957,
      "rev_growth_yoy": 0.10270826041302066,
      "rev_growth_yoy_accel": 0.036389932438744124,
      "op_leverage_ratio": 0.3668188736681887,
      "fcf_margin_change": -0.07652652613207939
    },
    {
      "date": "2025-06-28T00:00:00",
      "quarter_label": "2025-06 (Q2)",
      "revenue": 191489000,
      "gross_profit": 28407000,
      "operating_income": 10533000,
      "net_income": 4351000,
      "opex": 17874000,
      "cogs": 163082000,
      "rd": null,
      "sga": 17727000,
      "fcf": -9206000,
      "ocf": -4503000,
      "capex": -4703000,
      "gross_margin": 0.1483479468794552,
      "op_margin": 0.05500577056645552,
      "fcf_margin": -0.04807586858775178,
      "incr_op_margin_yoy": 0.3865033668390748,
      "rev_growth_yoy": 0.11985145764496039,
      "rev_growth_yoy_accel": 0.01714319723193973,
      "fcf_margin_change": -0.09542048342299292
    },
    {
      "date": "2025-09-27T00:00:00",
      "quarter_label": "2025-09 (Q3)",
      "revenue": 205410000,
      "gross_profit": 25467000,
      "operating_income": 6866000,
      "net_income": 816000,
      "opex": 18601000,
      "cogs": 179943000,
      "rd": null,
      "sga": 15399000,
      "fcf": 12055000,
      "ocf": 16346000,
      "capex": -4291000,
      "gross_margin": 0.12398130568132029,
      "op_margin": 0.03342583126430067,
      "fcf_margin": 0.0586875030426951,
      "incr_op_margin_yoy": 0.18301705829965062,
      "rev_growth_yoy": 0.16567167567076768,
      "rev_growth_yoy_accel": 0.0458202180258073,
      "op_leverage_ratio": 1.7873678630718968,
      "fcf_margin_change": 0.10676337163044688
    }
  ],
  "signals": [
    {
      "quarter": "2025-09 (Q3)",
      "signal": "FCF TURNED POSITIVE",
      "detail": "FCF margin: -4.8% -> +5.9%",
      "severity": "HIGH"
    },
    {
      "quarter": "2025-09 (Q3)",
      "signal": "OPERATING LEVERAGE",
      "detail": "Rev growth +7.3% vs OpEx growth +4.1% (leverage: 1.8x)",
      "severity": "MEDIUM"
    },
    {
      "quarter": "2025-09 (Q3)",
      "signal": "INCREMENTAL MARGIN (YoY)",
      "detail": "YoY Incr OPM: +18.3% vs year-ago OPM: +0.9%",
      "severity": "MEDIUM"
    },
    {
      "quarter": "2025-06 (Q2)",
      "signal": "INCREMENTAL MARGIN (YoY)",
      "detail": "YoY Incr OPM: +38.7% vs year-ago OPM: +1.5%",
      "severity": "HIGH"
    },
    {
      "quarter": "2025-03 (Q1)",
      "signal": "GROSS MARGIN INFLECTION",
      "detail": "GM: +13.4% -> +9.9% -> +15.0% (reversal +5.2%)",
      "severity": "HIGH"
    },
    {
      "quarter": "2024-12 (Q4)",
      "signal": "FCF MARGIN EXPANSION",
      "detail": "FCF margin: +6.6% -> +12.4% (+5.8%)",
      "severity": "MEDIUM"
    },
    {
      "quarter": "2024-12 (Q4)",
      "signal": "YoY REVENUE GROWTH DECELERATION",
      "detail": "YoY growth: +6.6% vs prior quarter YoY: +15.5% (decel: -8.9%)",
      "severity": "WARNING"
    },
    {
      "quarter": "2024-09 (Q3)",
      "signal": "FCF TURNED POSITIVE",
      "detail": "FCF margin: -8.9% -> +6.6%",
      "severity": "HIGH"
    },
    {
      "quarter": "2024-09 (Q3)",
      "signal": "YoY REVENUE GROWTH ACCELERATION",
      "detail": "YoY growth: +15.5% vs prior quarter YoY: -17.7% (accel: +33.2%)",
      "severity": "HIGH"
    },
    {
      "quarter": "2024-06 (Q2)",
      "signal": "OP MARGIN TURNED POSITIVE (YoY)",
      "detail": "Op margin: -1.5% (year-ago) -> +1.5%",
      "severity": "HIGH"
    },
    {
      "quarter": "2023-12 (Q4)",
      "signal": "FCF MARGIN EXPANSION",
      "detail": "FCF margin: -9.2% -> -2.4% (+6.8%)",
      "severity": "MEDIUM"
    },
    {
      "quarter": "2023-12 (Q4)",
      "signal": "YoY REVENUE GROWTH ACCELERATION",
      "detail": "YoY growth: -17.9% vs prior quarter YoY: -33.6% (accel: +15.7%)",
      "severity": "HIGH"
    },
    {
      "quarter": "2023-09 (Q3)",
      "signal": "GROSS MARGIN INFLECTION",
      "detail": "GM: +12.6% -> +7.9% -> +13.3% (reversal +5.4%)",
      "severity": "HIGH"
    },
    {
      "quarter": "2023-09 (Q3)",
      "signal": "YoY REVENUE GROWTH DECELERATION",
      "detail": "YoY growth: -33.6% vs prior quarter YoY: -14.7% (decel: -18.9%)",
      "severity": "WARNING"
    },
    {
      "quarter": "2023-09 (Q3)",
      "signal": "OP MARGIN TURNED POSITIVE (YoY)",
      "detail": "Op margin: -5.5% (year-ago) -> +1.0%",
      "severity": "HIGH"
    },
    {
      "quarter": "2023-09 (Q3)",
      "signal": "OP MARGIN TURNED POSITIVE (QoQ)",
      "detail": "Op margin: -1.5% -> +1.0%",
      "severity": "HIGH"
    },
    {
      "quarter": "2023-07 (Q3)",
      "signal": "FCF TURNED POSITIVE",
      "detail": "FCF margin: -9.6% -> +3.8%",
      "severity": "HIGH"
    },
    {
      "quarter": "2023-07 (Q3)",
      "signal": "YoY REVENUE GROWTH DECELERATION",
      "detail": "YoY growth: -14.7% vs prior quarter YoY: -6.8% (decel: -7.9%)",
      "severity": "WARNING"
    },
    {
      "quarter": "2023-04 (Q2)",
      "signal": "YoY REVENUE GROWTH DECELERATION",
      "detail": "YoY growth: -6.8% vs prior quarter YoY: +8.4% (decel: -15.1%)",
      "severity": "WARNING"
    },
    {
      "quarter": "2022-12 (Q4)",
      "signal": "FCF TURNED POSITIVE",
      "detail": "FCF margin: -7.6% -> +0.5%",
      "severity": "HIGH"
    },
    {
      "quarter": "2022-12 (Q4)",
      "signal": "YoY REVENUE GROWTH DECELERATION",
      "detail": "YoY growth: +8.4% vs prior quarter YoY: +15.7% (decel: -7.4%)",
      "severity": "WARNING"
    },
    {
      "quarter": "2022-12 (Q4)",
      "signal": "OP MARGIN TURNED POSITIVE (YoY)",
      "detail": "Op margin: -1.5% (year-ago) -> +2.3%",
      "severity": "HIGH"
    },
    {
      "quarter": "2022-12 (Q4)",
      "signal": "OP MARGIN TURNED POSITIVE (QoQ)",
      "detail": "Op margin: -5.5% -> +2.3%",
      "severity": "HIGH"
    },
    {
      "quarter": "2022-10 (Q4)",
      "signal": "FCF MARGIN EXPANSION",
      "detail": "FCF margin: -16.2% -> -7.6% (+8.6%)",
      "severity": "MEDIUM"
    },
    {
      "quarter": "2022-07 (Q3)",
      "signal": "OP MARGIN TURNED POSITIVE (YoY)",
      "detail": "Op margin: -1.5% (year-ago) -> +2.7%",
      "severity": "HIGH"
    },
    {
      "quarter": "2022-04 (Q2)",
      "signal": "GROSS MARGIN INFLECTION",
      "detail": "GM: +11.8% -> +8.8% -> +11.7% (reversal +2.8%)",
      "severity": "MEDIUM"
    },
    {
      "quarter": "2022-04 (Q2)",
      "signal": "YoY REVENUE GROWTH ACCELERATION",
      "detail": "YoY growth: +15.7% vs prior quarter YoY: -0.6% (accel: +16.3%)",
      "severity": "HIGH"
    },
    {
      "quarter": "2022-04 (Q2)",
      "signal": "OP MARGIN TURNED POSITIVE (QoQ)",
      "detail": "Op margin: -1.5% -> +1.5%",
      "severity": "HIGH"
    },
    {
      "quarter": "2022-01 (Q1)",
      "signal": "FCF TURNED POSITIVE",
      "detail": "FCF margin: -6.7% -> +0.0%",
      "severity": "HIGH"
    },
    {
      "quarter": "2021-10 (Q4)",
      "signal": "FCF MARGIN EXPANSION",
      "detail": "FCF margin: -23.0% -> -6.7% (+16.3%)",
      "severity": "MEDIUM"
    },
    {
      "quarter": "2021-10 (Q4)",
      "signal": "OP MARGIN TURNED POSITIVE (QoQ)",
      "detail": "Op margin: -1.5% -> +1.4%",
      "severity": "HIGH"
    },
    {
      "quarter": "2021-04 (Q2)",
      "signal": "OP MARGIN TURNED POSITIVE (QoQ)",
      "detail": "Op margin: -20.1% -> +2.2%",
      "severity": "HIGH"
    }
  ],
  "data_quality": {
    "n_quarters": 20,
    "coverage": {
      "revenue": [
        20,
        20
      ],
      "gross_profit": [
        20,
        20
      ],
      "op_income": [
        20,
        20
      ],
      "fcf": [
        20,
        20
      ]
    },
    "gaps": [],
    "warnings": []
  },
  "market_cap": null,
  "source": "SEC EDGAR",
  "last_updated": "2026-02-02T22:20:32.567662"
}