{
  "ticker": "STLD",
  "name": "STEEL DYNAMICS, INC.",
  "quarters": [
    {
      "date": "2020-12-31T00:00:00",
      "quarter_label": "2020-12 (Q4)",
      "revenue": 2601245000,
      "gross_profit": 442253000,
      "operating_income": 258750000,
      "net_income": null,
      "opex": 183503000,
      "cogs": 2158992000,
      "rd": null,
      "sga": null,
      "fcf": -205206000,
      "ocf": 137951000,
      "capex": -343157000,
      "gross_margin": 0.1700158962343032,
      "op_margin": 0.09947159917654816,
      "fcf_margin": -0.0788876095869478
    },
    {
      "date": "2021-03-31T00:00:00",
      "quarter_label": "2021-03 (Q1)",
      "revenue": 3544597000,
      "gross_profit": 800266000,
      "operating_income": 594199000,
      "net_income": null,
      "opex": 206067000,
      "cogs": 2744331000,
      "rd": null,
      "sga": null,
      "fcf": -47672000,
      "ocf": 262191000,
      "capex": -309863000,
      "gross_margin": 0.22577065883653347,
      "op_margin": 0.1676351359548067,
      "fcf_margin": -0.013449201700503611,
      "op_leverage_ratio": 2.949304366159694,
      "fcf_margin_change": 0.06543840788644419
    },
    {
      "date": "2021-06-30T00:00:00",
      "quarter_label": "2021-06 (Q2)",
      "revenue": 4465308000,
      "gross_profit": 1199692000,
      "operating_income": 955735000,
      "net_income": null,
      "opex": 243957000,
      "cogs": 3265616000,
      "rd": null,
      "sga": null,
      "fcf": 310024000,
      "ocf": 587230000,
      "capex": -277206000,
      "gross_margin": 0.2686694848373281,
      "op_margin": 0.21403562755357525,
      "fcf_margin": 0.06942947720515584,
      "op_leverage_ratio": 1.4126686568476516,
      "fcf_margin_change": 0.08287867890565945
    },
    {
      "date": "2021-09-30T00:00:00",
      "quarter_label": "2021-09 (Q3)",
      "revenue": 5088288000,
      "gross_profit": 1600629000,
      "operating_income": 1322045000,
      "net_income": null,
      "opex": 278584000,
      "cogs": 3487659000,
      "rd": null,
      "sga": null,
      "fcf": 416187000,
      "ocf": 630816000,
      "capex": -214629000,
      "gross_margin": 0.3145712271003528,
      "op_margin": 0.25982118150544936,
      "fcf_margin": 0.08179312963417165,
      "op_leverage_ratio": 0.9829266298158191,
      "fcf_margin_change": 0.012363652429015812
    },
    {
      "date": "2021-12-31T00:00:00",
      "quarter_label": "2021-12 (Q4)",
      "revenue": 5310657000,
      "gross_profit": 1761837000,
      "operating_income": 1429126000,
      "net_income": null,
      "opex": 332711000,
      "cogs": 3548820000,
      "rd": null,
      "sga": null,
      "fcf": 519358000,
      "ocf": 723899000,
      "capex": -204541000,
      "gross_margin": 0.3317549975455014,
      "op_margin": 0.2691053103222445,
      "fcf_margin": 0.09779543284380822,
      "incr_op_margin_yoy": 0.431966788365889,
      "rev_growth_yoy": 1.0415827805531581,
      "op_leverage_ratio": 0.2249286472350783,
      "fcf_margin_change": 0.016002303209636567
    },
    {
      "date": "2022-03-31T00:00:00",
      "quarter_label": "2022-03 (Q1)",
      "revenue": 5569902000,
      "gross_profit": 1782513000,
      "operating_income": 1494867000,
      "net_income": null,
      "opex": 287646000,
      "cogs": 3787389000,
      "rd": null,
      "sga": null,
      "fcf": 659638000,
      "ocf": 818968000,
      "capex": -159330000,
      "gross_margin": 0.32002591787072737,
      "op_margin": 0.2683829984800451,
      "fcf_margin": 0.11842901365230483,
      "incr_op_margin_yoy": 0.444707340375894,
      "rev_growth_yoy": 0.5713780720347053,
      "rev_growth_yoy_accel": -0.47020470851845286,
      "op_leverage_ratio": Infinity,
      "fcf_margin_change": 0.020633580808496615
    },
    {
      "date": "2022-06-30T00:00:00",
      "quarter_label": "2022-06 (Q2)",
      "revenue": 6212878000,
      "gross_profit": 1883342000,
      "operating_income": 1618063000,
      "net_income": 1209554000,
      "opex": 265279000,
      "cogs": 4329536000,
      "rd": null,
      "sga": null,
      "fcf": 837710000,
      "ocf": 1001852000,
      "capex": -164142000,
      "gross_margin": 0.30313519756866303,
      "op_margin": 0.2604369504760918,
      "fcf_margin": 0.13483445192389099,
      "incr_op_margin_yoy": 0.3789994106101615,
      "rev_growth_yoy": 0.39136606030311905,
      "rev_growth_yoy_accel": -0.1800120117315862,
      "op_leverage_ratio": Infinity,
      "fcf_margin_change": 0.01640543827158615
    },
    {
      "date": "2022-09-30T00:00:00",
      "quarter_label": "2022-09 (Q3)",
      "revenue": 5651707000,
      "gross_profit": 1464429000,
      "operating_income": 1219844000,
      "net_income": 914325000,
      "opex": 244585000,
      "cogs": 4187278000,
      "rd": null,
      "sga": null,
      "fcf": 1254926000,
      "ocf": 1496155000,
      "capex": -241229000,
      "gross_margin": 0.25911268931669673,
      "op_margin": 0.2158363835917184,
      "fcf_margin": 0.22204371174938828,
      "incr_op_margin_yoy": -0.18139430867613623,
      "rev_growth_yoy": 0.11072859869567131,
      "rev_growth_yoy_accel": -0.28063746160744774,
      "fcf_margin_change": 0.08720925982549729
    },
    {
      "date": "2022-12-31T00:00:00",
      "quarter_label": "2022-12 (Q4)",
      "revenue": 4826287000,
      "gross_profit": 987547000,
      "operating_income": 759048000,
      "net_income": 634864000,
      "opex": 228499000,
      "cogs": 3838740000,
      "rd": null,
      "sga": null,
      "fcf": 799227000,
      "ocf": 1143428000,
      "capex": -344201000,
      "gross_margin": 0.20461837433206936,
      "op_margin": 0.1572736971506253,
      "fcf_margin": 0.1655987304526233,
      "incr_op_margin_yoy": 1.3834011189792927,
      "rev_growth_yoy": -0.09120717078884967,
      "rev_growth_yoy_accel": -0.20193576948452097,
      "fcf_margin_change": -0.05644498129676498
    },
    {
      "date": "2023-03-31T00:00:00",
      "quarter_label": "2023-03 (Q1)",
      "revenue": 4893206000,
      "gross_profit": 1056122000,
      "operating_income": 835360000,
      "net_income": 637310000,
      "opex": 220762000,
      "cogs": 3837084000,
      "rd": null,
      "sga": 144309000,
      "fcf": 507464000,
      "ocf": 733783000,
      "capex": -226319000,
      "gross_margin": 0.2158343629922795,
      "op_margin": 0.1707183388559566,
      "fcf_margin": 0.10370787577714898,
      "incr_op_margin_yoy": 0.9745986380885951,
      "rev_growth_yoy": -0.12149154509361206,
      "rev_growth_yoy_accel": -0.030284374304762385,
      "op_leverage_ratio": Infinity,
      "fcf_margin_change": -0.061890854675474324
    },
    {
      "date": "2023-06-30T00:00:00",
      "quarter_label": "2023-06 (Q2)",
      "revenue": 5081630000,
      "gross_profit": 1306858000,
      "operating_income": 1063735000,
      "net_income": 812107000,
      "opex": 243123000,
      "cogs": 3774772000,
      "rd": null,
      "sga": 141209000,
      "fcf": 449526000,
      "ocf": 807806000,
      "capex": -358280000,
      "gross_margin": 0.2571729937047758,
      "op_margin": 0.20932948679852725,
      "fcf_margin": 0.08846098594348664,
      "incr_op_margin_yoy": 0.4900145679815566,
      "rev_growth_yoy": -0.18208115465972452,
      "rev_growth_yoy_accel": -0.060589609566112465,
      "op_leverage_ratio": 0.3801682273539871,
      "fcf_margin_change": -0.015246889833662333
    },
    {
      "date": "2023-09-30T00:00:00",
      "quarter_label": "2023-09 (Q3)",
      "revenue": 4587057000,
      "gross_profit": 952019000,
      "operating_income": 733550000,
      "net_income": 577195000,
      "opex": 218469000,
      "cogs": 3635038000,
      "rd": null,
      "sga": 145896000,
      "fcf": 555338000,
      "ocf": 1113699000,
      "capex": -558361000,
      "gross_margin": 0.20754461956762255,
      "op_margin": 0.15991735005691013,
      "fcf_margin": 0.12106629588426741,
      "incr_op_margin_yoy": 0.4567641948058047,
      "rev_growth_yoy": -0.188376715211882,
      "rev_growth_yoy_accel": -0.006295560552157492,
      "fcf_margin_change": 0.03260530994078077
    },
    {
      "date": "2023-12-31T00:00:00",
      "quarter_label": "2023-12 (Q4)",
      "revenue": 4233423000,
      "gross_profit": 730884000,
      "operating_income": 518536000,
      "net_income": 424270000,
      "opex": 212348000,
      "cogs": 3502539000,
      "rd": null,
      "sga": 157207000,
      "fcf": 349695000,
      "ocf": 864640000,
      "capex": -514945000,
      "gross_margin": 0.17264610694466392,
      "op_margin": 0.12248622450437861,
      "fcf_margin": 0.08260336847983299,
      "incr_op_margin_yoy": 0.4056781993846818,
      "rev_growth_yoy": -0.12284060189541153,
      "rev_growth_yoy_accel": 0.06553611331647048,
      "fcf_margin_change": -0.038462927404434424
    },
    {
      "date": "2024-03-31T00:00:00",
      "quarter_label": "2024-03 (Q1)",
      "revenue": 4694003000,
      "gross_profit": 980798000,
      "operating_income": 750975000,
      "net_income": 584041000,
      "opex": 229823000,
      "cogs": 3713205000,
      "rd": null,
      "sga": 159507000,
      "fcf": -19093000,
      "ocf": 355217000,
      "capex": -374310000,
      "gross_margin": 0.20894703305472961,
      "op_margin": 0.15998605028586474,
      "fcf_margin": -0.004067530421263046,
      "incr_op_margin_yoy": 0.4236130981963123,
      "rev_growth_yoy": -0.04071011929601983,
      "rev_growth_yoy_accel": 0.08213048259939171,
      "op_leverage_ratio": 1.3220394079740552,
      "fcf_margin_change": -0.08667089890109604
    },
    {
      "date": "2024-06-30T00:00:00",
      "quarter_label": "2024-06 (Q2)",
      "revenue": 4632634000,
      "gross_profit": 774837000,
      "operating_income": 559123000,
      "net_income": 427998000,
      "opex": 215714000,
      "cogs": 3857797000,
      "rd": null,
      "sga": 160016000,
      "fcf": -36605000,
      "ocf": 382561000,
      "capex": -419166000,
      "gross_margin": 0.167256252058764,
      "op_margin": 0.12069224549144181,
      "fcf_margin": -0.007901552335021501,
      "incr_op_margin_yoy": 1.1238674732068883,
      "rev_growth_yoy": -0.08835668870027924,
      "rev_growth_yoy_accel": -0.04764656940425941,
      "fcf_margin_change": -0.003834021913758455
    },
    {
      "date": "2024-09-30T00:00:00",
      "quarter_label": "2024-09 (Q3)",
      "revenue": 4341615000,
      "gross_profit": 605217000,
      "operating_income": 395437000,
      "net_income": 317802000,
      "opex": 209780000,
      "cogs": 3736398000,
      "rd": null,
      "sga": 167692000,
      "fcf": 138498000,
      "ocf": 759853000,
      "capex": -621355000,
      "gross_margin": 0.13939904851075002,
      "op_margin": 0.09108062322430709,
      "fcf_margin": 0.031900110903431096,
      "incr_op_margin_yoy": 1.377567816429136,
      "rev_growth_yoy": -0.053507510371028744,
      "rev_growth_yoy_accel": 0.034849178329250496,
      "fcf_margin_change": 0.0398016632384526
    },
    {
      "date": "2024-12-31T00:00:00",
      "quarter_label": "2024-12 (Q4)",
      "revenue": 3872138000,
      "gross_profit": 441734000,
      "operating_income": 237502000,
      "net_income": 207293000,
      "opex": 204232000,
      "cogs": 3430404000,
      "rd": null,
      "sga": 176904000,
      "fcf": -106303000,
      "ocf": 346872000,
      "capex": -453175000,
      "gross_margin": 0.11408012834253324,
      "op_margin": 0.06133614039582267,
      "fcf_margin": -0.02745330874054592,
      "incr_op_margin_yoy": 0.7778734240281219,
      "rev_growth_yoy": -0.08534110576712982,
      "rev_growth_yoy_accel": -0.031833595396101075,
      "fcf_margin_change": -0.059353419643977015
    },
    {
      "date": "2025-03-31T00:00:00",
      "quarter_label": "2025-03 (Q1)",
      "revenue": 4369195000,
      "gross_profit": 486544000,
      "operating_income": 275144000,
      "net_income": 217151000,
      "opex": 211400000,
      "cogs": 3882651000,
      "rd": null,
      "sga": 181808000,
      "fcf": -152903000,
      "ocf": 152603000,
      "capex": -305506000,
      "gross_margin": 0.11135781305251882,
      "op_margin": 0.06297361413258049,
      "fcf_margin": -0.03499569142599495,
      "incr_op_margin_yoy": 1.464960838402995,
      "rev_growth_yoy": -0.06919637673857473,
      "rev_growth_yoy_accel": 0.016144729028555085,
      "op_leverage_ratio": 3.657473272436959,
      "fcf_margin_change": -0.007542382685449031
    },
    {
      "date": "2025-06-30T00:00:00",
      "quarter_label": "2025-06 (Q2)",
      "revenue": 4565123000,
      "gross_profit": 618468000,
      "operating_income": 382855000,
      "net_income": 298726000,
      "opex": 235613000,
      "cogs": 3946655000,
      "rd": null,
      "sga": 198010000,
      "fcf": 13280000,
      "ocf": 301611000,
      "capex": -288331000,
      "gross_margin": 0.1354767440001069,
      "op_margin": 0.08386521020353668,
      "fcf_margin": 0.0029090125282495126,
      "incr_op_margin_yoy": 2.6109522892565655,
      "rev_growth_yoy": -0.014572918991657878,
      "rev_growth_yoy_accel": 0.054623457746916855,
      "op_leverage_ratio": 0.3915177518682393,
      "fcf_margin_change": 0.03790470395424446
    },
    {
      "date": "2025-09-30T00:00:00",
      "quarter_label": "2025-09 (Q3)",
      "revenue": 4828215000,
      "gross_profit": 757880000,
      "operating_income": 507757000,
      "net_income": 403685000,
      "opex": 250123000,
      "cogs": 4070335000,
      "rd": null,
      "sga": 200844000,
      "fcf": 556916000,
      "ocf": 722608000,
      "capex": -165692000,
      "gross_margin": 0.15696898336134577,
      "op_margin": 0.10516453803320688,
      "fcf_margin": 0.11534614759284746,
      "incr_op_margin_yoy": 0.230826140567201,
      "rev_growth_yoy": 0.1120781091828732,
      "rev_growth_yoy_accel": 0.12665102817453108,
      "op_leverage_ratio": 0.9358085216820986,
      "fcf_margin_change": 0.11243713506459795
    }
  ],
  "signals": [
    {
      "quarter": "2025-09 (Q3)",
      "signal": "FCF MARGIN EXPANSION",
      "detail": "FCF margin: +0.3% -> +11.5% (+11.2%)",
      "severity": "MEDIUM"
    },
    {
      "quarter": "2025-09 (Q3)",
      "signal": "YoY REVENUE GROWTH ACCELERATION",
      "detail": "YoY growth: +11.2% vs prior quarter YoY: -1.5% (accel: +12.7%)",
      "severity": "MEDIUM"
    },
    {
      "quarter": "2025-09 (Q3)",
      "signal": "INCREMENTAL MARGIN (YoY)",
      "detail": "YoY Incr OPM: +23.1% vs year-ago OPM: +9.1%",
      "severity": "MEDIUM"
    },
    {
      "quarter": "2025-06 (Q2)",
      "signal": "FCF TURNED POSITIVE",
      "detail": "FCF margin: -3.5% -> +0.3%",
      "severity": "HIGH"
    },
    {
      "quarter": "2025-06 (Q2)",
      "signal": "GROSS MARGIN INFLECTION",
      "detail": "GM: +11.4% -> +11.1% -> +13.5% (reversal +2.4%)",
      "severity": "MEDIUM"
    },
    {
      "quarter": "2025-06 (Q2)",
      "signal": "YoY REVENUE GROWTH ACCELERATION",
      "detail": "YoY growth: -1.5% vs prior quarter YoY: -6.9% (accel: +5.5%)",
      "severity": "MEDIUM"
    },
    {
      "quarter": "2025-06 (Q2)",
      "signal": "INCREMENTAL MARGIN (YoY)",
      "detail": "YoY Incr OPM: +261.1% vs year-ago OPM: +12.1%",
      "severity": "HIGH"
    },
    {
      "quarter": "2025-03 (Q1)",
      "signal": "OPERATING LEVERAGE",
      "detail": "Rev growth +12.8% vs OpEx growth +3.5% (leverage: 3.7x)",
      "severity": "MEDIUM"
    },
    {
      "quarter": "2025-03 (Q1)",
      "signal": "INCREMENTAL MARGIN (YoY)",
      "detail": "YoY Incr OPM: +146.5% vs year-ago OPM: +16.0%",
      "severity": "HIGH"
    },
    {
      "quarter": "2024-12 (Q4)",
      "signal": "INCREMENTAL MARGIN (YoY)",
      "detail": "YoY Incr OPM: +77.8% vs year-ago OPM: +12.2%",
      "severity": "HIGH"
    },
    {
      "quarter": "2024-09 (Q3)",
      "signal": "FCF TURNED POSITIVE",
      "detail": "FCF margin: -0.8% -> +3.2%",
      "severity": "HIGH"
    },
    {
      "quarter": "2024-09 (Q3)",
      "signal": "INCREMENTAL MARGIN (YoY)",
      "detail": "YoY Incr OPM: +137.8% vs year-ago OPM: +16.0%",
      "severity": "HIGH"
    },
    {
      "quarter": "2024-06 (Q2)",
      "signal": "INCREMENTAL MARGIN (YoY)",
      "detail": "YoY Incr OPM: +112.4% vs year-ago OPM: +20.9%",
      "severity": "HIGH"
    },
    {
      "quarter": "2024-03 (Q1)",
      "signal": "GROSS MARGIN INFLECTION",
      "detail": "GM: +20.8% -> +17.3% -> +20.9% (reversal +3.6%)",
      "severity": "MEDIUM"
    },
    {
      "quarter": "2024-03 (Q1)",
      "signal": "YoY REVENUE GROWTH ACCELERATION",
      "detail": "YoY growth: -4.1% vs prior quarter YoY: -12.3% (accel: +8.2%)",
      "severity": "MEDIUM"
    },
    {
      "quarter": "2024-03 (Q1)",
      "signal": "INCREMENTAL MARGIN (YoY)",
      "detail": "YoY Incr OPM: +42.4% vs year-ago OPM: +17.1%",
      "severity": "HIGH"
    },
    {
      "quarter": "2023-12 (Q4)",
      "signal": "YoY REVENUE GROWTH ACCELERATION",
      "detail": "YoY growth: -12.3% vs prior quarter YoY: -18.8% (accel: +6.6%)",
      "severity": "MEDIUM"
    },
    {
      "quarter": "2023-12 (Q4)",
      "signal": "INCREMENTAL MARGIN (YoY)",
      "detail": "YoY Incr OPM: +40.6% vs year-ago OPM: +15.7%",
      "severity": "HIGH"
    },
    {
      "quarter": "2023-09 (Q3)",
      "signal": "INCREMENTAL MARGIN (YoY)",
      "detail": "YoY Incr OPM: +45.7% vs year-ago OPM: +21.6%",
      "severity": "HIGH"
    },
    {
      "quarter": "2023-06 (Q2)",
      "signal": "YoY REVENUE GROWTH DECELERATION",
      "detail": "YoY growth: -18.2% vs prior quarter YoY: -12.1% (decel: -6.1%)",
      "severity": "WARNING"
    },
    {
      "quarter": "2023-06 (Q2)",
      "signal": "INCREMENTAL MARGIN (YoY)",
      "detail": "YoY Incr OPM: +49.0% vs year-ago OPM: +26.0%",
      "severity": "HIGH"
    },
    {
      "quarter": "2023-03 (Q1)",
      "signal": "INCREMENTAL MARGIN (YoY)",
      "detail": "YoY Incr OPM: +97.5% vs year-ago OPM: +26.8%",
      "severity": "HIGH"
    },
    {
      "quarter": "2022-12 (Q4)",
      "signal": "YoY REVENUE GROWTH DECELERATION",
      "detail": "YoY growth: -9.1% vs prior quarter YoY: +11.1% (decel: -20.2%)",
      "severity": "WARNING"
    },
    {
      "quarter": "2022-12 (Q4)",
      "signal": "INCREMENTAL MARGIN (YoY)",
      "detail": "YoY Incr OPM: +138.3% vs year-ago OPM: +26.9%",
      "severity": "HIGH"
    },
    {
      "quarter": "2022-09 (Q3)",
      "signal": "FCF MARGIN EXPANSION",
      "detail": "FCF margin: +13.5% -> +22.2% (+8.7%)",
      "severity": "MEDIUM"
    },
    {
      "quarter": "2022-09 (Q3)",
      "signal": "YoY REVENUE GROWTH DECELERATION",
      "detail": "YoY growth: +11.1% vs prior quarter YoY: +39.1% (decel: -28.1%)",
      "severity": "WARNING"
    },
    {
      "quarter": "2022-06 (Q2)",
      "signal": "YoY REVENUE GROWTH DECELERATION",
      "detail": "YoY growth: +39.1% vs prior quarter YoY: +57.1% (decel: -18.0%)",
      "severity": "WARNING"
    },
    {
      "quarter": "2022-06 (Q2)",
      "signal": "INCREMENTAL MARGIN (YoY)",
      "detail": "YoY Incr OPM: +37.9% vs year-ago OPM: +21.4%",
      "severity": "MEDIUM"
    },
    {
      "quarter": "2022-03 (Q1)",
      "signal": "YoY REVENUE GROWTH DECELERATION",
      "detail": "YoY growth: +57.1% vs prior quarter YoY: +104.2% (decel: -47.0%)",
      "severity": "WARNING"
    },
    {
      "quarter": "2022-03 (Q1)",
      "signal": "INCREMENTAL MARGIN (YoY)",
      "detail": "YoY Incr OPM: +44.5% vs year-ago OPM: +16.8%",
      "severity": "HIGH"
    },
    {
      "quarter": "2021-12 (Q4)",
      "signal": "INCREMENTAL MARGIN (YoY)",
      "detail": "YoY Incr OPM: +43.2% vs year-ago OPM: +9.9%",
      "severity": "HIGH"
    },
    {
      "quarter": "2021-06 (Q2)",
      "signal": "FCF TURNED POSITIVE",
      "detail": "FCF margin: -1.3% -> +6.9%",
      "severity": "HIGH"
    },
    {
      "quarter": "2021-03 (Q1)",
      "signal": "FCF MARGIN EXPANSION",
      "detail": "FCF margin: -7.9% -> -1.3% (+6.5%)",
      "severity": "MEDIUM"
    },
    {
      "quarter": "2021-03 (Q1)",
      "signal": "OPERATING LEVERAGE",
      "detail": "Rev growth +36.3% vs OpEx growth +12.3% (leverage: 2.9x)",
      "severity": "MEDIUM"
    }
  ],
  "data_quality": {
    "n_quarters": 20,
    "coverage": {
      "revenue": [
        20,
        20
      ],
      "gross_profit": [
        20,
        20
      ],
      "op_income": [
        20,
        20
      ],
      "fcf": [
        20,
        20
      ]
    },
    "gaps": [],
    "warnings": []
  },
  "market_cap": null,
  "source": "SEC EDGAR",
  "last_updated": "2026-02-02T20:12:21.437429"
}