{
  "ticker": "STRC",
  "name": "STRATEGY INC",
  "quarters": [
    {
      "date": "2020-12-31T00:00:00",
      "quarter_label": "2020-12 (Q4)",
      "revenue": 131319000,
      "gross_profit": 110534000,
      "operating_income": 390000,
      "net_income": 2661000,
      "opex": 110144000,
      "cogs": 20785000,
      "rd": 24955000,
      "sga": null,
      "fcf": 22833000,
      "ocf": 25322000,
      "capex": -2489000,
      "gross_margin": 0.8417213046093863,
      "op_margin": 0.002969867269778174,
      "fcf_margin": 0.17387430607908985
    },
    {
      "date": "2021-03-31T00:00:00",
      "quarter_label": "2021-03 (Q1)",
      "revenue": 122902000,
      "gross_profit": 100353000,
      "operating_income": -183152000,
      "net_income": -110020000,
      "opex": 283505000,
      "cogs": 22549000,
      "rd": 29483000,
      "sga": null,
      "fcf": 62256000,
      "ocf": 62703000,
      "capex": -447000,
      "gross_margin": 0.8165286162959106,
      "op_margin": -1.4902279865258499,
      "fcf_margin": 0.5065499340938309,
      "fcf_margin_change": 0.33267562801474104
    },
    {
      "date": "2021-06-30T00:00:00",
      "quarter_label": "2021-06 (Q2)",
      "revenue": 125351000,
      "gross_profit": 102313000,
      "operating_income": -414247000,
      "net_income": -299347000,
      "opex": 516560000,
      "cogs": 23038000,
      "rd": 28548000,
      "sga": null,
      "fcf": 13077000,
      "ocf": 13972000,
      "capex": -895000,
      "gross_margin": 0.8162120764892182,
      "op_margin": -3.3046964124737737,
      "fcf_margin": 0.10432306084514682,
      "op_leverage_ratio": 0.024239973054903313,
      "fcf_margin_change": -0.40222687324868406
    },
    {
      "date": "2021-09-30T00:00:00",
      "quarter_label": "2021-09 (Q3)",
      "revenue": 127994000,
      "gross_profit": 105675000,
      "operating_income": -49661000,
      "net_income": -36136000,
      "opex": 155336000,
      "cogs": 22319000,
      "rd": 28211000,
      "sga": null,
      "fcf": 13371000,
      "ocf": 13911000,
      "capex": -540000,
      "gross_margin": 0.825624638654937,
      "op_margin": -0.3879947497538947,
      "fcf_margin": 0.1044658343359845,
      "op_leverage_ratio": Infinity,
      "fcf_margin_change": 0.00014277349083767488
    },
    {
      "date": "2021-12-31T00:00:00",
      "quarter_label": "2021-12 (Q4)",
      "revenue": 134515000,
      "gross_profit": 110512000,
      "operating_income": -137467000,
      "net_income": -89977000,
      "opex": 247979000,
      "cogs": 24003000,
      "rd": 30875000,
      "sga": null,
      "fcf": 2423000,
      "ocf": 3247000,
      "capex": -824000,
      "gross_margin": 0.8215589339478868,
      "op_margin": -1.0219455079359179,
      "fcf_margin": 0.01801286101921719,
      "incr_op_margin_yoy": -43.13423028785982,
      "rev_growth_yoy": 0.02433768152361806,
      "op_leverage_ratio": 0.08542482466904128,
      "fcf_margin_change": -0.08645297331676731
    },
    {
      "date": "2022-03-31T00:00:00",
      "quarter_label": "2022-03 (Q1)",
      "revenue": 119277000,
      "gross_profit": 93600000,
      "operating_income": -169960000,
      "net_income": -130751000,
      "opex": 263560000,
      "cogs": 25677000,
      "rd": 33523000,
      "sga": null,
      "fcf": 43041000,
      "ocf": 43682000,
      "capex": -641000,
      "gross_margin": 0.784727986116351,
      "op_margin": -1.4249184670975963,
      "fcf_margin": 0.3608491159234387,
      "incr_op_margin_yoy": -3.6391724137931036,
      "rev_growth_yoy": -0.029495044832468145,
      "rev_growth_yoy_accel": -0.0538327263560862,
      "fcf_margin_change": 0.34283625490422154
    },
    {
      "date": "2022-06-30T00:00:00",
      "quarter_label": "2022-06 (Q2)",
      "revenue": 122073000,
      "gross_profit": 96869000,
      "operating_income": -918123000,
      "net_income": -1062298000,
      "opex": 1014992000,
      "cogs": 25204000,
      "rd": 31790000,
      "sga": null,
      "fcf": -21697000,
      "ocf": -20819000,
      "capex": -878000,
      "gross_margin": 0.7935333775691594,
      "op_margin": -7.521098031505739,
      "fcf_margin": -0.17773791092215313,
      "incr_op_margin_yoy": 153.71446003660768,
      "rev_growth_yoy": -0.026150569201681677,
      "rev_growth_yoy_accel": 0.0033444756307864677,
      "op_leverage_ratio": 0.00822186369915867,
      "fcf_margin_change": -0.5385870268455919
    },
    {
      "date": "2022-09-30T00:00:00",
      "quarter_label": "2022-09 (Q3)",
      "revenue": 125360000,
      "gross_profit": 99975000,
      "operating_income": 6058000,
      "net_income": -27079000,
      "opex": 93917000,
      "cogs": 25385000,
      "rd": 30498000,
      "sga": null,
      "fcf": -1786000,
      "ocf": -1454000,
      "capex": -332000,
      "gross_margin": 0.7975031908104658,
      "op_margin": 0.04832482450542438,
      "fcf_margin": -0.014246968730057435,
      "incr_op_margin_yoy": -21.15375854214123,
      "rev_growth_yoy": -0.0205790896448271,
      "rev_growth_yoy_accel": 0.005571479556854577,
      "op_leverage_ratio": Infinity,
      "fcf_margin_change": 0.1634909421920957
    },
    {
      "date": "2022-12-31T00:00:00",
      "quarter_label": "2022-12 (Q4)",
      "revenue": 132554000,
      "gross_profit": 105831000,
      "operating_income": -193717000,
      "net_income": -249669000,
      "opex": 299548000,
      "cogs": 26723000,
      "rd": 31617000,
      "sga": null,
      "fcf": -18833000,
      "ocf": -18198000,
      "capex": -635000,
      "gross_margin": 0.7983991429907811,
      "op_margin": -1.4614194969597296,
      "fcf_margin": -0.14207794559198517,
      "incr_op_margin_yoy": 28.68434472208057,
      "rev_growth_yoy": -0.014578299817864179,
      "rev_growth_yoy_accel": 0.006000789826962921,
      "op_leverage_ratio": 0.026210003196008715,
      "fcf_margin_change": -0.12783097686192774
    },
    {
      "date": "2023-03-31T00:00:00",
      "quarter_label": "2023-03 (Q1)",
      "revenue": 121915000,
      "gross_profit": 93974000,
      "operating_income": -20307000,
      "net_income": 461193000,
      "opex": 114281000,
      "cogs": 27941000,
      "rd": 31358000,
      "sga": null,
      "fcf": 36898000,
      "ocf": 37397000,
      "capex": -499000,
      "gross_margin": 0.7708157322724849,
      "op_margin": -0.16656687036049705,
      "fcf_margin": 0.30265348808596154,
      "incr_op_margin_yoy": 56.729719484457924,
      "rev_growth_yoy": 0.022116585762552713,
      "rev_growth_yoy_accel": 0.03669488558041689,
      "fcf_margin_change": 0.4447314336779467
    },
    {
      "date": "2023-06-30T00:00:00",
      "quarter_label": "2023-06 (Q2)",
      "revenue": 120400000,
      "gross_profit": 93279000,
      "operating_income": -26708000,
      "net_income": 22243000,
      "opex": 119987000,
      "cogs": 27121000,
      "rd": 29354000,
      "sga": null,
      "fcf": -19111000,
      "ocf": -18472000,
      "capex": -639000,
      "gross_margin": 0.7747425249169435,
      "op_margin": -0.22182724252491695,
      "fcf_margin": -0.15872923588039867,
      "incr_op_margin_yoy": -532.8242677824268,
      "rev_growth_yoy": -0.013704914272607375,
      "rev_growth_yoy_accel": -0.03582150003516009,
      "fcf_margin_change": -0.4613827239663602
    },
    {
      "date": "2023-09-30T00:00:00",
      "quarter_label": "2023-09 (Q3)",
      "revenue": 129462000,
      "gross_profit": 102801000,
      "operating_income": -25247000,
      "net_income": -143441000,
      "opex": 128048000,
      "cogs": 26661000,
      "rd": 29660000,
      "sga": null,
      "fcf": -8850000,
      "ocf": -7397000,
      "capex": -1453000,
      "gross_margin": 0.7940631227696158,
      "op_margin": -0.19501475336392146,
      "fcf_margin": -0.06835982759419752,
      "incr_op_margin_yoy": -7.631643100926377,
      "rev_growth_yoy": 0.032721761327377155,
      "rev_growth_yoy_accel": 0.04642667559998453,
      "op_leverage_ratio": 1.1203219492070635,
      "fcf_margin_change": 0.09036940828620114
    },
    {
      "date": "2023-12-31T00:00:00",
      "quarter_label": "2023-12 (Q4)",
      "revenue": 124484000,
      "gross_profit": 96263000,
      "operating_income": -42785000,
      "net_income": 89126000,
      "opex": 139048000,
      "cogs": 28221000,
      "rd": 30158000,
      "sga": null,
      "fcf": 837000,
      "ocf": 1184000,
      "capex": -347000,
      "gross_margin": 0.7732961665756242,
      "op_margin": -0.34369878859933806,
      "fcf_margin": 0.0067237556633784265,
      "incr_op_margin_yoy": -18.702850061957868,
      "rev_growth_yoy": -0.06088084855983222,
      "rev_growth_yoy_accel": -0.09360260988720936,
      "fcf_margin_change": 0.07508358325757594
    },
    {
      "date": "2024-03-31T00:00:00",
      "quarter_label": "2024-03 (Q1)",
      "revenue": 115246000,
      "gross_profit": 85231000,
      "operating_income": -203702000,
      "net_income": -53118000,
      "opex": 288933000,
      "cogs": 30015000,
      "rd": 29183000,
      "sga": null,
      "fcf": 27042000,
      "ocf": 28587000,
      "capex": -1545000,
      "gross_margin": 0.7395571212883745,
      "op_margin": -1.7675407389410478,
      "fcf_margin": 0.23464588792669594,
      "incr_op_margin_yoy": 27.499625131204077,
      "rev_growth_yoy": -0.054702046507812824,
      "rev_growth_yoy_accel": 0.006178802052019393,
      "fcf_margin_change": 0.2279221322633175
    },
    {
      "date": "2024-06-30T00:00:00",
      "quarter_label": "2024-06 (Q2)",
      "revenue": 111442000,
      "gross_profit": 80507000,
      "operating_income": -200274000,
      "net_income": -102559000,
      "opex": 280781000,
      "cogs": 30935000,
      "rd": 30311000,
      "sga": null,
      "fcf": -24052000,
      "ocf": -23329000,
      "capex": -723000,
      "gross_margin": 0.7224116580822311,
      "op_margin": -1.7971141939304751,
      "fcf_margin": -0.21582527233897453,
      "incr_op_margin_yoy": 19.375530252288456,
      "rev_growth_yoy": -0.07440199335548173,
      "rev_growth_yoy_accel": -0.019699946847668903,
      "fcf_margin_change": -0.45047116026567047
    },
    {
      "date": "2024-09-30T00:00:00",
      "quarter_label": "2024-09 (Q3)",
      "revenue": 116071000,
      "gross_profit": 81722000,
      "operating_income": -432582000,
      "net_income": -340174000,
      "opex": 514304000,
      "cogs": 34349000,
      "rd": 33301000,
      "sga": null,
      "fcf": -41392000,
      "ocf": -40966000,
      "capex": -426000,
      "gross_margin": 0.704069061178072,
      "op_margin": -3.7268740684580988,
      "fcf_margin": -0.35660931671132323,
      "incr_op_margin_yoy": 30.418564707639458,
      "rev_growth_yoy": -0.10343575721061006,
      "rev_growth_yoy_accel": -0.029033763855128333,
      "op_leverage_ratio": 0.04994319689695155,
      "fcf_margin_change": -0.1407840443723487
    },
    {
      "date": "2024-12-31T00:00:00",
      "quarter_label": "2024-12 (Q4)",
      "revenue": 120697000,
      "gross_profit": 86528000,
      "operating_income": -1016420000,
      "net_income": -670810000,
      "opex": 1102948000,
      "cogs": 34169000,
      "rd": 25691000,
      "sga": null,
      "fcf": -17608000,
      "ocf": -17324000,
      "capex": -284000,
      "gross_margin": 0.71690265706687,
      "op_margin": -8.421253220875416,
      "fcf_margin": -0.145885978938996,
      "incr_op_margin_yoy": 257.099287034592,
      "rev_growth_yoy": -0.030421580283409917,
      "rev_growth_yoy_accel": 0.07301417692720014,
      "op_leverage_ratio": 0.03482162889233038,
      "fcf_margin_change": 0.21072333777232724
    },
    {
      "date": "2025-03-31T00:00:00",
      "quarter_label": "2025-03 (Q1)",
      "revenue": 111066000,
      "gross_profit": 77095000,
      "operating_income": -5921412000,
      "net_income": -4217370000,
      "opex": 5998507000,
      "cogs": 33971000,
      "rd": 24423000,
      "sga": null,
      "fcf": -5126000,
      "ocf": -2389000,
      "capex": -2737000,
      "gross_margin": 0.6941368195487367,
      "op_margin": -53.31435362757279,
      "fcf_margin": -0.04615273801163272,
      "incr_op_margin_yoy": 1367.8732057416269,
      "rev_growth_yoy": -0.03627023931416275,
      "rev_growth_yoy_accel": -0.00584865903075283,
      "fcf_margin_change": 0.09973324092736327
    },
    {
      "date": "2025-06-30T00:00:00",
      "quarter_label": "2025-06 (Q2)",
      "revenue": 114488000,
      "gross_profit": 78738000,
      "operating_income": 14031990000,
      "net_income": 10020846000,
      "opex": -13953252000,
      "cogs": 35750000,
      "rd": 24071000,
      "sga": null,
      "fcf": -37007000,
      "ocf": -34913000,
      "capex": -2094000,
      "gross_margin": 0.6877401998462721,
      "op_margin": 122.56297603242261,
      "fcf_margin": -0.3232391167633289,
      "incr_op_margin_yoy": 4672.4438608010505,
      "rev_growth_yoy": 0.027332603506756876,
      "rev_growth_yoy_accel": 0.06360284282091963,
      "op_leverage_ratio": Infinity,
      "fcf_margin_change": -0.27708637875169617
    },
    {
      "date": "2025-09-30T00:00:00",
      "quarter_label": "2025-09 (Q3)",
      "revenue": 128691000,
      "gross_profit": 90678000,
      "operating_income": 3890842000,
      "net_income": 2785024000,
      "opex": -3800164000,
      "cogs": 38013000,
      "rd": 22602000,
      "sga": null,
      "fcf": -11107000,
      "ocf": -8310000,
      "capex": -2797000,
      "gross_margin": 0.7046180385574748,
      "op_margin": 30.233986836686327,
      "fcf_margin": -0.0863075117918114,
      "incr_op_margin_yoy": 342.5851030110935,
      "rev_growth_yoy": 0.10872655529805034,
      "rev_growth_yoy_accel": 0.08139395179129347,
      "op_leverage_ratio": Infinity,
      "fcf_margin_change": 0.2369316049715175
    }
  ],
  "signals": [
    {
      "quarter": "2025-09 (Q3)",
      "signal": "FCF MARGIN EXPANSION",
      "detail": "FCF margin: -32.3% -> -8.6% (+23.7%)",
      "severity": "MEDIUM"
    },
    {
      "quarter": "2025-09 (Q3)",
      "signal": "YoY REVENUE GROWTH ACCELERATION",
      "detail": "YoY growth: +10.9% vs prior quarter YoY: +2.7% (accel: +8.1%)",
      "severity": "MEDIUM"
    },
    {
      "quarter": "2025-09 (Q3)",
      "signal": "OP MARGIN TURNED POSITIVE (YoY)",
      "detail": "Op margin: -372.7% (year-ago) -> +3023.4%",
      "severity": "HIGH"
    },
    {
      "quarter": "2025-06 (Q2)",
      "signal": "YoY REVENUE GROWTH ACCELERATION",
      "detail": "YoY growth: +2.7% vs prior quarter YoY: -3.6% (accel: +6.4%)",
      "severity": "MEDIUM"
    },
    {
      "quarter": "2025-06 (Q2)",
      "signal": "OP MARGIN TURNED POSITIVE (YoY)",
      "detail": "Op margin: -179.7% (year-ago) -> +12256.3%",
      "severity": "HIGH"
    },
    {
      "quarter": "2025-06 (Q2)",
      "signal": "OP MARGIN TURNED POSITIVE (QoQ)",
      "detail": "Op margin: -5331.4% -> +12256.3%",
      "severity": "HIGH"
    },
    {
      "quarter": "2025-03 (Q1)",
      "signal": "FCF MARGIN EXPANSION",
      "detail": "FCF margin: -14.6% -> -4.6% (+10.0%)",
      "severity": "MEDIUM"
    },
    {
      "quarter": "2024-12 (Q4)",
      "signal": "FCF MARGIN EXPANSION",
      "detail": "FCF margin: -35.7% -> -14.6% (+21.1%)",
      "severity": "MEDIUM"
    },
    {
      "quarter": "2024-12 (Q4)",
      "signal": "YoY REVENUE GROWTH ACCELERATION",
      "detail": "YoY growth: -3.0% vs prior quarter YoY: -10.3% (accel: +7.3%)",
      "severity": "MEDIUM"
    },
    {
      "quarter": "2024-03 (Q1)",
      "signal": "FCF MARGIN EXPANSION",
      "detail": "FCF margin: +0.7% -> +23.5% (+22.8%)",
      "severity": "MEDIUM"
    },
    {
      "quarter": "2023-12 (Q4)",
      "signal": "FCF TURNED POSITIVE",
      "detail": "FCF margin: -6.8% -> +0.7%",
      "severity": "HIGH"
    },
    {
      "quarter": "2023-12 (Q4)",
      "signal": "YoY REVENUE GROWTH DECELERATION",
      "detail": "YoY growth: -6.1% vs prior quarter YoY: +3.3% (decel: -9.4%)",
      "severity": "WARNING"
    },
    {
      "quarter": "2023-09 (Q3)",
      "signal": "FCF MARGIN EXPANSION",
      "detail": "FCF margin: -15.9% -> -6.8% (+9.0%)",
      "severity": "MEDIUM"
    },
    {
      "quarter": "2023-03 (Q1)",
      "signal": "FCF TURNED POSITIVE",
      "detail": "FCF margin: -14.2% -> +30.3%",
      "severity": "HIGH"
    },
    {
      "quarter": "2022-09 (Q3)",
      "signal": "FCF MARGIN EXPANSION",
      "detail": "FCF margin: -17.8% -> -1.4% (+16.3%)",
      "severity": "MEDIUM"
    },
    {
      "quarter": "2022-09 (Q3)",
      "signal": "OP MARGIN TURNED POSITIVE (YoY)",
      "detail": "Op margin: -38.8% (year-ago) -> +4.8%",
      "severity": "HIGH"
    },
    {
      "quarter": "2022-09 (Q3)",
      "signal": "OP MARGIN TURNED POSITIVE (QoQ)",
      "detail": "Op margin: -752.1% -> +4.8%",
      "severity": "HIGH"
    },
    {
      "quarter": "2022-03 (Q1)",
      "signal": "FCF MARGIN EXPANSION",
      "detail": "FCF margin: +1.8% -> +36.1% (+34.3%)",
      "severity": "MEDIUM"
    },
    {
      "quarter": "2022-03 (Q1)",
      "signal": "YoY REVENUE GROWTH DECELERATION",
      "detail": "YoY growth: -2.9% vs prior quarter YoY: +2.4% (decel: -5.4%)",
      "severity": "WARNING"
    },
    {
      "quarter": "2021-03 (Q1)",
      "signal": "FCF MARGIN EXPANSION",
      "detail": "FCF margin: +17.4% -> +50.7% (+33.3%)",
      "severity": "MEDIUM"
    }
  ],
  "data_quality": {
    "n_quarters": 20,
    "coverage": {
      "revenue": [
        20,
        20
      ],
      "gross_profit": [
        20,
        20
      ],
      "op_income": [
        20,
        20
      ],
      "fcf": [
        20,
        20
      ]
    },
    "gaps": [],
    "warnings": []
  },
  "market_cap": null,
  "source": "SEC EDGAR",
  "last_updated": "2026-02-03T00:59:43.211368"
}