{
  "ticker": "STRL",
  "name": "STERLING INFRASTRUCTURE, INC.",
  "quarters": [
    {
      "date": "2020-12-31T00:00:00",
      "quarter_label": "2020-12 (Q4)",
      "revenue": 347228000,
      "gross_profit": 42967000,
      "operating_income": 20181000,
      "net_income": null,
      "opex": 22786000,
      "cogs": 300619000,
      "rd": null,
      "sga": null,
      "fcf": 19865000,
      "ocf": 30641000,
      "capex": -10776000,
      "gross_margin": 0.12374290091812873,
      "op_margin": 0.05812031287799371,
      "fcf_margin": 0.057210248021472926
    },
    {
      "date": "2021-03-31T00:00:00",
      "quarter_label": "2021-03 (Q1)",
      "revenue": 315316000,
      "gross_profit": 45032000,
      "operating_income": 22755000,
      "net_income": null,
      "opex": 22277000,
      "cogs": 270284000,
      "rd": null,
      "sga": null,
      "fcf": 26881000,
      "ocf": 38090000,
      "capex": -11209000,
      "gross_margin": 0.14281546131499828,
      "op_margin": 0.07216570044019333,
      "fcf_margin": 0.085250986312144,
      "fcf_margin_change": 0.02804073829067108
    },
    {
      "date": "2021-06-30T00:00:00",
      "quarter_label": "2021-06 (Q2)",
      "revenue": 401666000,
      "gross_profit": 56247000,
      "operating_income": 32720000,
      "net_income": null,
      "opex": 23527000,
      "cogs": 345419000,
      "rd": null,
      "sga": null,
      "fcf": 42461000,
      "ocf": 53402000,
      "capex": -10941000,
      "gross_margin": 0.1400342573182694,
      "op_margin": 0.08146071611737114,
      "fcf_margin": 0.10571220865096871,
      "op_leverage_ratio": 4.880485481231526,
      "fcf_margin_change": 0.020461222338824706
    },
    {
      "date": "2021-09-30T00:00:00",
      "quarter_label": "2021-09 (Q3)",
      "revenue": 463449000,
      "gross_profit": 57804000,
      "operating_income": 32031000,
      "net_income": null,
      "opex": 25773000,
      "cogs": 405645000,
      "rd": null,
      "sga": null,
      "fcf": 27085000,
      "ocf": 44250000,
      "capex": -17165000,
      "gross_margin": 0.12472569797323978,
      "op_margin": 0.06911440093731996,
      "fcf_margin": 0.05844224499351601,
      "op_leverage_ratio": 1.6112418058838367,
      "fcf_margin_change": -0.0472699636574527
    },
    {
      "date": "2021-12-31T00:00:00",
      "quarter_label": "2021-12 (Q4)",
      "revenue": 401335000,
      "gross_profit": 52512000,
      "operating_income": 20058000,
      "net_income": null,
      "opex": 32454000,
      "cogs": 345661000,
      "rd": null,
      "sga": null,
      "fcf": 15854000,
      "ocf": 23190000,
      "capex": -7336000,
      "gross_margin": 0.13084331045136854,
      "op_margin": 0.049978197764959445,
      "fcf_margin": 0.03950315820947588,
      "incr_op_margin_yoy": -0.0022732733287744653,
      "rev_growth_yoy": 0.1558255670625641,
      "fcf_margin_change": -0.018939086784040132
    },
    {
      "date": "2022-03-31T00:00:00",
      "quarter_label": "2022-03 (Q1)",
      "revenue": 410320000,
      "gross_profit": 56139000,
      "operating_income": 28269000,
      "net_income": 19252000,
      "opex": 27870000,
      "cogs": 354181000,
      "rd": null,
      "sga": null,
      "fcf": 11599000,
      "ocf": 26568000,
      "capex": -14969000,
      "gross_margin": 0.13681760577110547,
      "op_margin": 0.06889500877364009,
      "fcf_margin": 0.028268180931955548,
      "incr_op_margin_yoy": 0.05803966148793735,
      "rev_growth_yoy": 0.30129774575346635,
      "rev_growth_yoy_accel": 0.14547217869090226,
      "op_leverage_ratio": Infinity,
      "fcf_margin_change": -0.01123497727752033
    },
    {
      "date": "2022-06-30T00:00:00",
      "quarter_label": "2022-06 (Q2)",
      "revenue": 510568000,
      "gross_profit": 68384000,
      "operating_income": 41090000,
      "net_income": 25961000,
      "opex": 27294000,
      "cogs": 442184000,
      "rd": null,
      "sga": null,
      "fcf": 1430000,
      "ocf": 15406000,
      "capex": -13976000,
      "gross_margin": 0.13393710534150202,
      "op_margin": 0.08047899594177466,
      "fcf_margin": 0.00280080224377556,
      "incr_op_margin_yoy": 0.07685809259701383,
      "rev_growth_yoy": 0.2711257612045829,
      "rev_growth_yoy_accel": -0.030171984548883424,
      "op_leverage_ratio": Infinity,
      "fcf_margin_change": -0.025467378688179988
    },
    {
      "date": "2022-09-30T00:00:00",
      "quarter_label": "2022-09 (Q3)",
      "revenue": 556942000,
      "gross_profit": 82023000,
      "operating_income": 47686000,
      "net_income": 29523000,
      "opex": 34337000,
      "cogs": 474919000,
      "rd": null,
      "sga": null,
      "fcf": 77307000,
      "ocf": 96194000,
      "capex": -18887000,
      "gross_margin": 0.14727386334663214,
      "op_margin": 0.08562112392313742,
      "fcf_margin": 0.13880619525911136,
      "incr_op_margin_yoy": 0.16744569112126043,
      "rev_growth_yoy": 0.20173309253013816,
      "rev_growth_yoy_accel": -0.06939266867444477,
      "op_leverage_ratio": 0.35199011292105026,
      "fcf_margin_change": 0.13600539301533582
    },
    {
      "date": "2022-12-31T00:00:00",
      "quarter_label": "2022-12 (Q4)",
      "revenue": 291606000,
      "gross_profit": 68966000,
      "operating_income": 37043000,
      "net_income": 31725000,
      "opex": 31923000,
      "cogs": 223585000,
      "rd": null,
      "sga": null,
      "fcf": 67871000,
      "ocf": 80948000,
      "capex": -13077000,
      "gross_margin": 0.23650404998525407,
      "op_margin": 0.12703099387529748,
      "fcf_margin": 0.23274898321708057,
      "incr_op_margin_yoy": -0.15479043826153524,
      "rev_growth_yoy": -0.2734099941445426,
      "rev_growth_yoy_accel": -0.47514308667468075,
      "fcf_margin_change": 0.0939427879579692
    },
    {
      "date": "2023-03-31T00:00:00",
      "quarter_label": "2023-03 (Q1)",
      "revenue": 403579000,
      "gross_profit": 61742000,
      "operating_income": 32627000,
      "net_income": 19649000,
      "opex": 29115000,
      "cogs": 341837000,
      "rd": null,
      "sga": null,
      "fcf": 34837000,
      "ocf": 49058000,
      "capex": -14221000,
      "gross_margin": 0.15298615636591598,
      "op_margin": 0.08084414699476435,
      "fcf_margin": 0.0863201504538145,
      "incr_op_margin_yoy": -0.6464916184542353,
      "rev_growth_yoy": -0.0164286410606356,
      "rev_growth_yoy_accel": 0.256981353083907,
      "op_leverage_ratio": Infinity,
      "fcf_margin_change": -0.14642883276326607
    },
    {
      "date": "2023-06-30T00:00:00",
      "quarter_label": "2023-06 (Q2)",
      "revenue": 522325000,
      "gross_profit": 92274000,
      "operating_income": 60263000,
      "net_income": 39480000,
      "opex": 32011000,
      "cogs": 430051000,
      "rd": null,
      "sga": null,
      "fcf": 107411000,
      "ocf": 132049000,
      "capex": -24638000,
      "gross_margin": 0.17666012540085196,
      "op_margin": 0.11537452735365912,
      "fcf_margin": 0.20564016656296366,
      "incr_op_margin_yoy": 1.6307731564174535,
      "rev_growth_yoy": 0.023027295090957522,
      "rev_growth_yoy_accel": 0.039455936151593124,
      "op_leverage_ratio": 2.958071493365597,
      "fcf_margin_change": 0.11932001610914916
    },
    {
      "date": "2023-09-30T00:00:00",
      "quarter_label": "2023-09 (Q3)",
      "revenue": 560347000,
      "gross_profit": 91867000,
      "operating_income": 57137000,
      "net_income": 39353000,
      "opex": 34730000,
      "cogs": 468480000,
      "rd": null,
      "sga": null,
      "fcf": 139723000,
      "ocf": 150108000,
      "capex": -10385000,
      "gross_margin": 0.1639466259300041,
      "op_margin": 0.10196717391187961,
      "fcf_margin": 0.24935084867055593,
      "incr_op_margin_yoy": 2.775624082232012,
      "rev_growth_yoy": 0.006113742544106927,
      "rev_growth_yoy_accel": -0.016913552546850594,
      "op_leverage_ratio": 0.8570066233726982,
      "fcf_margin_change": 0.04371068210759227
    },
    {
      "date": "2023-12-31T00:00:00",
      "quarter_label": "2023-12 (Q4)",
      "revenue": 485978000,
      "gross_profit": 91755000,
      "operating_income": 55768000,
      "net_income": 40173000,
      "opex": 35987000,
      "cogs": 394223000,
      "rd": null,
      "sga": null,
      "fcf": 132234000,
      "ocf": 147369000,
      "capex": -15135000,
      "gross_margin": 0.18880484301758516,
      "op_margin": 0.11475416582643659,
      "fcf_margin": 0.2720987369798633,
      "incr_op_margin_yoy": 0.09633589200090548,
      "rev_growth_yoy": 0.6665569295556333,
      "rev_growth_yoy_accel": 0.6604431870115264,
      "fcf_margin_change": 0.02274788830930738
    },
    {
      "date": "2024-03-31T00:00:00",
      "quarter_label": "2024-03 (Q1)",
      "revenue": 440360000,
      "gross_profit": 76904000,
      "operating_income": 42125000,
      "net_income": 31048000,
      "opex": 34779000,
      "cogs": 363456000,
      "rd": null,
      "sga": null,
      "fcf": 27159000,
      "ocf": 49591000,
      "capex": -22432000,
      "gross_margin": 0.17463893178308657,
      "op_margin": 0.0956603687891725,
      "fcf_margin": 0.06167453901353438,
      "incr_op_margin_yoy": 0.25823115195345425,
      "rev_growth_yoy": 0.09113705123408304,
      "rev_growth_yoy_accel": -0.5754198783215503,
      "fcf_margin_change": -0.21042419796632894
    },
    {
      "date": "2024-06-30T00:00:00",
      "quarter_label": "2024-06 (Q2)",
      "revenue": 582822000,
      "gross_profit": 112743000,
      "operating_income": 72734000,
      "net_income": 51879000,
      "opex": 40009000,
      "cogs": 470079000,
      "rd": null,
      "sga": null,
      "fcf": 92093000,
      "ocf": 120970000,
      "capex": -28877000,
      "gross_margin": 0.19344328113900985,
      "op_margin": 0.12479624996997368,
      "fcf_margin": 0.15801222328601186,
      "incr_op_margin_yoy": 0.20614245334479395,
      "rev_growth_yoy": 0.1158225242904322,
      "rev_growth_yoy_accel": 0.02468547305634916,
      "op_leverage_ratio": 2.151327732550475,
      "fcf_margin_change": 0.09633768427247748
    },
    {
      "date": "2024-09-30T00:00:00",
      "quarter_label": "2024-09 (Q3)",
      "revenue": 593741000,
      "gross_profit": 129799000,
      "operating_income": 87492000,
      "net_income": 61321000,
      "opex": 42307000,
      "cogs": 463942000,
      "rd": null,
      "sga": null,
      "fcf": 138274000,
      "ocf": 152274000,
      "capex": -14000000,
      "gross_margin": 0.21861215580530904,
      "op_margin": 0.14735718099305925,
      "fcf_margin": 0.23288605637811774,
      "incr_op_margin_yoy": 0.9089956279571181,
      "rev_growth_yoy": 0.05959521510778143,
      "rev_growth_yoy_accel": -0.05622730918265077,
      "op_leverage_ratio": 0.32617795184277887,
      "fcf_margin_change": 0.07487383309210588
    },
    {
      "date": "2024-12-31T00:00:00",
      "quarter_label": "2024-12 (Q4)",
      "revenue": 498833000,
      "gross_profit": 106677000,
      "operating_income": 62271000,
      "net_income": 113213000,
      "opex": 44406000,
      "cogs": 392156000,
      "rd": null,
      "sga": null,
      "fcf": 158624000,
      "ocf": 174269000,
      "capex": -15645000,
      "gross_margin": 0.21385313321291896,
      "op_margin": 0.12483336106472506,
      "fcf_margin": 0.31799018910136256,
      "incr_op_margin_yoy": 0.5058732010890704,
      "rev_growth_yoy": 0.026451814691200014,
      "rev_growth_yoy_accel": -0.03314340041658141,
      "fcf_margin_change": 0.08510413272324482
    },
    {
      "date": "2025-03-31T00:00:00",
      "quarter_label": "2025-03 (Q1)",
      "revenue": 430949000,
      "gross_profit": 94840000,
      "operating_income": 56076000,
      "net_income": 39477000,
      "opex": 38764000,
      "cogs": 336109000,
      "rd": null,
      "sga": null,
      "fcf": 66959000,
      "ocf": 84883000,
      "capex": -17924000,
      "gross_margin": 0.22007244476724624,
      "op_margin": 0.13012212581999263,
      "fcf_margin": 0.15537569410765542,
      "incr_op_margin_yoy": -1.4824141961534374,
      "rev_growth_yoy": -0.021371150876555545,
      "rev_growth_yoy_accel": -0.04782296556775556,
      "fcf_margin_change": -0.16261449499370714
    },
    {
      "date": "2025-06-30T00:00:00",
      "quarter_label": "2025-06 (Q2)",
      "revenue": 614468000,
      "gross_profit": 143140000,
      "operating_income": 104564000,
      "net_income": 70991000,
      "opex": 38576000,
      "cogs": 471328000,
      "rd": null,
      "sga": null,
      "fcf": 72090000,
      "ocf": 85428000,
      "capex": -13338000,
      "gross_margin": 0.23294947824785017,
      "op_margin": 0.17016996816758562,
      "fcf_margin": 0.11732099962894732,
      "incr_op_margin_yoy": 1.0058143209252355,
      "rev_growth_yoy": 0.054297881686003614,
      "rev_growth_yoy_accel": 0.07566903256255916,
      "op_leverage_ratio": Infinity,
      "fcf_margin_change": -0.0380546944787081
    },
    {
      "date": "2025-09-30T00:00:00",
      "quarter_label": "2025-09 (Q3)",
      "revenue": 689019000,
      "gross_profit": 170216000,
      "operating_income": 125309000,
      "net_income": 92088000,
      "opex": 44907000,
      "cogs": 518803000,
      "rd": null,
      "sga": null,
      "fcf": 63965000,
      "ocf": 83626000,
      "capex": -19661000,
      "gross_margin": 0.24704108304705677,
      "op_margin": 0.18186581211838862,
      "fcf_margin": 0.09283488554016653,
      "incr_op_margin_yoy": 0.39691219379080167,
      "rev_growth_yoy": 0.16047064292342958,
      "rev_growth_yoy_accel": 0.10617276123742597,
      "op_leverage_ratio": 0.739263190016396,
      "fcf_margin_change": -0.02448611408878079
    }
  ],
  "signals": [
    {
      "quarter": "2025-09 (Q3)",
      "signal": "YoY REVENUE GROWTH ACCELERATION",
      "detail": "YoY growth: +16.0% vs prior quarter YoY: +5.4% (accel: +10.6%)",
      "severity": "MEDIUM"
    },
    {
      "quarter": "2025-09 (Q3)",
      "signal": "INCREMENTAL MARGIN (YoY)",
      "detail": "YoY Incr OPM: +39.7% vs year-ago OPM: +14.7%",
      "severity": "HIGH"
    },
    {
      "quarter": "2025-06 (Q2)",
      "signal": "YoY REVENUE GROWTH ACCELERATION",
      "detail": "YoY growth: +5.4% vs prior quarter YoY: -2.1% (accel: +7.6%)",
      "severity": "MEDIUM"
    },
    {
      "quarter": "2025-06 (Q2)",
      "signal": "INCREMENTAL MARGIN (YoY)",
      "detail": "YoY Incr OPM: +100.6% vs year-ago OPM: +12.5%",
      "severity": "HIGH"
    },
    {
      "quarter": "2024-12 (Q4)",
      "signal": "FCF MARGIN EXPANSION",
      "detail": "FCF margin: +23.3% -> +31.8% (+8.5%)",
      "severity": "MEDIUM"
    },
    {
      "quarter": "2024-12 (Q4)",
      "signal": "INCREMENTAL MARGIN (YoY)",
      "detail": "YoY Incr OPM: +50.6% vs year-ago OPM: +11.5%",
      "severity": "HIGH"
    },
    {
      "quarter": "2024-09 (Q3)",
      "signal": "FCF MARGIN EXPANSION",
      "detail": "FCF margin: +15.8% -> +23.3% (+7.5%)",
      "severity": "MEDIUM"
    },
    {
      "quarter": "2024-09 (Q3)",
      "signal": "YoY REVENUE GROWTH DECELERATION",
      "detail": "YoY growth: +6.0% vs prior quarter YoY: +11.6% (decel: -5.6%)",
      "severity": "WARNING"
    },
    {
      "quarter": "2024-09 (Q3)",
      "signal": "INCREMENTAL MARGIN (YoY)",
      "detail": "YoY Incr OPM: +90.9% vs year-ago OPM: +10.2%",
      "severity": "HIGH"
    },
    {
      "quarter": "2024-06 (Q2)",
      "signal": "FCF MARGIN EXPANSION",
      "detail": "FCF margin: +6.2% -> +15.8% (+9.6%)",
      "severity": "MEDIUM"
    },
    {
      "quarter": "2024-06 (Q2)",
      "signal": "OPERATING LEVERAGE",
      "detail": "Rev growth +32.4% vs OpEx growth +15.0% (leverage: 2.2x)",
      "severity": "MEDIUM"
    },
    {
      "quarter": "2024-03 (Q1)",
      "signal": "YoY REVENUE GROWTH DECELERATION",
      "detail": "YoY growth: +9.1% vs prior quarter YoY: +66.7% (decel: -57.5%)",
      "severity": "WARNING"
    },
    {
      "quarter": "2024-03 (Q1)",
      "signal": "INCREMENTAL MARGIN (YoY)",
      "detail": "YoY Incr OPM: +25.8% vs year-ago OPM: +8.1%",
      "severity": "MEDIUM"
    },
    {
      "quarter": "2023-12 (Q4)",
      "signal": "GROSS MARGIN INFLECTION",
      "detail": "GM: +17.7% -> +16.4% -> +18.9% (reversal +2.5%)",
      "severity": "MEDIUM"
    },
    {
      "quarter": "2023-12 (Q4)",
      "signal": "YoY REVENUE GROWTH ACCELERATION",
      "detail": "YoY growth: +66.7% vs prior quarter YoY: +0.6% (accel: +66.0%)",
      "severity": "HIGH"
    },
    {
      "quarter": "2023-09 (Q3)",
      "signal": "INCREMENTAL MARGIN (YoY)",
      "detail": "YoY Incr OPM: +277.6% vs year-ago OPM: +8.6%",
      "severity": "HIGH"
    },
    {
      "quarter": "2023-06 (Q2)",
      "signal": "FCF MARGIN EXPANSION",
      "detail": "FCF margin: +8.6% -> +20.6% (+11.9%)",
      "severity": "MEDIUM"
    },
    {
      "quarter": "2023-06 (Q2)",
      "signal": "OPERATING LEVERAGE",
      "detail": "Rev growth +29.4% vs OpEx growth +9.9% (leverage: 3.0x)",
      "severity": "MEDIUM"
    },
    {
      "quarter": "2023-06 (Q2)",
      "signal": "GROSS MARGIN INFLECTION",
      "detail": "GM: +23.7% -> +15.3% -> +17.7% (reversal +2.4%)",
      "severity": "MEDIUM"
    },
    {
      "quarter": "2023-06 (Q2)",
      "signal": "INCREMENTAL MARGIN (YoY)",
      "detail": "YoY Incr OPM: +163.1% vs year-ago OPM: +8.0%",
      "severity": "HIGH"
    },
    {
      "quarter": "2023-03 (Q1)",
      "signal": "YoY REVENUE GROWTH ACCELERATION",
      "detail": "YoY growth: -1.6% vs prior quarter YoY: -27.3% (accel: +25.7%)",
      "severity": "HIGH"
    },
    {
      "quarter": "2022-12 (Q4)",
      "signal": "FCF MARGIN EXPANSION",
      "detail": "FCF margin: +13.9% -> +23.3% (+9.4%)",
      "severity": "MEDIUM"
    },
    {
      "quarter": "2022-12 (Q4)",
      "signal": "YoY REVENUE GROWTH DECELERATION",
      "detail": "YoY growth: -27.3% vs prior quarter YoY: +20.2% (decel: -47.5%)",
      "severity": "WARNING"
    },
    {
      "quarter": "2022-09 (Q3)",
      "signal": "FCF MARGIN EXPANSION",
      "detail": "FCF margin: +0.3% -> +13.9% (+13.6%)",
      "severity": "MEDIUM"
    },
    {
      "quarter": "2022-09 (Q3)",
      "signal": "YoY REVENUE GROWTH DECELERATION",
      "detail": "YoY growth: +20.2% vs prior quarter YoY: +27.1% (decel: -6.9%)",
      "severity": "WARNING"
    },
    {
      "quarter": "2022-03 (Q1)",
      "signal": "YoY REVENUE GROWTH ACCELERATION",
      "detail": "YoY growth: +30.1% vs prior quarter YoY: +15.6% (accel: +14.5%)",
      "severity": "MEDIUM"
    },
    {
      "quarter": "2021-09 (Q3)",
      "signal": "OPERATING LEVERAGE",
      "detail": "Rev growth +15.4% vs OpEx growth +9.5% (leverage: 1.6x)",
      "severity": "MEDIUM"
    },
    {
      "quarter": "2021-06 (Q2)",
      "signal": "OPERATING LEVERAGE",
      "detail": "Rev growth +27.4% vs OpEx growth +5.6% (leverage: 4.9x)",
      "severity": "MEDIUM"
    }
  ],
  "data_quality": {
    "n_quarters": 20,
    "coverage": {
      "revenue": [
        20,
        20
      ],
      "gross_profit": [
        20,
        20
      ],
      "op_income": [
        20,
        20
      ],
      "fcf": [
        20,
        20
      ]
    },
    "gaps": [],
    "warnings": []
  },
  "market_cap": null,
  "source": "SEC EDGAR",
  "last_updated": "2026-02-02T20:34:15.128874"
}