{
  "ticker": "STRT",
  "name": "STRATTEC SECURITY CORP",
  "quarters": [
    {
      "date": "2020-12-27T00:00:00",
      "quarter_label": "2020-12 (Q4)",
      "revenue": 127360000,
      "gross_profit": 22241000,
      "operating_income": 11939000,
      "net_income": 7113000,
      "opex": 10302000,
      "cogs": 105119000,
      "rd": null,
      "sga": null,
      "fcf": 6677000,
      "ocf": 9756000,
      "capex": -3079000,
      "gross_margin": 0.17463096733668343,
      "op_margin": 0.09374214824120602,
      "fcf_margin": 0.052426193467336686
    },
    {
      "date": "2021-03-28T00:00:00",
      "quarter_label": "2021-03 (Q1)",
      "revenue": 121644000,
      "gross_profit": 18654000,
      "operating_income": 6727000,
      "net_income": 4485000,
      "opex": 11927000,
      "cogs": 102990000,
      "rd": null,
      "sga": null,
      "fcf": 6532000,
      "ocf": 8340000,
      "capex": -1808000,
      "gross_margin": 0.15334911709578772,
      "op_margin": 0.05530071355759429,
      "fcf_margin": 0.05369767518332182,
      "fcf_margin_change": 0.0012714817159851372
    },
    {
      "date": "2021-06-27T00:00:00",
      "quarter_label": "2021-06 (Q2)",
      "revenue": 110057000,
      "gross_profit": 15252000,
      "operating_income": 4052000,
      "net_income": 2926000,
      "opex": 11200000,
      "cogs": 94805000,
      "rd": null,
      "sga": null,
      "fcf": 9754000,
      "ocf": 9754000,
      "capex": null,
      "gross_margin": 0.1385827344012648,
      "op_margin": 0.03681728558837693,
      "fcf_margin": 0.08862680247508109,
      "fcf_margin_change": 0.03492912729175927
    },
    {
      "date": "2021-09-26T00:00:00",
      "quarter_label": "2021-09 (Q3)",
      "revenue": 100341000,
      "gross_profit": 12549000,
      "operating_income": 428000,
      "net_income": 101000,
      "opex": 12121000,
      "cogs": 87792000,
      "rd": null,
      "sga": null,
      "fcf": -12436000,
      "ocf": -9647000,
      "capex": -2789000,
      "gross_margin": 0.12506353335127215,
      "op_margin": 0.00426545479913495,
      "fcf_margin": -0.12393737355617344,
      "fcf_margin_change": -0.21256417603125455
    },
    {
      "date": "2021-12-26T00:00:00",
      "quarter_label": "2021-12 (Q4)",
      "revenue": 112908000,
      "gross_profit": 14933000,
      "operating_income": 3632000,
      "net_income": 3394000,
      "opex": 11301000,
      "cogs": 97975000,
      "rd": null,
      "sga": null,
      "fcf": 7092000,
      "ocf": 9665000,
      "capex": -2573000,
      "gross_margin": 0.13225812165656994,
      "op_margin": 0.03216778261947781,
      "fcf_margin": 0.06281220108406844,
      "incr_op_margin_yoy": 0.5747993357320786,
      "rev_growth_yoy": -0.11347361809045226,
      "op_leverage_ratio": Infinity,
      "fcf_margin_change": 0.1867495746402419
    },
    {
      "date": "2022-03-27T00:00:00",
      "quarter_label": "2022-03 (Q1)",
      "revenue": 115943000,
      "gross_profit": 14638000,
      "operating_income": 3377000,
      "net_income": 3146000,
      "opex": 11261000,
      "cogs": 101305000,
      "rd": null,
      "sga": null,
      "fcf": 7720000,
      "ocf": 11765000,
      "capex": -4045000,
      "gross_margin": 0.12625169264207411,
      "op_margin": 0.029126381066558567,
      "fcf_margin": 0.06658444235529527,
      "incr_op_margin_yoy": 0.5876162076828626,
      "rev_growth_yoy": -0.04686626549603762,
      "rev_growth_yoy_accel": 0.06660735259441464,
      "op_leverage_ratio": Infinity,
      "fcf_margin_change": 0.0037722412712268283
    },
    {
      "date": "2022-07-03T00:00:00",
      "quarter_label": "2022-07 (Q3)",
      "revenue": 123073000,
      "gross_profit": 13896000,
      "operating_income": 1460000,
      "net_income": 391000,
      "opex": 12436000,
      "cogs": 109177000,
      "rd": null,
      "sga": null,
      "fcf": -1347000,
      "ocf": -1347000,
      "capex": null,
      "gross_margin": 0.1129085989615919,
      "op_margin": 0.011862878129240369,
      "fcf_margin": -0.010944723863073135,
      "incr_op_margin_yoy": -0.19913952059004303,
      "rev_growth_yoy": 0.11826598944183468,
      "rev_growth_yoy_accel": 0.1651322549378723,
      "op_leverage_ratio": 0.5893646566241922,
      "fcf_margin_change": -0.0775291662183684
    },
    {
      "date": "2022-10-02T00:00:00",
      "quarter_label": "2022-10 (Q4)",
      "revenue": 120360000,
      "gross_profit": 12496000,
      "operating_income": -204000,
      "net_income": 128000,
      "opex": 12700000,
      "cogs": 107864000,
      "rd": null,
      "sga": null,
      "fcf": -17000,
      "ocf": 4701000,
      "capex": -4718000,
      "gross_margin": 0.1038218677301429,
      "op_margin": -0.001694915254237288,
      "fcf_margin": -0.00014124293785310735,
      "incr_op_margin_yoy": -0.031570008491932665,
      "rev_growth_yoy": 0.1995096720184172,
      "rev_growth_yoy_accel": 0.08124368257658253,
      "fcf_margin_change": 0.010803480925220028
    },
    {
      "date": "2023-01-01T00:00:00",
      "quarter_label": "2023-01 (Q1)",
      "revenue": 113184000,
      "gross_profit": 7387000,
      "operating_income": -4694000,
      "net_income": -1839000,
      "opex": 12081000,
      "cogs": 105797000,
      "rd": null,
      "sga": null,
      "fcf": -725000,
      "ocf": 4034000,
      "capex": -4759000,
      "gross_margin": 0.0652654085383093,
      "op_margin": -0.04147229290359061,
      "fcf_margin": -0.0064054990104608425,
      "rev_growth_yoy": 0.0024444680624933573,
      "rev_growth_yoy_accel": -0.19706520395592386,
      "fcf_margin_change": -0.006264256072607735
    },
    {
      "date": "2023-04-02T00:00:00",
      "quarter_label": "2023-04 (Q2)",
      "revenue": 127183000,
      "gross_profit": 10001000,
      "operating_income": -2484000,
      "net_income": -2256000,
      "opex": 12485000,
      "cogs": 117182000,
      "rd": null,
      "sga": null,
      "fcf": -5470000,
      "ocf": -1223000,
      "capex": -4247000,
      "gross_margin": 0.07863472319413758,
      "op_margin": -0.019530912150208753,
      "fcf_margin": -0.04300889269792346,
      "incr_op_margin_yoy": -0.5214412811387901,
      "rev_growth_yoy": 0.09694418809242472,
      "rev_growth_yoy_accel": 0.09449972002993136,
      "op_leverage_ratio": 3.6985670358543485,
      "fcf_margin_change": -0.03660339368746262
    },
    {
      "date": "2023-07-02T00:00:00",
      "quarter_label": "2023-07 (Q3)",
      "revenue": 132219000,
      "gross_profit": 12268000,
      "operating_income": 1293000,
      "net_income": -2700000,
      "opex": 10975000,
      "cogs": 119951000,
      "rd": null,
      "sga": null,
      "fcf": 2583000,
      "ocf": 2583000,
      "capex": null,
      "gross_margin": 0.09278545443544423,
      "op_margin": 0.009779229914006309,
      "fcf_margin": 0.019535770199441835,
      "incr_op_margin_yoy": -0.018259348349005028,
      "rev_growth_yoy": 0.07431361874659755,
      "rev_growth_yoy_accel": -0.022630569345827176,
      "op_leverage_ratio": Infinity,
      "fcf_margin_change": 0.0625446628973653
    },
    {
      "date": "2023-10-01T00:00:00",
      "quarter_label": "2023-10 (Q4)",
      "revenue": 135406000,
      "gross_profit": 18720000,
      "operating_income": 6106000,
      "net_income": 4165000,
      "opex": 12614000,
      "cogs": 116686000,
      "rd": null,
      "sga": null,
      "fcf": -6792000,
      "ocf": -3872000,
      "capex": -2920000,
      "gross_margin": 0.13825088991625187,
      "op_margin": 0.04509401355922189,
      "fcf_margin": -0.05016025877730677,
      "incr_op_margin_yoy": 0.4193805662634587,
      "rev_growth_yoy": 0.125008308408109,
      "rev_growth_yoy_accel": 0.05069468966151146,
      "op_leverage_ratio": 0.16140380570458976,
      "fcf_margin_change": -0.0696960289767486
    },
    {
      "date": "2023-12-31T00:00:00",
      "quarter_label": "2023-12 (Q4)",
      "revenue": 118532000,
      "gross_profit": 13497000,
      "operating_income": 58000,
      "net_income": 1022000,
      "opex": 13439000,
      "cogs": 105035000,
      "rd": null,
      "sga": null,
      "fcf": -4515000,
      "ocf": -3042000,
      "capex": -1473000,
      "gross_margin": 0.11386798501670435,
      "op_margin": 0.0004893193399250835,
      "fcf_margin": -0.03809097965106469,
      "incr_op_margin_yoy": 0.8885564697083022,
      "rev_growth_yoy": 0.04725049476957874,
      "rev_growth_yoy_accel": -0.07775781363853027,
      "fcf_margin_change": 0.012069279126242075
    },
    {
      "date": "2024-03-31T00:00:00",
      "quarter_label": "2024-03 (Q1)",
      "revenue": 140773000,
      "gross_profit": 14684000,
      "operating_income": 1959000,
      "net_income": 1506000,
      "opex": 12725000,
      "cogs": 126089000,
      "rd": null,
      "sga": null,
      "fcf": -1981000,
      "ocf": -309000,
      "capex": -1672000,
      "gross_margin": 0.10430977531202716,
      "op_margin": 0.013916020827857615,
      "fcf_margin": -0.014072300796317475,
      "incr_op_margin_yoy": 0.3269315673289183,
      "rev_growth_yoy": 0.10685390343048992,
      "rev_growth_yoy_accel": 0.059603408660911184,
      "op_leverage_ratio": Infinity,
      "fcf_margin_change": 0.02401867885474722
    },
    {
      "date": "2024-06-30T00:00:00",
      "quarter_label": "2024-06 (Q2)",
      "revenue": 143055000,
      "gross_profit": 18567000,
      "operating_income": 9691000,
      "net_income": 9620000,
      "opex": 8876000,
      "cogs": 124488000,
      "rd": null,
      "sga": null,
      "fcf": 15765000,
      "ocf": 19488000,
      "capex": -3723000,
      "gross_margin": 0.12978924189996854,
      "op_margin": 0.06774317570165321,
      "fcf_margin": 0.11020236971794065,
      "incr_op_margin_yoy": 0.7750092284976006,
      "rev_growth_yoy": 0.08195493839765843,
      "rev_growth_yoy_accel": -0.024898965032831497,
      "op_leverage_ratio": Infinity,
      "fcf_margin_change": 0.12427467051425813
    },
    {
      "date": "2024-09-29T00:00:00",
      "quarter_label": "2024-09 (Q3)",
      "revenue": 139052000,
      "gross_profit": 18921000,
      "operating_income": 5063000,
      "net_income": 3703000,
      "opex": 13858000,
      "cogs": 120131000,
      "rd": null,
      "sga": null,
      "fcf": 9264000,
      "ocf": 11337000,
      "capex": -2073000,
      "gross_margin": 0.13607139775048183,
      "op_margin": 0.03641083911054857,
      "fcf_margin": 0.06662255846733596,
      "incr_op_margin_yoy": -0.28606692265496436,
      "rev_growth_yoy": 0.026926428666381105,
      "rev_growth_yoy_accel": -0.05502850973127732,
      "fcf_margin_change": -0.043579811250604686
    },
    {
      "date": "2024-12-29T00:00:00",
      "quarter_label": "2024-12 (Q4)",
      "revenue": 129919000,
      "gross_profit": 17151000,
      "operating_income": 2134000,
      "net_income": 1319000,
      "opex": 15017000,
      "cogs": 112768000,
      "rd": null,
      "sga": null,
      "fcf": 8527000,
      "ocf": 9444000,
      "capex": -917000,
      "gross_margin": 0.13201302349925723,
      "op_margin": 0.016425619039555417,
      "fcf_margin": 0.06563320222600236,
      "incr_op_margin_yoy": 0.18231316413453938,
      "rev_growth_yoy": 0.09606688489184355,
      "rev_growth_yoy_accel": 0.06914045622546244,
      "fcf_margin_change": -0.0009893562413336027
    },
    {
      "date": "2025-03-30T00:00:00",
      "quarter_label": "2025-03 (Q1)",
      "revenue": 144082000,
      "gross_profit": 23105000,
      "operating_income": 7085000,
      "net_income": 5396000,
      "opex": 16020000,
      "cogs": 120977000,
      "rd": null,
      "sga": null,
      "fcf": 19550000,
      "ocf": 20720000,
      "capex": -1170000,
      "gross_margin": 0.16036007273635847,
      "op_margin": 0.04917338737663275,
      "fcf_margin": 0.13568662289529573,
      "incr_op_margin_yoy": 1.5491084919915383,
      "rev_growth_yoy": 0.02350592798334908,
      "rev_growth_yoy_accel": -0.07256095690849447,
      "op_leverage_ratio": 1.6321679056458192,
      "fcf_margin_change": 0.07005342066929338
    },
    {
      "date": "2025-06-29T00:00:00",
      "quarter_label": "2025-06 (Q2)",
      "revenue": 152013000,
      "gross_profit": 25400000,
      "operating_income": 8502000,
      "net_income": 8267000,
      "opex": 16898000,
      "cogs": 126613000,
      "rd": null,
      "sga": null,
      "fcf": 27180000,
      "ocf": 30176000,
      "capex": -2996000,
      "gross_margin": 0.16709097248261662,
      "op_margin": 0.0559294270884727,
      "fcf_margin": 0.1788004973258866,
      "incr_op_margin_yoy": -0.132730520205403,
      "rev_growth_yoy": 0.06261927230785362,
      "rev_growth_yoy_accel": 0.03911334432450454,
      "op_leverage_ratio": 1.0043526213986158,
      "fcf_margin_change": 0.043113874430590865
    },
    {
      "date": "2025-09-28T00:00:00",
      "quarter_label": "2025-09 (Q3)",
      "revenue": 152399000,
      "gross_profit": 26335000,
      "operating_income": 10447000,
      "net_income": 8529000,
      "opex": 15888000,
      "cogs": 126064000,
      "rd": null,
      "sga": null,
      "fcf": 9798000,
      "ocf": 11327000,
      "capex": -1529000,
      "gross_margin": 0.17280297114810464,
      "op_margin": 0.06855031857164418,
      "fcf_margin": 0.06429176044462234,
      "incr_op_margin_yoy": 0.4033865288079718,
      "rev_growth_yoy": 0.0959856744239565,
      "rev_growth_yoy_accel": 0.03336640211610288,
      "fcf_margin_change": -0.11450873688126426
    }
  ],
  "signals": [
    {
      "quarter": "2025-09 (Q3)",
      "signal": "INCREMENTAL MARGIN (YoY)",
      "detail": "YoY Incr OPM: +40.3% vs year-ago OPM: +3.6%",
      "severity": "HIGH"
    },
    {
      "quarter": "2025-03 (Q1)",
      "signal": "FCF MARGIN EXPANSION",
      "detail": "FCF margin: +6.6% -> +13.6% (+7.0%)",
      "severity": "MEDIUM"
    },
    {
      "quarter": "2025-03 (Q1)",
      "signal": "OPERATING LEVERAGE",
      "detail": "Rev growth +10.9% vs OpEx growth +6.7% (leverage: 1.6x)",
      "severity": "MEDIUM"
    },
    {
      "quarter": "2025-03 (Q1)",
      "signal": "GROSS MARGIN INFLECTION",
      "detail": "GM: +13.6% -> +13.2% -> +16.0% (reversal +2.8%)",
      "severity": "MEDIUM"
    },
    {
      "quarter": "2025-03 (Q1)",
      "signal": "YoY REVENUE GROWTH DECELERATION",
      "detail": "YoY growth: +2.4% vs prior quarter YoY: +9.6% (decel: -7.3%)",
      "severity": "WARNING"
    },
    {
      "quarter": "2025-03 (Q1)",
      "signal": "INCREMENTAL MARGIN (YoY)",
      "detail": "YoY Incr OPM: +154.9% vs year-ago OPM: +1.4%",
      "severity": "HIGH"
    },
    {
      "quarter": "2024-12 (Q4)",
      "signal": "YoY REVENUE GROWTH ACCELERATION",
      "detail": "YoY growth: +9.6% vs prior quarter YoY: +2.7% (accel: +6.9%)",
      "severity": "MEDIUM"
    },
    {
      "quarter": "2024-12 (Q4)",
      "signal": "INCREMENTAL MARGIN (YoY)",
      "detail": "YoY Incr OPM: +18.2% vs year-ago OPM: +0.0%",
      "severity": "MEDIUM"
    },
    {
      "quarter": "2024-09 (Q3)",
      "signal": "YoY REVENUE GROWTH DECELERATION",
      "detail": "YoY growth: +2.7% vs prior quarter YoY: +8.2% (decel: -5.5%)",
      "severity": "WARNING"
    },
    {
      "quarter": "2024-06 (Q2)",
      "signal": "FCF TURNED POSITIVE",
      "detail": "FCF margin: -1.4% -> +11.0%",
      "severity": "HIGH"
    },
    {
      "quarter": "2024-06 (Q2)",
      "signal": "GROSS MARGIN INFLECTION",
      "detail": "GM: +11.4% -> +10.4% -> +13.0% (reversal +2.5%)",
      "severity": "MEDIUM"
    },
    {
      "quarter": "2024-06 (Q2)",
      "signal": "INCREMENTAL MARGIN (YoY)",
      "detail": "YoY Incr OPM: +77.5% vs year-ago OPM: +1.0%",
      "severity": "HIGH"
    },
    {
      "quarter": "2024-03 (Q1)",
      "signal": "YoY REVENUE GROWTH ACCELERATION",
      "detail": "YoY growth: +10.7% vs prior quarter YoY: +4.7% (accel: +6.0%)",
      "severity": "MEDIUM"
    },
    {
      "quarter": "2024-03 (Q1)",
      "signal": "OP MARGIN TURNED POSITIVE (YoY)",
      "detail": "Op margin: -2.0% (year-ago) -> +1.4%",
      "severity": "HIGH"
    },
    {
      "quarter": "2023-12 (Q4)",
      "signal": "YoY REVENUE GROWTH DECELERATION",
      "detail": "YoY growth: +4.7% vs prior quarter YoY: +12.5% (decel: -7.8%)",
      "severity": "WARNING"
    },
    {
      "quarter": "2023-12 (Q4)",
      "signal": "OP MARGIN TURNED POSITIVE (YoY)",
      "detail": "Op margin: -4.1% (year-ago) -> +0.0%",
      "severity": "HIGH"
    },
    {
      "quarter": "2023-10 (Q4)",
      "signal": "YoY REVENUE GROWTH ACCELERATION",
      "detail": "YoY growth: +12.5% vs prior quarter YoY: +7.4% (accel: +5.1%)",
      "severity": "MEDIUM"
    },
    {
      "quarter": "2023-10 (Q4)",
      "signal": "OP MARGIN TURNED POSITIVE (YoY)",
      "detail": "Op margin: -0.2% (year-ago) -> +4.5%",
      "severity": "HIGH"
    },
    {
      "quarter": "2023-07 (Q3)",
      "signal": "FCF TURNED POSITIVE",
      "detail": "FCF margin: -4.3% -> +2.0%",
      "severity": "HIGH"
    },
    {
      "quarter": "2023-07 (Q3)",
      "signal": "OP MARGIN TURNED POSITIVE (QoQ)",
      "detail": "Op margin: -2.0% -> +1.0%",
      "severity": "HIGH"
    },
    {
      "quarter": "2023-04 (Q2)",
      "signal": "OPERATING LEVERAGE",
      "detail": "Rev growth +12.4% vs OpEx growth +3.3% (leverage: 3.7x)",
      "severity": "MEDIUM"
    },
    {
      "quarter": "2023-04 (Q2)",
      "signal": "YoY REVENUE GROWTH ACCELERATION",
      "detail": "YoY growth: +9.7% vs prior quarter YoY: +0.2% (accel: +9.4%)",
      "severity": "MEDIUM"
    },
    {
      "quarter": "2023-01 (Q1)",
      "signal": "YoY REVENUE GROWTH DECELERATION",
      "detail": "YoY growth: +0.2% vs prior quarter YoY: +20.0% (decel: -19.7%)",
      "severity": "WARNING"
    },
    {
      "quarter": "2022-10 (Q4)",
      "signal": "YoY REVENUE GROWTH ACCELERATION",
      "detail": "YoY growth: +20.0% vs prior quarter YoY: +11.8% (accel: +8.1%)",
      "severity": "MEDIUM"
    },
    {
      "quarter": "2022-07 (Q3)",
      "signal": "YoY REVENUE GROWTH ACCELERATION",
      "detail": "YoY growth: +11.8% vs prior quarter YoY: -4.7% (accel: +16.5%)",
      "severity": "HIGH"
    },
    {
      "quarter": "2022-03 (Q1)",
      "signal": "YoY REVENUE GROWTH ACCELERATION",
      "detail": "YoY growth: -4.7% vs prior quarter YoY: -11.3% (accel: +6.7%)",
      "severity": "MEDIUM"
    },
    {
      "quarter": "2022-03 (Q1)",
      "signal": "INCREMENTAL MARGIN (YoY)",
      "detail": "YoY Incr OPM: +58.8% vs year-ago OPM: +5.5%",
      "severity": "HIGH"
    },
    {
      "quarter": "2021-12 (Q4)",
      "signal": "FCF TURNED POSITIVE",
      "detail": "FCF margin: -12.4% -> +6.3%",
      "severity": "HIGH"
    },
    {
      "quarter": "2021-12 (Q4)",
      "signal": "INCREMENTAL MARGIN (YoY)",
      "detail": "YoY Incr OPM: +57.5% vs year-ago OPM: +9.4%",
      "severity": "HIGH"
    }
  ],
  "data_quality": {
    "n_quarters": 20,
    "coverage": {
      "revenue": [
        20,
        20
      ],
      "gross_profit": [
        20,
        20
      ],
      "op_income": [
        20,
        20
      ],
      "fcf": [
        20,
        20
      ]
    },
    "gaps": [],
    "warnings": []
  },
  "market_cap": null,
  "source": "SEC EDGAR",
  "last_updated": "2026-02-02T22:42:27.513981"
}