{
  "ticker": "STX",
  "name": "Seagate Technology Holdings plc",
  "quarters": [
    {
      "date": "2021-04-02T00:00:00",
      "quarter_label": "2021-04 (Q2)",
      "revenue": 2731000000,
      "gross_profit": 740000000,
      "operating_income": 386000000,
      "net_income": 329000000,
      "opex": 2345000000,
      "cogs": 1991000000,
      "rd": 227000000,
      "sga": 126000000,
      "fcf": 274000000,
      "ocf": 378000000,
      "capex": -104000000,
      "gross_margin": 0.27096301720981325,
      "op_margin": 0.14134016843647015,
      "fcf_margin": 0.10032954961552545
    },
    {
      "date": "2021-07-02T00:00:00",
      "quarter_label": "2021-07 (Q3)",
      "revenue": 3013000000,
      "gross_profit": 885000000,
      "operating_income": 507000000,
      "net_income": 482000000,
      "opex": 2506000000,
      "cogs": 2128000000,
      "rd": 232000000,
      "sga": 136000000,
      "fcf": 354000000,
      "ocf": 478000000,
      "capex": -124000000,
      "gross_margin": 0.2937271822104215,
      "op_margin": 0.16827082641885163,
      "fcf_margin": 0.11749087288416861,
      "op_leverage_ratio": 1.5039880279559965,
      "fcf_margin_change": 0.017161323268643155
    },
    {
      "date": "2021-10-01T00:00:00",
      "quarter_label": "2021-10 (Q4)",
      "revenue": 3115000000,
      "gross_profit": 956000000,
      "operating_income": 586000000,
      "net_income": 526000000,
      "opex": 2529000000,
      "cogs": 2159000000,
      "rd": 233000000,
      "sga": 133000000,
      "fcf": 379000000,
      "ocf": 496000000,
      "capex": -117000000,
      "gross_margin": 0.30690208667736757,
      "op_margin": 0.18812199036918137,
      "fcf_margin": 0.12166934189406099,
      "op_leverage_ratio": 3.688538074142484,
      "fcf_margin_change": 0.004178469009892383
    },
    {
      "date": "2021-12-31T00:00:00",
      "quarter_label": "2021-12 (Q4)",
      "revenue": 3116000000,
      "gross_profit": 948000000,
      "operating_income": 580000000,
      "net_income": 501000000,
      "opex": 2536000000,
      "cogs": 2168000000,
      "rd": 228000000,
      "sga": 136000000,
      "fcf": 426000000,
      "ocf": 521000000,
      "capex": -95000000,
      "gross_margin": 0.3042362002567394,
      "op_margin": 0.18613607188703465,
      "fcf_margin": 0.1367137355584082,
      "fcf_margin_change": 0.01504439366434722
    },
    {
      "date": "2022-04-01T00:00:00",
      "quarter_label": "2022-04 (Q2)",
      "revenue": 2802000000,
      "gross_profit": 806000000,
      "operating_income": 429000000,
      "net_income": 346000000,
      "opex": 2373000000,
      "cogs": 1996000000,
      "rd": 233000000,
      "sga": 141000000,
      "fcf": 363000000,
      "ocf": 460000000,
      "capex": -97000000,
      "gross_margin": 0.28765167737330477,
      "op_margin": 0.15310492505353318,
      "fcf_margin": 0.12955032119914348,
      "incr_op_margin_yoy": 0.6056338028169014,
      "rev_growth_yoy": 0.025997803002563165,
      "fcf_margin_change": -0.007163414359264736
    },
    {
      "date": "2022-07-01T00:00:00",
      "quarter_label": "2022-07 (Q3)",
      "revenue": 2628000000,
      "gross_profit": 759000000,
      "operating_income": 360000000,
      "net_income": 276000000,
      "opex": 2268000000,
      "cogs": 1869000000,
      "rd": 247000000,
      "sga": 149000000,
      "fcf": 108000000,
      "ocf": 180000000,
      "capex": -72000000,
      "gross_margin": 0.2888127853881279,
      "op_margin": 0.136986301369863,
      "fcf_margin": 0.0410958904109589,
      "incr_op_margin_yoy": 0.38181818181818183,
      "rev_growth_yoy": -0.12777962163956189,
      "rev_growth_yoy_accel": -0.15377742464212504,
      "fcf_margin_change": -0.08845443078818457
    },
    {
      "date": "2022-09-30T00:00:00",
      "quarter_label": "2022-09 (Q3)",
      "revenue": 2035000000,
      "gross_profit": 482000000,
      "operating_income": 107000000,
      "net_income": 29000000,
      "opex": 1928000000,
      "cogs": 1553000000,
      "rd": 234000000,
      "sga": 129000000,
      "fcf": 112000000,
      "ocf": 245000000,
      "capex": -133000000,
      "gross_margin": 0.23685503685503687,
      "op_margin": 0.05257985257985258,
      "fcf_margin": 0.055036855036855035,
      "incr_op_margin_yoy": 0.44351851851851853,
      "rev_growth_yoy": -0.3467094703049759,
      "rev_growth_yoy_accel": -0.218929848665414,
      "fcf_margin_change": 0.013940964625896134
    },
    {
      "date": "2022-12-30T00:00:00",
      "quarter_label": "2022-12 (Q4)",
      "revenue": 1887000000,
      "gross_profit": 246000000,
      "operating_income": -160000000,
      "net_income": -33000000,
      "opex": 2047000000,
      "cogs": 1641000000,
      "rd": 200000000,
      "sga": 125000000,
      "fcf": 172000000,
      "ocf": 251000000,
      "capex": -79000000,
      "gross_margin": 0.13036565977742448,
      "op_margin": -0.08479067302596714,
      "fcf_margin": 0.09114997350291468,
      "incr_op_margin_yoy": 0.6021155410903173,
      "rev_growth_yoy": -0.394415917843389,
      "rev_growth_yoy_accel": -0.04770644753841308,
      "fcf_margin_change": 0.03611311846605964
    },
    {
      "date": "2023-03-31T00:00:00",
      "quarter_label": "2023-03 (Q1)",
      "revenue": 1860000000,
      "gross_profit": 319000000,
      "operating_income": -315000000,
      "net_income": -433000000,
      "opex": 2175000000,
      "cogs": 1541000000,
      "rd": 191000000,
      "sga": 123000000,
      "fcf": 174000000,
      "ocf": 228000000,
      "capex": -54000000,
      "gross_margin": 0.17150537634408602,
      "op_margin": -0.1693548387096774,
      "fcf_margin": 0.0935483870967742,
      "incr_op_margin_yoy": 0.7898089171974523,
      "rev_growth_yoy": -0.3361884368308351,
      "rev_growth_yoy_accel": 0.05822748101255387,
      "fcf_margin_change": 0.002398413593859519
    },
    {
      "date": "2023-06-30T00:00:00",
      "quarter_label": "2023-06 (Q2)",
      "revenue": 1602000000,
      "gross_profit": 304000000,
      "operating_income": 26000000,
      "net_income": -92000000,
      "opex": 1576000000,
      "cogs": 1298000000,
      "rd": 172000000,
      "sga": 114000000,
      "fcf": 168000000,
      "ocf": 218000000,
      "capex": -50000000,
      "gross_margin": 0.18976279650436953,
      "op_margin": 0.016229712858926344,
      "fcf_margin": 0.10486891385767791,
      "incr_op_margin_yoy": 0.3255360623781676,
      "rev_growth_yoy": -0.3904109589041096,
      "rev_growth_yoy_accel": -0.05422252207327449,
      "fcf_margin_change": 0.011320526760903712
    },
    {
      "date": "2023-09-29T00:00:00",
      "quarter_label": "2023-09 (Q3)",
      "revenue": 1454000000,
      "gross_profit": 149000000,
      "operating_income": -129000000,
      "net_income": -184000000,
      "opex": 1583000000,
      "cogs": 1305000000,
      "rd": 171000000,
      "sga": 105000000,
      "fcf": 57000000,
      "ocf": 127000000,
      "capex": -70000000,
      "gross_margin": 0.10247592847317744,
      "op_margin": -0.08872077028885832,
      "fcf_margin": 0.039202200825309494,
      "incr_op_margin_yoy": 0.40619621342512907,
      "rev_growth_yoy": -0.2855036855036855,
      "rev_growth_yoy_accel": 0.1049072734004241,
      "fcf_margin_change": -0.06566671303236842
    },
    {
      "date": "2023-12-29T00:00:00",
      "quarter_label": "2023-12 (Q4)",
      "revenue": 1555000000,
      "gross_profit": 362000000,
      "operating_income": 124000000,
      "net_income": -19000000,
      "opex": 1431000000,
      "cogs": 1193000000,
      "rd": 161000000,
      "sga": 108000000,
      "fcf": 99000000,
      "ocf": 169000000,
      "capex": -70000000,
      "gross_margin": 0.23279742765273312,
      "op_margin": 0.0797427652733119,
      "fcf_margin": 0.06366559485530547,
      "incr_op_margin_yoy": -0.8554216867469879,
      "rev_growth_yoy": -0.17594064652888183,
      "rev_growth_yoy_accel": 0.10956303897480366,
      "op_leverage_ratio": Infinity,
      "fcf_margin_change": 0.024463394029995977
    },
    {
      "date": "2024-03-29T00:00:00",
      "quarter_label": "2024-03 (Q1)",
      "revenue": 1655000000,
      "gross_profit": 425000000,
      "operating_income": 143000000,
      "net_income": 25000000,
      "opex": 1512000000,
      "cogs": 1230000000,
      "rd": 164000000,
      "sga": 116000000,
      "fcf": 128000000,
      "ocf": 188000000,
      "capex": -60000000,
      "gross_margin": 0.256797583081571,
      "op_margin": 0.086404833836858,
      "fcf_margin": 0.07734138972809668,
      "incr_op_margin_yoy": -2.234146341463415,
      "rev_growth_yoy": -0.11021505376344086,
      "rev_growth_yoy_accel": 0.06572559276544097,
      "op_leverage_ratio": 1.1361200428724543,
      "fcf_margin_change": 0.013675794872791205
    },
    {
      "date": "2024-06-28T00:00:00",
      "quarter_label": "2024-06 (Q2)",
      "revenue": 1887000000,
      "gross_profit": 600000000,
      "operating_income": 314000000,
      "net_income": 513000000,
      "opex": 1573000000,
      "cogs": 1287000000,
      "rd": 158000000,
      "sga": 131000000,
      "fcf": 380000000,
      "ocf": 434000000,
      "capex": -54000000,
      "gross_margin": 0.3179650238473768,
      "op_margin": 0.1664016958134605,
      "fcf_margin": 0.20137784843667197,
      "incr_op_margin_yoy": 1.0105263157894737,
      "rev_growth_yoy": 0.17790262172284643,
      "rev_growth_yoy_accel": 0.2881176754862873,
      "op_leverage_ratio": 3.47465702540736,
      "fcf_margin_change": 0.1240364587085753
    },
    {
      "date": "2024-09-27T00:00:00",
      "quarter_label": "2024-09 (Q3)",
      "revenue": 2168000000,
      "gross_profit": 714000000,
      "operating_income": 403000000,
      "net_income": 305000000,
      "opex": 1765000000,
      "cogs": 1454000000,
      "rd": 181000000,
      "sga": 129000000,
      "fcf": 27000000,
      "ocf": 95000000,
      "capex": -68000000,
      "gross_margin": 0.32933579335793356,
      "op_margin": 0.18588560885608857,
      "fcf_margin": 0.012453874538745387,
      "incr_op_margin_yoy": 0.7450980392156863,
      "rev_growth_yoy": 0.49105914718019256,
      "rev_growth_yoy_accel": 0.3131565254573461,
      "op_leverage_ratio": 1.220005851439675,
      "fcf_margin_change": -0.1889239738979266
    },
    {
      "date": "2024-12-27T00:00:00",
      "quarter_label": "2024-12 (Q4)",
      "revenue": 2325000000,
      "gross_profit": 812000000,
      "operating_income": 488000000,
      "net_income": 336000000,
      "opex": 1837000000,
      "cogs": 1513000000,
      "rd": 184000000,
      "sga": 139000000,
      "fcf": 150000000,
      "ocf": 221000000,
      "capex": -71000000,
      "gross_margin": 0.349247311827957,
      "op_margin": 0.20989247311827958,
      "fcf_margin": 0.06451612903225806,
      "incr_op_margin_yoy": 0.4727272727272727,
      "rev_growth_yoy": 0.49517684887459806,
      "rev_growth_yoy_accel": 0.004117701694405507,
      "op_leverage_ratio": 1.7752216584665848,
      "fcf_margin_change": 0.05206225449351268
    },
    {
      "date": "2025-03-28T00:00:00",
      "quarter_label": "2025-03 (Q1)",
      "revenue": 2160000000,
      "gross_profit": 760000000,
      "operating_income": 431000000,
      "net_income": 340000000,
      "opex": 1729000000,
      "cogs": 1400000000,
      "rd": 180000000,
      "sga": 139000000,
      "fcf": 216000000,
      "ocf": 259000000,
      "capex": -43000000,
      "gross_margin": 0.35185185185185186,
      "op_margin": 0.19953703703703704,
      "fcf_margin": 0.1,
      "incr_op_margin_yoy": 0.5702970297029702,
      "rev_growth_yoy": 0.30513595166163143,
      "rev_growth_yoy_accel": -0.19004089721296663,
      "fcf_margin_change": 0.03548387096774194
    },
    {
      "date": "2025-06-27T00:00:00",
      "quarter_label": "2025-06 (Q2)",
      "revenue": 2444000000,
      "gross_profit": 914000000,
      "operating_income": 568000000,
      "net_income": 488000000,
      "opex": 1876000000,
      "cogs": 1530000000,
      "rd": 179000000,
      "sga": 154000000,
      "fcf": 425000000,
      "ocf": 508000000,
      "capex": -83000000,
      "gross_margin": 0.3739770867430442,
      "op_margin": 0.23240589198036007,
      "fcf_margin": 0.17389525368248773,
      "incr_op_margin_yoy": 0.45601436265709155,
      "rev_growth_yoy": 0.29517753047164813,
      "rev_growth_yoy_accel": -0.009958421189983302,
      "op_leverage_ratio": 1.5464726631393297,
      "fcf_margin_change": 0.07389525368248773
    },
    {
      "date": "2025-10-03T00:00:00",
      "quarter_label": "2025-10 (Q4)",
      "revenue": 2629000000,
      "gross_profit": 1037000000,
      "operating_income": 694000000,
      "net_income": 549000000,
      "opex": 1935000000,
      "cogs": 1592000000,
      "rd": 186000000,
      "sga": 144000000,
      "fcf": 427000000,
      "ocf": 532000000,
      "capex": -105000000,
      "gross_margin": 0.39444655762647396,
      "op_margin": 0.26397869912514266,
      "fcf_margin": 0.16241917078737161,
      "incr_op_margin_yoy": 0.631236442516269,
      "rev_growth_yoy": 0.21263837638376384,
      "rev_growth_yoy_accel": -0.08253915408788429,
      "op_leverage_ratio": 2.4068628810785317,
      "fcf_margin_change": -0.011476082895116119
    },
    {
      "date": "2026-01-02T00:00:00",
      "quarter_label": "2026-01 (Q1)",
      "revenue": 2825000000,
      "gross_profit": 1176000000,
      "operating_income": 843000000,
      "net_income": 593000000,
      "opex": 1982000000,
      "cogs": 1649000000,
      "rd": 187000000,
      "sga": 143000000,
      "fcf": 607000000,
      "ocf": 723000000,
      "capex": -116000000,
      "gross_margin": 0.41628318584070795,
      "op_margin": 0.2984070796460177,
      "fcf_margin": 0.21486725663716813,
      "incr_op_margin_yoy": 0.71,
      "rev_growth_yoy": 0.21505376344086022,
      "rev_growth_yoy_accel": 0.0024153870570963742,
      "op_leverage_ratio": 3.069365424924937,
      "fcf_margin_change": 0.052448085849796516
    }
  ],
  "signals": [
    {
      "quarter": "2026-01 (Q1)",
      "signal": "FCF MARGIN EXPANSION",
      "detail": "FCF margin: +16.2% -> +21.5% (+5.2%)",
      "severity": "MEDIUM"
    },
    {
      "quarter": "2026-01 (Q1)",
      "signal": "OPERATING LEVERAGE",
      "detail": "Rev growth +7.5% vs OpEx growth +2.4% (leverage: 3.1x)",
      "severity": "MEDIUM"
    },
    {
      "quarter": "2026-01 (Q1)",
      "signal": "INCREMENTAL MARGIN (YoY)",
      "detail": "YoY Incr OPM: +71.0% vs year-ago OPM: +21.0%",
      "severity": "HIGH"
    },
    {
      "quarter": "2025-10 (Q4)",
      "signal": "OPERATING LEVERAGE",
      "detail": "Rev growth +7.6% vs OpEx growth +3.1% (leverage: 2.4x)",
      "severity": "MEDIUM"
    },
    {
      "quarter": "2025-10 (Q4)",
      "signal": "YoY REVENUE GROWTH DECELERATION",
      "detail": "YoY growth: +21.3% vs prior quarter YoY: +29.5% (decel: -8.3%)",
      "severity": "WARNING"
    },
    {
      "quarter": "2025-10 (Q4)",
      "signal": "INCREMENTAL MARGIN (YoY)",
      "detail": "YoY Incr OPM: +63.1% vs year-ago OPM: +18.6%",
      "severity": "HIGH"
    },
    {
      "quarter": "2025-06 (Q2)",
      "signal": "FCF MARGIN EXPANSION",
      "detail": "FCF margin: +10.0% -> +17.4% (+7.4%)",
      "severity": "MEDIUM"
    },
    {
      "quarter": "2025-06 (Q2)",
      "signal": "OPERATING LEVERAGE",
      "detail": "Rev growth +13.1% vs OpEx growth +8.5% (leverage: 1.5x)",
      "severity": "MEDIUM"
    },
    {
      "quarter": "2025-06 (Q2)",
      "signal": "INCREMENTAL MARGIN (YoY)",
      "detail": "YoY Incr OPM: +45.6% vs year-ago OPM: +16.6%",
      "severity": "HIGH"
    },
    {
      "quarter": "2025-03 (Q1)",
      "signal": "YoY REVENUE GROWTH DECELERATION",
      "detail": "YoY growth: +30.5% vs prior quarter YoY: +49.5% (decel: -19.0%)",
      "severity": "WARNING"
    },
    {
      "quarter": "2025-03 (Q1)",
      "signal": "INCREMENTAL MARGIN (YoY)",
      "detail": "YoY Incr OPM: +57.0% vs year-ago OPM: +8.6%",
      "severity": "HIGH"
    },
    {
      "quarter": "2024-12 (Q4)",
      "signal": "FCF MARGIN EXPANSION",
      "detail": "FCF margin: +1.2% -> +6.5% (+5.2%)",
      "severity": "MEDIUM"
    },
    {
      "quarter": "2024-12 (Q4)",
      "signal": "OPERATING LEVERAGE",
      "detail": "Rev growth +7.2% vs OpEx growth +4.1% (leverage: 1.8x)",
      "severity": "MEDIUM"
    },
    {
      "quarter": "2024-12 (Q4)",
      "signal": "INCREMENTAL MARGIN (YoY)",
      "detail": "YoY Incr OPM: +47.3% vs year-ago OPM: +8.0%",
      "severity": "HIGH"
    },
    {
      "quarter": "2024-09 (Q3)",
      "signal": "YoY REVENUE GROWTH ACCELERATION",
      "detail": "YoY growth: +49.1% vs prior quarter YoY: +17.8% (accel: +31.3%)",
      "severity": "HIGH"
    },
    {
      "quarter": "2024-09 (Q3)",
      "signal": "OP MARGIN TURNED POSITIVE (YoY)",
      "detail": "Op margin: -8.9% (year-ago) -> +18.6%",
      "severity": "HIGH"
    },
    {
      "quarter": "2024-06 (Q2)",
      "signal": "FCF MARGIN EXPANSION",
      "detail": "FCF margin: +7.7% -> +20.1% (+12.4%)",
      "severity": "MEDIUM"
    },
    {
      "quarter": "2024-06 (Q2)",
      "signal": "OPERATING LEVERAGE",
      "detail": "Rev growth +14.0% vs OpEx growth +4.0% (leverage: 3.5x)",
      "severity": "MEDIUM"
    },
    {
      "quarter": "2024-06 (Q2)",
      "signal": "YoY REVENUE GROWTH ACCELERATION",
      "detail": "YoY growth: +17.8% vs prior quarter YoY: -11.0% (accel: +28.8%)",
      "severity": "HIGH"
    },
    {
      "quarter": "2024-06 (Q2)",
      "signal": "INCREMENTAL MARGIN (YoY)",
      "detail": "YoY Incr OPM: +101.1% vs year-ago OPM: +1.6%",
      "severity": "HIGH"
    },
    {
      "quarter": "2024-03 (Q1)",
      "signal": "YoY REVENUE GROWTH ACCELERATION",
      "detail": "YoY growth: -11.0% vs prior quarter YoY: -17.6% (accel: +6.6%)",
      "severity": "MEDIUM"
    },
    {
      "quarter": "2024-03 (Q1)",
      "signal": "OP MARGIN TURNED POSITIVE (YoY)",
      "detail": "Op margin: -16.9% (year-ago) -> +8.6%",
      "severity": "HIGH"
    },
    {
      "quarter": "2023-12 (Q4)",
      "signal": "GROSS MARGIN INFLECTION",
      "detail": "GM: +19.0% -> +10.2% -> +23.3% (reversal +13.0%)",
      "severity": "HIGH"
    },
    {
      "quarter": "2023-12 (Q4)",
      "signal": "YoY REVENUE GROWTH ACCELERATION",
      "detail": "YoY growth: -17.6% vs prior quarter YoY: -28.6% (accel: +11.0%)",
      "severity": "MEDIUM"
    },
    {
      "quarter": "2023-12 (Q4)",
      "signal": "OP MARGIN TURNED POSITIVE (YoY)",
      "detail": "Op margin: -8.5% (year-ago) -> +8.0%",
      "severity": "HIGH"
    },
    {
      "quarter": "2023-12 (Q4)",
      "signal": "OP MARGIN TURNED POSITIVE (QoQ)",
      "detail": "Op margin: -8.9% -> +8.0%",
      "severity": "HIGH"
    },
    {
      "quarter": "2023-09 (Q3)",
      "signal": "YoY REVENUE GROWTH ACCELERATION",
      "detail": "YoY growth: -28.6% vs prior quarter YoY: -39.0% (accel: +10.5%)",
      "severity": "MEDIUM"
    },
    {
      "quarter": "2023-06 (Q2)",
      "signal": "YoY REVENUE GROWTH DECELERATION",
      "detail": "YoY growth: -39.0% vs prior quarter YoY: -33.6% (decel: -5.4%)",
      "severity": "WARNING"
    },
    {
      "quarter": "2023-06 (Q2)",
      "signal": "INCREMENTAL MARGIN (YoY)",
      "detail": "YoY Incr OPM: +32.6% vs year-ago OPM: +13.7%",
      "severity": "MEDIUM"
    },
    {
      "quarter": "2023-06 (Q2)",
      "signal": "OP MARGIN TURNED POSITIVE (QoQ)",
      "detail": "Op margin: -16.9% -> +1.6%",
      "severity": "HIGH"
    },
    {
      "quarter": "2023-03 (Q1)",
      "signal": "GROSS MARGIN INFLECTION",
      "detail": "GM: +23.7% -> +13.0% -> +17.2% (reversal +4.1%)",
      "severity": "MEDIUM"
    },
    {
      "quarter": "2023-03 (Q1)",
      "signal": "YoY REVENUE GROWTH ACCELERATION",
      "detail": "YoY growth: -33.6% vs prior quarter YoY: -39.4% (accel: +5.8%)",
      "severity": "MEDIUM"
    },
    {
      "quarter": "2022-09 (Q3)",
      "signal": "YoY REVENUE GROWTH DECELERATION",
      "detail": "YoY growth: -34.7% vs prior quarter YoY: -12.8% (decel: -21.9%)",
      "severity": "WARNING"
    },
    {
      "quarter": "2022-09 (Q3)",
      "signal": "INCREMENTAL MARGIN (YoY)",
      "detail": "YoY Incr OPM: +44.4% vs year-ago OPM: +18.8%",
      "severity": "HIGH"
    },
    {
      "quarter": "2022-07 (Q3)",
      "signal": "YoY REVENUE GROWTH DECELERATION",
      "detail": "YoY growth: -12.8% vs prior quarter YoY: +2.6% (decel: -15.4%)",
      "severity": "WARNING"
    },
    {
      "quarter": "2022-07 (Q3)",
      "signal": "INCREMENTAL MARGIN (YoY)",
      "detail": "YoY Incr OPM: +38.2% vs year-ago OPM: +16.8%",
      "severity": "HIGH"
    },
    {
      "quarter": "2022-04 (Q2)",
      "signal": "INCREMENTAL MARGIN (YoY)",
      "detail": "YoY Incr OPM: +60.6% vs year-ago OPM: +14.1%",
      "severity": "HIGH"
    },
    {
      "quarter": "2021-10 (Q4)",
      "signal": "OPERATING LEVERAGE",
      "detail": "Rev growth +3.4% vs OpEx growth +0.9% (leverage: 3.7x)",
      "severity": "MEDIUM"
    },
    {
      "quarter": "2021-07 (Q3)",
      "signal": "OPERATING LEVERAGE",
      "detail": "Rev growth +10.3% vs OpEx growth +6.9% (leverage: 1.5x)",
      "severity": "MEDIUM"
    }
  ],
  "data_quality": {
    "n_quarters": 20,
    "coverage": {
      "revenue": [
        20,
        20
      ],
      "gross_profit": [
        20,
        20
      ],
      "op_income": [
        20,
        20
      ],
      "fcf": [
        20,
        20
      ]
    },
    "gaps": [],
    "warnings": []
  },
  "market_cap": null,
  "source": "SEC EDGAR",
  "last_updated": "2026-02-03T16:23:16.888104"
}