{
  "ticker": "STXS",
  "name": "STEREOTAXIS, INC.",
  "quarters": [
    {
      "date": "2020-12-31T00:00:00",
      "quarter_label": "2020-12 (Q4)",
      "revenue": 6824756,
      "gross_profit": 5222161,
      "operating_income": -1176610,
      "net_income": -1180850,
      "opex": 6398771,
      "cogs": 1602595,
      "rd": 2098161,
      "sga": null,
      "fcf": 307963,
      "ocf": 307963,
      "capex": null,
      "gross_margin": 0.7651791507271469,
      "op_margin": -0.17240323317053385,
      "fcf_margin": 0.04512439712130368
    },
    {
      "date": "2021-03-31T00:00:00",
      "quarter_label": "2021-03 (Q1)",
      "revenue": 8622558,
      "gross_profit": 6015875,
      "operating_income": -1528121,
      "net_income": -1532397,
      "opex": 7543996,
      "cogs": 2606683,
      "rd": 2367041,
      "sga": null,
      "fcf": -305000,
      "ocf": -305000,
      "capex": null,
      "gross_margin": 0.6976902909786168,
      "op_margin": -0.17722362667783736,
      "fcf_margin": -0.03537233382483481,
      "op_leverage_ratio": 1.471839581685711,
      "fcf_margin_change": -0.08049673094613849
    },
    {
      "date": "2021-06-30T00:00:00",
      "quarter_label": "2021-06 (Q2)",
      "revenue": 9051422,
      "gross_profit": 6532015,
      "operating_income": -3390722,
      "net_income": -1210398,
      "opex": 9922737,
      "cogs": 2519407,
      "rd": 2717078,
      "sga": null,
      "fcf": 34000,
      "ocf": 34000,
      "capex": null,
      "gross_margin": 0.7216562215307164,
      "op_margin": -0.37460655353379835,
      "fcf_margin": 0.003756315858436387,
      "op_leverage_ratio": 0.15773851898202348,
      "fcf_margin_change": 0.0391286496832712
    },
    {
      "date": "2021-09-30T00:00:00",
      "quarter_label": "2021-09 (Q3)",
      "revenue": 9106452,
      "gross_profit": 4734558,
      "operating_income": -4619817,
      "net_income": -4618559,
      "opex": 9354375,
      "cogs": 4371894,
      "rd": 2499789,
      "sga": null,
      "fcf": -1456000,
      "ocf": -1456000,
      "capex": null,
      "gross_margin": 0.5199124752428278,
      "op_margin": -0.5073125076594046,
      "fcf_margin": -0.15988663861622507,
      "fcf_margin_change": -0.16364295447466146
    },
    {
      "date": "2021-12-31T00:00:00",
      "quarter_label": "2021-12 (Q4)",
      "revenue": 8240430,
      "gross_profit": 5949228,
      "operating_income": -3349783,
      "net_income": -3354269,
      "opex": 9299011,
      "cogs": 2291202,
      "rd": 2614645,
      "sga": null,
      "fcf": -1219000,
      "ocf": -1219000,
      "capex": null,
      "gross_margin": 0.7219560144312858,
      "op_margin": -0.40650584981608967,
      "fcf_margin": -0.14792917359895055,
      "incr_op_margin_yoy": -1.5350801102513714,
      "rev_growth_yoy": 0.20743217779507428,
      "fcf_margin_change": 0.011957465017274516
    },
    {
      "date": "2022-03-31T00:00:00",
      "quarter_label": "2022-03 (Q1)",
      "revenue": 7037000,
      "gross_profit": 4924000,
      "operating_income": -4089000,
      "net_income": -4086000,
      "opex": 9013000,
      "cogs": 2113000,
      "rd": 2447000,
      "sga": null,
      "fcf": -2193000,
      "ocf": -2193000,
      "capex": null,
      "gross_margin": 0.6997299985789399,
      "op_margin": -0.5810714793235754,
      "fcf_margin": -0.3116384823078016,
      "incr_op_margin_yoy": 1.6151279234187585,
      "rev_growth_yoy": -0.18388487499881126,
      "rev_growth_yoy_accel": -0.3913170527938855,
      "fcf_margin_change": -0.16370930870885106
    },
    {
      "date": "2022-06-30T00:00:00",
      "quarter_label": "2022-06 (Q2)",
      "revenue": 6152000,
      "gross_profit": 4670000,
      "operating_income": -5179000,
      "net_income": -5134000,
      "opex": 9849000,
      "cogs": 1482000,
      "rd": 2893000,
      "sga": null,
      "fcf": -1137000,
      "ocf": -1137000,
      "capex": null,
      "gross_margin": 0.7591027308192457,
      "op_margin": -0.8418400520156046,
      "fcf_margin": -0.1848179453836151,
      "incr_op_margin_yoy": 0.616770514950911,
      "rev_growth_yoy": -0.32032778937939255,
      "rev_growth_yoy_accel": -0.1364429143805813,
      "fcf_margin_change": 0.12682053692418652
    },
    {
      "date": "2022-09-30T00:00:00",
      "quarter_label": "2022-09 (Q3)",
      "revenue": 7657000,
      "gross_profit": 4567000,
      "operating_income": -5052000,
      "net_income": -4917000,
      "opex": 9619000,
      "cogs": 3090000,
      "rd": 2818000,
      "sga": null,
      "fcf": -2533000,
      "ocf": -2533000,
      "capex": null,
      "gross_margin": 0.5964476949196813,
      "op_margin": -0.6597884288885987,
      "fcf_margin": -0.3308084106046755,
      "incr_op_margin_yoy": 0.2981699290490475,
      "rev_growth_yoy": -0.15916758799145925,
      "rev_growth_yoy_accel": 0.1611602013879333,
      "op_leverage_ratio": Infinity,
      "fcf_margin_change": -0.14599046522106038
    },
    {
      "date": "2022-12-31T00:00:00",
      "quarter_label": "2022-12 (Q4)",
      "revenue": 7301000,
      "gross_profit": 4309000,
      "operating_income": -4456000,
      "net_income": -4154000,
      "opex": 8765000,
      "cogs": 2992000,
      "rd": 2400000,
      "sga": null,
      "fcf": -2552000,
      "ocf": -2552000,
      "capex": null,
      "gross_margin": 0.5901931242295576,
      "op_margin": -0.610327352417477,
      "fcf_margin": -0.34954115874537733,
      "rev_growth_yoy": -0.11400254598364405,
      "rev_growth_yoy_accel": 0.045165042007815195,
      "fcf_margin_change": -0.01873274814070186
    },
    {
      "date": "2023-03-31T00:00:00",
      "quarter_label": "2023-03 (Q1)",
      "revenue": 6548000,
      "gross_profit": 3876000,
      "operating_income": -5619000,
      "net_income": -5347000,
      "opex": 9495000,
      "cogs": 2672000,
      "rd": 2746000,
      "sga": null,
      "fcf": -2802000,
      "ocf": -2802000,
      "capex": null,
      "gross_margin": 0.5919364691508857,
      "op_margin": -0.8581246182040317,
      "fcf_margin": -0.4279169211973122,
      "rev_growth_yoy": -0.06948983942020748,
      "rev_growth_yoy_accel": 0.044512706563436574,
      "fcf_margin_change": -0.07837576245193484
    },
    {
      "date": "2023-06-30T00:00:00",
      "quarter_label": "2023-06 (Q2)",
      "revenue": 7859000,
      "gross_profit": 4187000,
      "operating_income": -5277000,
      "net_income": -4957000,
      "opex": 9464000,
      "cogs": 3672000,
      "rd": 2647000,
      "sga": null,
      "fcf": -2931000,
      "ocf": -2931000,
      "capex": null,
      "gross_margin": 0.532764982822242,
      "op_margin": -0.6714594732154218,
      "fcf_margin": -0.3729482122407431,
      "incr_op_margin_yoy": -0.05741066198008202,
      "rev_growth_yoy": 0.2774707412223667,
      "rev_growth_yoy_accel": 0.3469605806425742,
      "op_leverage_ratio": Infinity,
      "fcf_margin_change": 0.05496870895656908
    },
    {
      "date": "2023-09-30T00:00:00",
      "quarter_label": "2023-09 (Q3)",
      "revenue": 7799000,
      "gross_profit": 4059000,
      "operating_income": -5639000,
      "net_income": -5369000,
      "opex": 9698000,
      "cogs": 3740000,
      "rd": 2668000,
      "sga": null,
      "fcf": -967000,
      "ocf": -967000,
      "capex": null,
      "gross_margin": 0.5204513399153737,
      "op_margin": -0.7230414155660982,
      "fcf_margin": -0.12399025516091806,
      "rev_growth_yoy": 0.018545122110487137,
      "rev_growth_yoy_accel": -0.25892561911187956,
      "fcf_margin_change": 0.24895795707982504
    },
    {
      "date": "2023-12-31T00:00:00",
      "quarter_label": "2023-12 (Q4)",
      "revenue": 4565000,
      "gross_profit": 2738000,
      "operating_income": -5304000,
      "net_income": -5040000,
      "opex": 8042000,
      "cogs": 1827000,
      "rd": 2212000,
      "sga": null,
      "fcf": -2439000,
      "ocf": -2439000,
      "capex": null,
      "gross_margin": 0.5997809419496166,
      "op_margin": -1.1618838992332967,
      "fcf_margin": -0.5342825848849945,
      "incr_op_margin_yoy": 0.30994152046783624,
      "rev_growth_yoy": -0.37474318586495,
      "rev_growth_yoy_accel": -0.3932883079754371,
      "fcf_margin_change": -0.4102923297240764
    },
    {
      "date": "2024-03-31T00:00:00",
      "quarter_label": "2024-03 (Q1)",
      "revenue": 6880000,
      "gross_profit": 3966000,
      "operating_income": -4746000,
      "net_income": -4507000,
      "opex": 8712000,
      "cogs": 2914000,
      "rd": 2243000,
      "sga": null,
      "fcf": -2346000,
      "ocf": -2346000,
      "capex": null,
      "gross_margin": 0.576453488372093,
      "op_margin": -0.6898255813953489,
      "fcf_margin": -0.34098837209302324,
      "rev_growth_yoy": 0.05070250458155162,
      "rev_growth_yoy_accel": 0.4254456904465016,
      "op_leverage_ratio": 6.08694642886335,
      "fcf_margin_change": 0.19329421279197123
    },
    {
      "date": "2024-06-30T00:00:00",
      "quarter_label": "2024-06 (Q2)",
      "revenue": 4502000,
      "gross_profit": 3313000,
      "operating_income": -6021000,
      "net_income": -5833000,
      "opex": 9334000,
      "cogs": 1189000,
      "rd": 2273000,
      "sga": null,
      "fcf": -3088000,
      "ocf": -3088000,
      "capex": null,
      "gross_margin": 0.7358951577076854,
      "op_margin": -1.3374055975122168,
      "fcf_margin": -0.6859173700577521,
      "incr_op_margin_yoy": 0.22162645218945487,
      "rev_growth_yoy": -0.4271535818806464,
      "rev_growth_yoy_accel": -0.477856086462198,
      "fcf_margin_change": -0.34492899796472887
    },
    {
      "date": "2024-09-30T00:00:00",
      "quarter_label": "2024-09 (Q3)",
      "revenue": 9196000,
      "gross_profit": 4099000,
      "operating_income": -6345000,
      "net_income": -6190000,
      "opex": 10444000,
      "cogs": 5097000,
      "rd": 2454000,
      "sga": null,
      "fcf": -4329000,
      "ocf": -4329000,
      "capex": null,
      "gross_margin": 0.44573727707699,
      "op_margin": -0.6899739016963897,
      "fcf_margin": -0.47074815137016096,
      "incr_op_margin_yoy": -0.5053686471009305,
      "rev_growth_yoy": 0.17912552891396333,
      "rev_growth_yoy_accel": 0.6062791107946097,
      "op_leverage_ratio": 8.767634004506506,
      "fcf_margin_change": 0.21516921868759115
    },
    {
      "date": "2024-12-31T00:00:00",
      "quarter_label": "2024-12 (Q4)",
      "revenue": 6340000,
      "gross_profit": 3216000,
      "operating_income": -7627000,
      "net_income": -7515000,
      "opex": 10843000,
      "cogs": 3124000,
      "rd": 2790000,
      "sga": null,
      "fcf": 1266000,
      "ocf": 1266000,
      "capex": null,
      "gross_margin": 0.5072555205047319,
      "op_margin": -1.2029968454258675,
      "fcf_margin": 0.19968454258675078,
      "incr_op_margin_yoy": -1.3087323943661973,
      "rev_growth_yoy": 0.3888280394304491,
      "rev_growth_yoy_accel": 0.20970251051648575,
      "fcf_margin_change": 0.6704326939569117
    },
    {
      "date": "2025-03-31T00:00:00",
      "quarter_label": "2025-03 (Q1)",
      "revenue": 7472000,
      "gross_profit": 4064000,
      "operating_income": -5929000,
      "net_income": -5823000,
      "opex": 9993000,
      "cogs": 3408000,
      "rd": 2350000,
      "sga": null,
      "fcf": -1779000,
      "ocf": -1779000,
      "capex": null,
      "gross_margin": 0.5438972162740899,
      "op_margin": -0.7934957173447538,
      "fcf_margin": -0.23808886509635974,
      "rev_growth_yoy": 0.08604651162790698,
      "rev_growth_yoy_accel": -0.3027815278025421,
      "op_leverage_ratio": Infinity,
      "fcf_margin_change": -0.4377734076831105
    },
    {
      "date": "2025-06-30T00:00:00",
      "quarter_label": "2025-06 (Q2)",
      "revenue": 8798000,
      "gross_profit": 4579000,
      "operating_income": -3977000,
      "net_income": -3826000,
      "opex": 8556000,
      "cogs": 4219000,
      "rd": 1777000,
      "sga": null,
      "fcf": -3733000,
      "ocf": -3733000,
      "capex": null,
      "gross_margin": 0.5204591952716526,
      "op_margin": -0.4520345533075699,
      "fcf_margin": -0.4243009774948852,
      "incr_op_margin_yoy": 0.4757914338919926,
      "rev_growth_yoy": 0.9542425588627277,
      "rev_growth_yoy_accel": 0.8681960472348207,
      "op_leverage_ratio": Infinity,
      "fcf_margin_change": -0.18621211239852548
    },
    {
      "date": "2025-09-30T00:00:00",
      "quarter_label": "2025-09 (Q3)",
      "revenue": 7464000,
      "gross_profit": 4101000,
      "operating_income": -6557000,
      "net_income": -6463000,
      "opex": 10658000,
      "cogs": 3363000,
      "rd": 2546000,
      "sga": null,
      "fcf": -4204000,
      "ocf": -4204000,
      "capex": null,
      "gross_margin": 0.5494372990353698,
      "op_margin": -0.8784833869239014,
      "fcf_margin": -0.5632368703108253,
      "incr_op_margin_yoy": 0.12240184757505773,
      "rev_growth_yoy": -0.18834275772074816,
      "rev_growth_yoy_accel": -1.1425853165834758,
      "fcf_margin_change": -0.13893589281594004
    }
  ],
  "signals": [
    {
      "quarter": "2025-09 (Q3)",
      "signal": "GROSS MARGIN INFLECTION",
      "detail": "GM: +54.4% -> +52.0% -> +54.9% (reversal +2.9%)",
      "severity": "MEDIUM"
    },
    {
      "quarter": "2025-09 (Q3)",
      "signal": "YoY REVENUE GROWTH DECELERATION",
      "detail": "YoY growth: -18.8% vs prior quarter YoY: +95.4% (decel: -114.3%)",
      "severity": "WARNING"
    },
    {
      "quarter": "2025-06 (Q2)",
      "signal": "YoY REVENUE GROWTH ACCELERATION",
      "detail": "YoY growth: +95.4% vs prior quarter YoY: +8.6% (accel: +86.8%)",
      "severity": "HIGH"
    },
    {
      "quarter": "2025-03 (Q1)",
      "signal": "YoY REVENUE GROWTH DECELERATION",
      "detail": "YoY growth: +8.6% vs prior quarter YoY: +38.9% (decel: -30.3%)",
      "severity": "WARNING"
    },
    {
      "quarter": "2024-12 (Q4)",
      "signal": "FCF TURNED POSITIVE",
      "detail": "FCF margin: -47.1% -> +20.0%",
      "severity": "HIGH"
    },
    {
      "quarter": "2024-12 (Q4)",
      "signal": "GROSS MARGIN INFLECTION",
      "detail": "GM: +73.6% -> +44.6% -> +50.7% (reversal +6.2%)",
      "severity": "HIGH"
    },
    {
      "quarter": "2024-12 (Q4)",
      "signal": "YoY REVENUE GROWTH ACCELERATION",
      "detail": "YoY growth: +38.9% vs prior quarter YoY: +17.9% (accel: +21.0%)",
      "severity": "HIGH"
    },
    {
      "quarter": "2024-09 (Q3)",
      "signal": "FCF MARGIN EXPANSION",
      "detail": "FCF margin: -68.6% -> -47.1% (+21.5%)",
      "severity": "MEDIUM"
    },
    {
      "quarter": "2024-09 (Q3)",
      "signal": "OPERATING LEVERAGE",
      "detail": "Rev growth +104.3% vs OpEx growth +11.9% (leverage: 8.8x)",
      "severity": "MEDIUM"
    },
    {
      "quarter": "2024-09 (Q3)",
      "signal": "YoY REVENUE GROWTH ACCELERATION",
      "detail": "YoY growth: +17.9% vs prior quarter YoY: -42.7% (accel: +60.6%)",
      "severity": "HIGH"
    },
    {
      "quarter": "2024-06 (Q2)",
      "signal": "GROSS MARGIN INFLECTION",
      "detail": "GM: +60.0% -> +57.6% -> +73.6% (reversal +15.9%)",
      "severity": "HIGH"
    },
    {
      "quarter": "2024-06 (Q2)",
      "signal": "YoY REVENUE GROWTH DECELERATION",
      "detail": "YoY growth: -42.7% vs prior quarter YoY: +5.1% (decel: -47.8%)",
      "severity": "WARNING"
    },
    {
      "quarter": "2024-03 (Q1)",
      "signal": "FCF MARGIN EXPANSION",
      "detail": "FCF margin: -53.4% -> -34.1% (+19.3%)",
      "severity": "MEDIUM"
    },
    {
      "quarter": "2024-03 (Q1)",
      "signal": "OPERATING LEVERAGE",
      "detail": "Rev growth +50.7% vs OpEx growth +8.3% (leverage: 6.1x)",
      "severity": "MEDIUM"
    },
    {
      "quarter": "2024-03 (Q1)",
      "signal": "YoY REVENUE GROWTH ACCELERATION",
      "detail": "YoY growth: +5.1% vs prior quarter YoY: -37.5% (accel: +42.5%)",
      "severity": "HIGH"
    },
    {
      "quarter": "2023-12 (Q4)",
      "signal": "GROSS MARGIN INFLECTION",
      "detail": "GM: +53.3% -> +52.0% -> +60.0% (reversal +7.9%)",
      "severity": "HIGH"
    },
    {
      "quarter": "2023-12 (Q4)",
      "signal": "YoY REVENUE GROWTH DECELERATION",
      "detail": "YoY growth: -37.5% vs prior quarter YoY: +1.9% (decel: -39.3%)",
      "severity": "WARNING"
    },
    {
      "quarter": "2023-09 (Q3)",
      "signal": "FCF MARGIN EXPANSION",
      "detail": "FCF margin: -37.3% -> -12.4% (+24.9%)",
      "severity": "MEDIUM"
    },
    {
      "quarter": "2023-09 (Q3)",
      "signal": "YoY REVENUE GROWTH DECELERATION",
      "detail": "YoY growth: +1.9% vs prior quarter YoY: +27.7% (decel: -25.9%)",
      "severity": "WARNING"
    },
    {
      "quarter": "2023-06 (Q2)",
      "signal": "FCF MARGIN EXPANSION",
      "detail": "FCF margin: -42.8% -> -37.3% (+5.5%)",
      "severity": "MEDIUM"
    },
    {
      "quarter": "2023-06 (Q2)",
      "signal": "YoY REVENUE GROWTH ACCELERATION",
      "detail": "YoY growth: +27.7% vs prior quarter YoY: -6.9% (accel: +34.7%)",
      "severity": "HIGH"
    },
    {
      "quarter": "2022-09 (Q3)",
      "signal": "YoY REVENUE GROWTH ACCELERATION",
      "detail": "YoY growth: -15.9% vs prior quarter YoY: -32.0% (accel: +16.1%)",
      "severity": "HIGH"
    },
    {
      "quarter": "2022-06 (Q2)",
      "signal": "FCF MARGIN EXPANSION",
      "detail": "FCF margin: -31.2% -> -18.5% (+12.7%)",
      "severity": "MEDIUM"
    },
    {
      "quarter": "2022-06 (Q2)",
      "signal": "GROSS MARGIN INFLECTION",
      "detail": "GM: +72.2% -> +70.0% -> +75.9% (reversal +5.9%)",
      "severity": "HIGH"
    },
    {
      "quarter": "2022-06 (Q2)",
      "signal": "YoY REVENUE GROWTH DECELERATION",
      "detail": "YoY growth: -32.0% vs prior quarter YoY: -18.4% (decel: -13.6%)",
      "severity": "WARNING"
    },
    {
      "quarter": "2022-03 (Q1)",
      "signal": "YoY REVENUE GROWTH DECELERATION",
      "detail": "YoY growth: -18.4% vs prior quarter YoY: +20.7% (decel: -39.1%)",
      "severity": "WARNING"
    },
    {
      "quarter": "2021-12 (Q4)",
      "signal": "GROSS MARGIN INFLECTION",
      "detail": "GM: +72.2% -> +52.0% -> +72.2% (reversal +20.2%)",
      "severity": "HIGH"
    },
    {
      "quarter": "2021-06 (Q2)",
      "signal": "FCF TURNED POSITIVE",
      "detail": "FCF margin: -3.5% -> +0.4%",
      "severity": "HIGH"
    },
    {
      "quarter": "2021-06 (Q2)",
      "signal": "GROSS MARGIN INFLECTION",
      "detail": "GM: +76.5% -> +69.8% -> +72.2% (reversal +2.4%)",
      "severity": "MEDIUM"
    }
  ],
  "data_quality": {
    "n_quarters": 20,
    "coverage": {
      "revenue": [
        20,
        20
      ],
      "gross_profit": [
        20,
        20
      ],
      "op_income": [
        20,
        20
      ],
      "fcf": [
        20,
        20
      ]
    },
    "gaps": [],
    "warnings": []
  },
  "market_cap": null,
  "source": "SEC EDGAR",
  "last_updated": "2026-02-02T22:55:25.659335"
}