{
  "ticker": "STZ",
  "name": "CONSTELLATION BRANDS, INC.",
  "quarters": [
    {
      "date": "2021-02-28T00:00:00",
      "quarter_label": "2021-02 (Q1)",
      "revenue": 1953000000,
      "gross_profit": 993700000,
      "operating_income": 559300000,
      "net_income": 382900000,
      "opex": 434400000,
      "cogs": 959300000,
      "rd": null,
      "sga": 453300000,
      "fcf": 46000000,
      "ocf": 442900000,
      "capex": -396900000,
      "gross_margin": 0.5088069636456733,
      "op_margin": 0.2863799283154122,
      "fcf_margin": 0.023553507424475168
    },
    {
      "date": "2021-05-31T00:00:00",
      "quarter_label": "2021-05 (Q2)",
      "revenue": 2026500000,
      "gross_profit": 1119300000,
      "operating_income": 75100000,
      "net_income": -908100000,
      "opex": 1044200000,
      "cogs": 907200000,
      "rd": null,
      "sga": 378300000,
      "fcf": 602100000,
      "ocf": 716000000,
      "capex": -113900000,
      "gross_margin": 0.5523316062176166,
      "op_margin": 0.03705896866518628,
      "fcf_margin": 0.2971132494448557,
      "op_leverage_ratio": 0.02680942456014135,
      "fcf_margin_change": 0.2735597420203805
    },
    {
      "date": "2021-08-31T00:00:00",
      "quarter_label": "2021-08 (Q3)",
      "revenue": 2371100000,
      "gross_profit": 1229700000,
      "operating_income": 739200000,
      "net_income": 1500000,
      "opex": 490500000,
      "cogs": 1141400000,
      "rd": null,
      "sga": 490500000,
      "fcf": 570400000,
      "ocf": 809900000,
      "capex": -239500000,
      "gross_margin": 0.5186200497659315,
      "op_margin": 0.31175403821011344,
      "fcf_margin": 0.2405634515625659,
      "op_leverage_ratio": Infinity,
      "fcf_margin_change": -0.05654979788228978
    },
    {
      "date": "2021-11-30T00:00:00",
      "quarter_label": "2021-11 (Q4)",
      "revenue": 2320600000,
      "gross_profit": 1225700000,
      "operating_income": 839900000,
      "net_income": 470800000,
      "opex": 385800000,
      "cogs": 1094900000,
      "rd": null,
      "sga": 385800000,
      "fcf": 672900000,
      "ocf": 918200000,
      "capex": -245300000,
      "gross_margin": 0.52818236662932,
      "op_margin": 0.36193225889856073,
      "fcf_margin": 0.2899681116952512,
      "fcf_margin_change": 0.049404660132685324
    },
    {
      "date": "2022-02-28T00:00:00",
      "quarter_label": "2022-02 (Q1)",
      "revenue": 2102500000,
      "gross_profit": 1132600000,
      "operating_income": 677500000,
      "net_income": 395400000,
      "opex": 455100000,
      "cogs": 969900000,
      "rd": null,
      "sga": 456800000,
      "fcf": -166800000,
      "ocf": 261300000,
      "capex": -428100000,
      "gross_margin": 0.538692033293698,
      "op_margin": 0.3222354340071344,
      "fcf_margin": -0.07933412604042807,
      "incr_op_margin_yoy": 0.7906354515050167,
      "rev_growth_yoy": 0.0765488991295443,
      "fcf_margin_change": -0.3693022377356793
    },
    {
      "date": "2022-05-31T00:00:00",
      "quarter_label": "2022-05 (Q2)",
      "revenue": 2363200000,
      "gross_profit": 1255000000,
      "operating_income": 816400000,
      "net_income": 389500000,
      "opex": 438600000,
      "cogs": 1108200000,
      "rd": null,
      "sga": 438600000,
      "fcf": 561600000,
      "ocf": 758200000,
      "capex": -196600000,
      "gross_margin": 0.5310595802301964,
      "op_margin": 0.3454637779282329,
      "fcf_margin": 0.23764387271496276,
      "incr_op_margin_yoy": 2.2016632016632016,
      "rev_growth_yoy": 0.16614853195164075,
      "rev_growth_yoy_accel": 0.08959963282209646,
      "op_leverage_ratio": Infinity,
      "fcf_margin_change": 0.31697799875539084
    },
    {
      "date": "2022-08-31T00:00:00",
      "quarter_label": "2022-08 (Q3)",
      "revenue": 2655100000,
      "gross_profit": 1325900000,
      "operating_income": 813100000,
      "net_income": -1151200000,
      "opex": 512800000,
      "cogs": 1329200000,
      "rd": null,
      "sga": 512800000,
      "fcf": 657700000,
      "ocf": 896100000,
      "capex": -238400000,
      "gross_margin": 0.49937855448005725,
      "op_margin": 0.306240819554819,
      "fcf_margin": 0.24771195058566534,
      "incr_op_margin_yoy": 0.2602112676056338,
      "rev_growth_yoy": 0.11977563156340938,
      "rev_growth_yoy_accel": -0.04637290038823137,
      "op_leverage_ratio": 0.730126882640743,
      "fcf_margin_change": 0.010068077870702574
    },
    {
      "date": "2022-11-30T00:00:00",
      "quarter_label": "2022-11 (Q4)",
      "revenue": 2436500000,
      "gross_profit": 1226900000,
      "operating_income": 746700000,
      "net_income": 467700000,
      "opex": 480200000,
      "cogs": 1209600000,
      "rd": null,
      "sga": 480200000,
      "fcf": 377500000,
      "ocf": 626300000,
      "capex": -248800000,
      "gross_margin": 0.5035501744305356,
      "op_margin": 0.3064641904371024,
      "fcf_margin": 0.15493535809562897,
      "incr_op_margin_yoy": -0.8041415012942191,
      "rev_growth_yoy": 0.04994398000517108,
      "rev_growth_yoy_accel": -0.06983165155823831,
      "fcf_margin_change": -0.09277659249003636
    },
    {
      "date": "2023-02-28T00:00:00",
      "quarter_label": "2023-02 (Q1)",
      "revenue": 1997800000,
      "gross_profit": 961200000,
      "operating_income": 466700000,
      "net_income": 223000000,
      "opex": 494500000,
      "cogs": 1036600000,
      "rd": null,
      "sga": 494500000,
      "fcf": 124700000,
      "ocf": 476300000,
      "capex": -351600000,
      "gross_margin": 0.48112924216638303,
      "op_margin": 0.23360696766443087,
      "fcf_margin": 0.06241866052657924,
      "incr_op_margin_yoy": 2.0133715377268384,
      "rev_growth_yoy": -0.049797859690844236,
      "rev_growth_yoy_accel": -0.09974183969601531,
      "fcf_margin_change": -0.09251669756904973
    },
    {
      "date": "2023-05-31T00:00:00",
      "quarter_label": "2023-05 (Q2)",
      "revenue": 2514900000,
      "gross_profit": 1257800000,
      "operating_income": 764700000,
      "net_income": 135900000,
      "opex": 493100000,
      "cogs": 1257100000,
      "rd": null,
      "sga": 493100000,
      "fcf": 388400000,
      "ocf": 665400000,
      "capex": -277000000,
      "gross_margin": 0.5001391705435604,
      "op_margin": 0.3040677561732077,
      "fcf_margin": 0.15443954033957613,
      "incr_op_margin_yoy": -0.34080421885299933,
      "rev_growth_yoy": 0.0641926201760325,
      "rev_growth_yoy_accel": 0.11399047986687674,
      "op_leverage_ratio": Infinity,
      "fcf_margin_change": 0.09202087981299689
    },
    {
      "date": "2023-08-31T00:00:00",
      "quarter_label": "2023-08 (Q3)",
      "revenue": 2836800000,
      "gross_profit": 1449900000,
      "operating_income": 978700000,
      "net_income": 690000000,
      "opex": 471200000,
      "cogs": 1386900000,
      "rd": null,
      "sga": 471200000,
      "fcf": 651600000,
      "ocf": 956600000,
      "capex": -305000000,
      "gross_margin": 0.5111040609137056,
      "op_margin": 0.3450014100394811,
      "fcf_margin": 0.2296954314720812,
      "incr_op_margin_yoy": 0.9113924050632911,
      "rev_growth_yoy": 0.06843433392339271,
      "rev_growth_yoy_accel": 0.0042417137473602096,
      "op_leverage_ratio": Infinity,
      "fcf_margin_change": 0.07525589113250508
    },
    {
      "date": "2023-11-30T00:00:00",
      "quarter_label": "2023-11 (Q4)",
      "revenue": 2470900000,
      "gross_profit": 1270600000,
      "operating_income": 796900000,
      "net_income": 509100000,
      "opex": 473700000,
      "cogs": 1200300000,
      "rd": null,
      "sga": 473700000,
      "fcf": 394900000,
      "ocf": 724800000,
      "capex": -329900000,
      "gross_margin": 0.5142255858189324,
      "op_margin": 0.3225140637014853,
      "fcf_margin": 0.15982030838965558,
      "incr_op_margin_yoy": 1.4593023255813953,
      "rev_growth_yoy": 0.014118612764210958,
      "rev_growth_yoy_accel": -0.05431572115918175,
      "fcf_margin_change": -0.06987512308242563
    },
    {
      "date": "2024-02-29T00:00:00",
      "quarter_label": "2024-02 (Q1)",
      "revenue": 2139200000,
      "gross_profit": 1039200000,
      "operating_income": 629400000,
      "net_income": 392400000,
      "opex": 409800000,
      "cogs": 1100000000,
      "rd": null,
      "sga": 409800000,
      "fcf": 76000000,
      "ocf": 433200000,
      "capex": -357200000,
      "gross_margin": 0.4857890800299177,
      "op_margin": 0.29422213911742706,
      "fcf_margin": 0.03552729992520568,
      "incr_op_margin_yoy": 1.1506364922206507,
      "rev_growth_yoy": 0.07077785564120533,
      "rev_growth_yoy_accel": 0.056659242876994365,
      "fcf_margin_change": -0.1242930084644499
    },
    {
      "date": "2024-05-31T00:00:00",
      "quarter_label": "2024-05 (Q2)",
      "revenue": 2661800000,
      "gross_profit": 1403800000,
      "operating_income": 941600000,
      "net_income": 877000000,
      "opex": 462200000,
      "cogs": 1258000000,
      "rd": null,
      "sga": 462200000,
      "fcf": 315200000,
      "ocf": 690500000,
      "capex": -375300000,
      "gross_margin": 0.5273874821549328,
      "op_margin": 0.35374558569389136,
      "fcf_margin": 0.11841610939965437,
      "incr_op_margin_yoy": 1.2042205582028591,
      "rev_growth_yoy": 0.05841186528291383,
      "rev_growth_yoy_accel": -0.012365990358291494,
      "op_leverage_ratio": 1.910551208413504,
      "fcf_margin_change": 0.08288880947444868
    },
    {
      "date": "2024-08-31T00:00:00",
      "quarter_label": "2024-08 (Q3)",
      "revenue": 2918900000,
      "gross_profit": 1511800000,
      "operating_income": -1229400000,
      "net_income": -1199000000,
      "opex": 2741200000,
      "cogs": 1407100000,
      "rd": null,
      "sga": 491200000,
      "fcf": 854000000,
      "ocf": 1181800000,
      "capex": -327800000,
      "gross_margin": 0.5179348384665456,
      "op_margin": -0.4211860632430025,
      "fcf_margin": 0.29257597039980815,
      "incr_op_margin_yoy": -26.895249695493302,
      "rev_growth_yoy": 0.028941060349689792,
      "rev_growth_yoy_accel": -0.02947080493322404,
      "op_leverage_ratio": 0.01958900025455627,
      "fcf_margin_change": 0.1741598610001538
    },
    {
      "date": "2024-11-30T00:00:00",
      "quarter_label": "2024-11 (Q4)",
      "revenue": 2463800000,
      "gross_profit": 1284300000,
      "operating_income": 793000000,
      "net_income": 615900000,
      "opex": 491300000,
      "cogs": 1179500000,
      "rd": null,
      "sga": 491300000,
      "fcf": 456800000,
      "ocf": 685200000,
      "capex": -228400000,
      "gross_margin": 0.5212679600616933,
      "op_margin": 0.3218605406282978,
      "fcf_margin": 0.18540465946911275,
      "incr_op_margin_yoy": 0.5492957746478874,
      "rev_growth_yoy": -0.0028734469221741066,
      "rev_growth_yoy_accel": -0.0318145072718639,
      "fcf_margin_change": -0.1071713109306954
    },
    {
      "date": "2025-02-28T00:00:00",
      "quarter_label": "2025-02 (Q1)",
      "revenue": 2164200000,
      "gross_profit": 1114700000,
      "operating_income": -150300000,
      "net_income": -375300000,
      "opex": 1265000000,
      "cogs": 1049500000,
      "rd": null,
      "sga": 505300000,
      "fcf": 312100000,
      "ocf": 594700000,
      "capex": -282600000,
      "gross_margin": 0.515063302837076,
      "op_margin": -0.06944829498197948,
      "fcf_margin": 0.14421033176231401,
      "incr_op_margin_yoy": -31.188,
      "rev_growth_yoy": 0.01168661181750187,
      "rev_growth_yoy_accel": 0.014560058739675976,
      "fcf_margin_change": -0.04119432770679873
    },
    {
      "date": "2025-05-31T00:00:00",
      "quarter_label": "2025-05 (Q2)",
      "revenue": 2515000000,
      "gross_profit": 1266600000,
      "operating_income": 713800000,
      "net_income": 516100000,
      "opex": 552800000,
      "cogs": 1248400000,
      "rd": null,
      "sga": 500700000,
      "fcf": 444400000,
      "ocf": 637200000,
      "capex": -192800000,
      "gross_margin": 0.5036182902584493,
      "op_margin": 0.283817097415507,
      "fcf_margin": 0.17669980119284295,
      "incr_op_margin_yoy": 1.5517711171662125,
      "rev_growth_yoy": -0.055150649936133445,
      "rev_growth_yoy_accel": -0.06683726175363532,
      "op_leverage_ratio": Infinity,
      "fcf_margin_change": 0.03248946943052894
    },
    {
      "date": "2025-08-31T00:00:00",
      "quarter_label": "2025-08 (Q3)",
      "revenue": 2481000000,
      "gross_profit": 1310000000,
      "operating_income": 874000000,
      "net_income": 466000000,
      "opex": 436000000,
      "cogs": 1171000000,
      "rd": null,
      "sga": 436000000,
      "fcf": 634800000,
      "ocf": 852100000,
      "capex": -217300000,
      "gross_margin": 0.52801289802499,
      "op_margin": 0.35227730753728337,
      "fcf_margin": 0.2558645707376058,
      "incr_op_margin_yoy": -4.8033797670701075,
      "rev_growth_yoy": -0.15002226866285245,
      "rev_growth_yoy_accel": -0.09487161872671901,
      "fcf_margin_change": 0.07916476954476287
    },
    {
      "date": "2025-11-30T00:00:00",
      "quarter_label": "2025-11 (Q4)",
      "revenue": 2222800000,
      "gross_profit": 1183200000,
      "operating_income": 692000000,
      "net_income": 502800000,
      "opex": 491200000,
      "cogs": 1039600000,
      "rd": null,
      "sga": 491200000,
      "fcf": 370900000,
      "ocf": 616900000,
      "capex": -246000000,
      "gross_margin": 0.5323016015835883,
      "op_margin": 0.31131905704516827,
      "fcf_margin": 0.16686161597984525,
      "incr_op_margin_yoy": 0.4190871369294606,
      "rev_growth_yoy": -0.0978163811997727,
      "rev_growth_yoy_accel": 0.05220588746307975,
      "fcf_margin_change": -0.08900295475776057
    }
  ],
  "signals": [
    {
      "quarter": "2025-11 (Q4)",
      "signal": "YoY REVENUE GROWTH ACCELERATION",
      "detail": "YoY growth: -9.8% vs prior quarter YoY: -15.0% (accel: +5.2%)",
      "severity": "MEDIUM"
    },
    {
      "quarter": "2025-08 (Q3)",
      "signal": "FCF MARGIN EXPANSION",
      "detail": "FCF margin: +17.7% -> +25.6% (+7.9%)",
      "severity": "MEDIUM"
    },
    {
      "quarter": "2025-08 (Q3)",
      "signal": "GROSS MARGIN INFLECTION",
      "detail": "GM: +51.5% -> +50.4% -> +52.8% (reversal +2.4%)",
      "severity": "MEDIUM"
    },
    {
      "quarter": "2025-08 (Q3)",
      "signal": "YoY REVENUE GROWTH DECELERATION",
      "detail": "YoY growth: -15.0% vs prior quarter YoY: -5.5% (decel: -9.5%)",
      "severity": "WARNING"
    },
    {
      "quarter": "2025-08 (Q3)",
      "signal": "OP MARGIN TURNED POSITIVE (YoY)",
      "detail": "Op margin: -42.1% (year-ago) -> +35.2%",
      "severity": "HIGH"
    },
    {
      "quarter": "2025-05 (Q2)",
      "signal": "YoY REVENUE GROWTH DECELERATION",
      "detail": "YoY growth: -5.5% vs prior quarter YoY: +1.2% (decel: -6.7%)",
      "severity": "WARNING"
    },
    {
      "quarter": "2025-05 (Q2)",
      "signal": "INCREMENTAL MARGIN (YoY)",
      "detail": "YoY Incr OPM: +155.2% vs year-ago OPM: +35.4%",
      "severity": "HIGH"
    },
    {
      "quarter": "2025-05 (Q2)",
      "signal": "OP MARGIN TURNED POSITIVE (QoQ)",
      "detail": "Op margin: -6.9% -> +28.4%",
      "severity": "HIGH"
    },
    {
      "quarter": "2024-11 (Q4)",
      "signal": "INCREMENTAL MARGIN (YoY)",
      "detail": "YoY Incr OPM: +54.9% vs year-ago OPM: +32.3%",
      "severity": "HIGH"
    },
    {
      "quarter": "2024-11 (Q4)",
      "signal": "OP MARGIN TURNED POSITIVE (QoQ)",
      "detail": "Op margin: -42.1% -> +32.2%",
      "severity": "HIGH"
    },
    {
      "quarter": "2024-08 (Q3)",
      "signal": "FCF MARGIN EXPANSION",
      "detail": "FCF margin: +11.8% -> +29.3% (+17.4%)",
      "severity": "MEDIUM"
    },
    {
      "quarter": "2024-05 (Q2)",
      "signal": "FCF MARGIN EXPANSION",
      "detail": "FCF margin: +3.6% -> +11.8% (+8.3%)",
      "severity": "MEDIUM"
    },
    {
      "quarter": "2024-05 (Q2)",
      "signal": "OPERATING LEVERAGE",
      "detail": "Rev growth +24.4% vs OpEx growth +12.8% (leverage: 1.9x)",
      "severity": "MEDIUM"
    },
    {
      "quarter": "2024-05 (Q2)",
      "signal": "GROSS MARGIN INFLECTION",
      "detail": "GM: +51.4% -> +48.6% -> +52.7% (reversal +4.2%)",
      "severity": "MEDIUM"
    },
    {
      "quarter": "2024-05 (Q2)",
      "signal": "INCREMENTAL MARGIN (YoY)",
      "detail": "YoY Incr OPM: +120.4% vs year-ago OPM: +30.4%",
      "severity": "HIGH"
    },
    {
      "quarter": "2024-02 (Q1)",
      "signal": "YoY REVENUE GROWTH ACCELERATION",
      "detail": "YoY growth: +7.1% vs prior quarter YoY: +1.4% (accel: +5.7%)",
      "severity": "MEDIUM"
    },
    {
      "quarter": "2024-02 (Q1)",
      "signal": "INCREMENTAL MARGIN (YoY)",
      "detail": "YoY Incr OPM: +115.1% vs year-ago OPM: +23.4%",
      "severity": "HIGH"
    },
    {
      "quarter": "2023-11 (Q4)",
      "signal": "YoY REVENUE GROWTH DECELERATION",
      "detail": "YoY growth: +1.4% vs prior quarter YoY: +6.8% (decel: -5.4%)",
      "severity": "WARNING"
    },
    {
      "quarter": "2023-11 (Q4)",
      "signal": "INCREMENTAL MARGIN (YoY)",
      "detail": "YoY Incr OPM: +145.9% vs year-ago OPM: +30.6%",
      "severity": "HIGH"
    },
    {
      "quarter": "2023-08 (Q3)",
      "signal": "FCF MARGIN EXPANSION",
      "detail": "FCF margin: +15.4% -> +23.0% (+7.5%)",
      "severity": "MEDIUM"
    },
    {
      "quarter": "2023-08 (Q3)",
      "signal": "INCREMENTAL MARGIN (YoY)",
      "detail": "YoY Incr OPM: +91.1% vs year-ago OPM: +30.6%",
      "severity": "HIGH"
    },
    {
      "quarter": "2023-05 (Q2)",
      "signal": "FCF MARGIN EXPANSION",
      "detail": "FCF margin: +6.2% -> +15.4% (+9.2%)",
      "severity": "MEDIUM"
    },
    {
      "quarter": "2023-05 (Q2)",
      "signal": "YoY REVENUE GROWTH ACCELERATION",
      "detail": "YoY growth: +6.4% vs prior quarter YoY: -5.0% (accel: +11.4%)",
      "severity": "MEDIUM"
    },
    {
      "quarter": "2023-02 (Q1)",
      "signal": "YoY REVENUE GROWTH DECELERATION",
      "detail": "YoY growth: -5.0% vs prior quarter YoY: +5.0% (decel: -10.0%)",
      "severity": "WARNING"
    },
    {
      "quarter": "2023-02 (Q1)",
      "signal": "INCREMENTAL MARGIN (YoY)",
      "detail": "YoY Incr OPM: +201.3% vs year-ago OPM: +32.2%",
      "severity": "HIGH"
    },
    {
      "quarter": "2022-11 (Q4)",
      "signal": "YoY REVENUE GROWTH DECELERATION",
      "detail": "YoY growth: +5.0% vs prior quarter YoY: +12.0% (decel: -7.0%)",
      "severity": "WARNING"
    },
    {
      "quarter": "2022-05 (Q2)",
      "signal": "FCF TURNED POSITIVE",
      "detail": "FCF margin: -7.9% -> +23.8%",
      "severity": "HIGH"
    },
    {
      "quarter": "2022-05 (Q2)",
      "signal": "YoY REVENUE GROWTH ACCELERATION",
      "detail": "YoY growth: +16.6% vs prior quarter YoY: +7.7% (accel: +9.0%)",
      "severity": "MEDIUM"
    },
    {
      "quarter": "2022-05 (Q2)",
      "signal": "INCREMENTAL MARGIN (YoY)",
      "detail": "YoY Incr OPM: +220.2% vs year-ago OPM: +3.7%",
      "severity": "HIGH"
    },
    {
      "quarter": "2022-02 (Q1)",
      "signal": "INCREMENTAL MARGIN (YoY)",
      "detail": "YoY Incr OPM: +79.1% vs year-ago OPM: +28.6%",
      "severity": "HIGH"
    },
    {
      "quarter": "2021-05 (Q2)",
      "signal": "FCF MARGIN EXPANSION",
      "detail": "FCF margin: +2.4% -> +29.7% (+27.4%)",
      "severity": "MEDIUM"
    }
  ],
  "data_quality": {
    "n_quarters": 20,
    "coverage": {
      "revenue": [
        20,
        20
      ],
      "gross_profit": [
        20,
        20
      ],
      "op_income": [
        20,
        20
      ],
      "fcf": [
        20,
        20
      ]
    },
    "gaps": [],
    "warnings": []
  },
  "market_cap": null,
  "source": "SEC EDGAR",
  "last_updated": "2026-02-02T20:10:28.173813"
}