{
  "ticker": "SUN",
  "name": "SUNOCO LP",
  "sector": "Energy",
  "industry": "Oil & Gas Refining & Marketing",
  "quarters": [
    {
      "date": "2021-03-31T00:00:00",
      "quarter_label": "2021-03 (Q1)",
      "revenue": 3471000000,
      "gross_profit": 351000000,
      "operating_income": 204000000,
      "net_income": 154000000,
      "opex": 147000000,
      "cogs": 3120000000,
      "rd": null,
      "sga": null,
      "fcf": 134000000,
      "ocf": 152000000,
      "capex": -18000000,
      "gross_margin": 0.10112359550561797,
      "op_margin": 0.058772687986171135,
      "fcf_margin": 0.03860558916738692
    },
    {
      "date": "2021-06-30T00:00:00",
      "quarter_label": "2021-06 (Q2)",
      "revenue": 4392000000,
      "gross_profit": 353000000,
      "operating_income": 216000000,
      "net_income": 166000000,
      "opex": 137000000,
      "cogs": 4039000000,
      "rd": null,
      "sga": null,
      "fcf": 93000000,
      "ocf": 123000000,
      "capex": -30000000,
      "gross_margin": 0.08037340619307833,
      "op_margin": 0.04918032786885246,
      "fcf_margin": 0.02117486338797814,
      "op_leverage_ratio": null,
      "fcf_margin_change": -0.017430725779408778
    },
    {
      "date": "2021-09-30T00:00:00",
      "quarter_label": "2021-09 (Q3)",
      "revenue": 4779000000,
      "gross_profit": 307000000,
      "operating_income": 153000000,
      "net_income": 104000000,
      "opex": 154000000,
      "cogs": 4472000000,
      "rd": null,
      "sga": null,
      "fcf": 193000000,
      "ocf": 237000000,
      "capex": -44000000,
      "gross_margin": 0.06423938062356141,
      "op_margin": 0.032015065913371,
      "fcf_margin": 0.04038501778614773,
      "op_leverage_ratio": 0.7101012536162006,
      "fcf_margin_change": 0.01921015439816959
    },
    {
      "date": "2021-12-31T00:00:00",
      "quarter_label": "2021-12 (Q4)",
      "revenue": 4954000000,
      "gross_profit": 339000000,
      "operating_income": 176000000,
      "net_income": 100000000,
      "opex": 163000000,
      "cogs": 4615000000,
      "rd": null,
      "sga": null,
      "fcf": -34000000,
      "ocf": 31000000,
      "capex": -65000000,
      "gross_margin": 0.06842955187727089,
      "op_margin": 0.03552684699232943,
      "fcf_margin": -0.006863140896245458,
      "op_leverage_ratio": 0.6265838971425914,
      "fcf_margin_change": -0.04724815868239319
    },
    {
      "date": "2022-03-31T00:00:00",
      "quarter_label": "2022-03 (Q1)",
      "revenue": 5402000000,
      "gross_profit": 430000000,
      "operating_income": 259000000,
      "net_income": 216000000,
      "opex": 171000000,
      "cogs": 4972000000,
      "rd": null,
      "sga": null,
      "fcf": -3000000,
      "ocf": 23000000,
      "capex": -26000000,
      "gross_margin": 0.07960014809329878,
      "op_margin": 0.04794520547945205,
      "fcf_margin": -0.0005553498704183636,
      "incr_op_margin_yoy": 0.02848265147591921,
      "rev_growth_yoy": 0.5563238259867473,
      "op_leverage_ratio": 1.8425514735567217,
      "fcf_margin_change": 0.006307791025827095
    },
    {
      "date": "2022-06-30T00:00:00",
      "quarter_label": "2022-06 (Q2)",
      "revenue": 7815000000,
      "gross_profit": 345000000,
      "operating_income": 173000000,
      "net_income": 121000000,
      "opex": 172000000,
      "cogs": 7470000000,
      "rd": null,
      "sga": null,
      "fcf": 285000000,
      "ocf": 314000000,
      "capex": -29000000,
      "gross_margin": 0.044145873320537425,
      "op_margin": 0.02213691618682022,
      "fcf_margin": 0.036468330134357005,
      "incr_op_margin_yoy": -0.012562080046742623,
      "rev_growth_yoy": 0.7793715846994536,
      "rev_growth_yoy_accel": 0.2230477587127062,
      "op_leverage_ratio": 76.38337652721215,
      "fcf_margin_change": 0.03702368000477537
    },
    {
      "date": "2022-09-30T00:00:00",
      "quarter_label": "2022-09 (Q3)",
      "revenue": 6594000000,
      "gross_profit": 333000000,
      "operating_income": 150000000,
      "net_income": 83000000,
      "opex": 183000000,
      "cogs": 6261000000,
      "rd": null,
      "sga": null,
      "fcf": 261000000,
      "ocf": 303000000,
      "capex": -42000000,
      "gross_margin": 0.050500454959053684,
      "op_margin": 0.022747952684258416,
      "fcf_margin": 0.03958143767060965,
      "incr_op_margin_yoy": -0.001652892561983471,
      "rev_growth_yoy": 0.3797865662272442,
      "rev_growth_yoy_accel": -0.39958501847220934,
      "fcf_margin_change": 0.0031131075362526434
    },
    {
      "date": "2022-12-31T00:00:00",
      "quarter_label": "2022-12 (Q4)",
      "revenue": 5918000000,
      "gross_profit": 271000000,
      "operating_income": 96000000,
      "net_income": 55000000,
      "opex": 175000000,
      "cogs": 5647000000,
      "rd": null,
      "sga": null,
      "fcf": -168000000,
      "ocf": -79000000,
      "capex": -89000000,
      "gross_margin": 0.04579249746535992,
      "op_margin": 0.01622169651909429,
      "fcf_margin": -0.028387968908415006,
      "incr_op_margin_yoy": -0.08298755186721991,
      "rev_growth_yoy": 0.1945902301170771,
      "rev_growth_yoy_accel": -0.18519633611016711,
      "fcf_margin_change": -0.06796940657902466
    },
    {
      "date": "2023-03-31T00:00:00",
      "quarter_label": "2023-03 (Q1)",
      "revenue": 5362000000,
      "gross_profit": 375000000,
      "operating_income": 199000000,
      "net_income": 141000000,
      "opex": 176000000,
      "cogs": 4987000000,
      "rd": null,
      "sga": null,
      "fcf": 289000000,
      "ocf": 326000000,
      "capex": -37000000,
      "gross_margin": 0.06993659082431929,
      "op_margin": 0.0371130175307721,
      "fcf_margin": 0.05389779932860873,
      "incr_op_margin_yoy": 1.5,
      "rev_growth_yoy": -0.0074046649389115145,
      "rev_growth_yoy_accel": -0.2019948950559886,
      "fcf_margin_change": 0.08228576823702373
    },
    {
      "date": "2023-06-30T00:00:00",
      "quarter_label": "2023-06 (Q2)",
      "revenue": 5745000000,
      "gross_profit": 314000000,
      "operating_income": 141000000,
      "net_income": 87000000,
      "opex": 5604000000,
      "cogs": 5431000000,
      "rd": null,
      "sga": null,
      "fcf": 41000000,
      "ocf": 91000000,
      "capex": -50000000,
      "gross_margin": 0.0546562228024369,
      "op_margin": 0.02454308093994778,
      "fcf_margin": 0.007136640557006092,
      "incr_op_margin_yoy": 0.015458937198067632,
      "rev_growth_yoy": -0.2648752399232246,
      "rev_growth_yoy_accel": -0.2574705749843131,
      "op_leverage_ratio": 0.0023160332666596482,
      "fcf_margin_change": -0.04676115877160263
    },
    {
      "date": "2023-09-30T00:00:00",
      "quarter_label": "2023-09 (Q3)",
      "revenue": 6320000000,
      "gross_profit": 527000000,
      "operating_income": 338000000,
      "net_income": 272000000,
      "opex": 5982000000,
      "cogs": 5793000000,
      "rd": null,
      "sga": null,
      "fcf": -46000000,
      "ocf": -1000000,
      "capex": -45000000,
      "gross_margin": 0.08338607594936709,
      "op_margin": 0.05348101265822785,
      "fcf_margin": -0.007278481012658228,
      "incr_op_margin_yoy": -0.6861313868613139,
      "rev_growth_yoy": -0.04155292690324537,
      "rev_growth_yoy_accel": 0.22332231301997924,
      "op_leverage_ratio": 1.4838299694696564,
      "fcf_margin_change": -0.014415121569664319
    },
    {
      "date": "2023-12-31T00:00:00",
      "quarter_label": "2023-12 (Q4)",
      "revenue": 5641000000,
      "gross_profit": 149000000,
      "operating_income": -43000000,
      "net_income": -106000000,
      "opex": 5684000000,
      "cogs": 5492000000,
      "rd": null,
      "sga": null,
      "fcf": 184000000,
      "ocf": 184000000,
      "capex": null,
      "gross_margin": 0.026413756426165575,
      "op_margin": -0.007622761921645098,
      "fcf_margin": 0.03261833008331856,
      "incr_op_margin_yoy": 0.5018050541516246,
      "rev_growth_yoy": -0.046806353497803314,
      "rev_growth_yoy_accel": -0.005253426594557943,
      "fcf_margin_change": 0.039896811095976786
    },
    {
      "date": "2024-03-31T00:00:00",
      "quarter_label": "2024-03 (Q1)",
      "revenue": 5499000000,
      "gross_profit": 484000000,
      "operating_income": 297000000,
      "net_income": 230000000,
      "opex": 5202000000,
      "cogs": 5015000000,
      "rd": null,
      "sga": null,
      "fcf": 245000000,
      "ocf": 286000000,
      "capex": -41000000,
      "gross_margin": 0.08801600290961993,
      "op_margin": 0.054009819967266774,
      "fcf_margin": 0.04455355519185306,
      "incr_op_margin_yoy": 0.7153284671532847,
      "rev_growth_yoy": 0.025550167847817978,
      "rev_growth_yoy_accel": 0.07235652134562129,
      "fcf_margin_change": 0.011935225108534502
    },
    {
      "date": "2024-06-30T00:00:00",
      "quarter_label": "2024-06 (Q2)",
      "revenue": 6174000000,
      "gross_profit": 565000000,
      "operating_income": 150000000,
      "net_income": 493000000,
      "opex": 6024000000,
      "cogs": 5609000000,
      "rd": null,
      "sga": null,
      "fcf": -70000000,
      "ocf": -70000000,
      "capex": null,
      "gross_margin": 0.09151279559442825,
      "op_margin": 0.024295432458697766,
      "fcf_margin": -0.011337868480725623,
      "incr_op_margin_yoy": 0.02097902097902098,
      "rev_growth_yoy": 0.07467362924281984,
      "rev_growth_yoy_accel": 0.04912346139500186,
      "op_leverage_ratio": 0.7768167536765145,
      "fcf_margin_change": -0.05589142367257868
    },
    {
      "date": "2024-09-30T00:00:00",
      "quarter_label": "2024-09 (Q3)",
      "revenue": 5751000000,
      "gross_profit": 424000000,
      "operating_income": 107000000,
      "net_income": 2000000,
      "opex": 5644000000,
      "cogs": 5327000000,
      "rd": null,
      "sga": null,
      "fcf": 210000000,
      "ocf": 210000000,
      "capex": null,
      "gross_margin": 0.0737263084680925,
      "op_margin": 0.01860545992001391,
      "fcf_margin": 0.036515388628064686,
      "incr_op_margin_yoy": 0.40597539543058,
      "rev_growth_yoy": -0.09003164556962025,
      "rev_growth_yoy_accel": -0.16470527481244007,
      "fcf_margin_change": 0.047853257108790306
    },
    {
      "date": "2024-12-31T00:00:00",
      "quarter_label": "2024-12 (Q4)",
      "revenue": 5269000000,
      "gross_profit": 625000000,
      "operating_income": 237000000,
      "net_income": 141000000,
      "opex": 5032000000,
      "cogs": 4644000000,
      "rd": null,
      "sga": null,
      "fcf": 123000000,
      "ocf": 123000000,
      "capex": null,
      "gross_margin": 0.1186183336496489,
      "op_margin": 0.04498007211994686,
      "fcf_margin": 0.0233440880622509,
      "incr_op_margin_yoy": -0.7526881720430108,
      "rev_growth_yoy": -0.06594575429888318,
      "rev_growth_yoy_accel": 0.02408589127073707,
      "fcf_margin_change": -0.013171300565813785
    },
    {
      "date": "2025-03-31T00:00:00",
      "quarter_label": "2025-03 (Q1)",
      "revenue": 5179000000,
      "gross_profit": 653000000,
      "operating_income": 296000000,
      "net_income": 207000000,
      "opex": 4883000000,
      "cogs": 4526000000,
      "rd": null,
      "sga": null,
      "fcf": 156000000,
      "ocf": 156000000,
      "capex": null,
      "gross_margin": 0.126086117011006,
      "op_margin": 0.05715389071249276,
      "fcf_margin": 0.03012164510523267,
      "incr_op_margin_yoy": 0.003125,
      "rev_growth_yoy": -0.05819239861793053,
      "rev_growth_yoy_accel": 0.007753355680952645,
      "fcf_margin_change": 0.0067775570429817675
    },
    {
      "date": "2025-06-30T00:00:00",
      "quarter_label": "2025-06 (Q2)",
      "revenue": 5390000000,
      "gross_profit": 569000000,
      "operating_income": 203000000,
      "net_income": 86000000,
      "opex": 5187000000,
      "cogs": 4821000000,
      "rd": null,
      "sga": null,
      "fcf": 243000000,
      "ocf": 243000000,
      "capex": null,
      "gross_margin": 0.10556586270871986,
      "op_margin": 0.03766233766233766,
      "fcf_margin": 0.0450834879406308,
      "incr_op_margin_yoy": -0.06760204081632654,
      "rev_growth_yoy": -0.12698412698412698,
      "rev_growth_yoy_accel": -0.06879172836619644,
      "op_leverage_ratio": 0.6544096350646842,
      "fcf_margin_change": 0.014961842835398132
    },
    {
      "date": "2025-09-30T00:00:00",
      "quarter_label": "2025-09 (Q3)",
      "revenue": 6032000000,
      "gross_profit": 646000000,
      "operating_income": 252000000,
      "net_income": 133000000,
      "opex": 5780000000,
      "cogs": 5386000000,
      "rd": null,
      "sga": null,
      "fcf": 401000000,
      "ocf": 401000000,
      "capex": null,
      "gross_margin": 0.10709549071618037,
      "op_margin": 0.04177718832891247,
      "fcf_margin": 0.06647877984084881,
      "incr_op_margin_yoy": 0.5160142348754448,
      "rev_growth_yoy": 0.048861067640410365,
      "rev_growth_yoy_accel": 0.17584519462453735,
      "op_leverage_ratio": 1.0418562887365586,
      "fcf_margin_change": 0.021395291900218008
    },
    {
      "date": "2025-12-31T00:00:00",
      "quarter_label": "2025-12 (Q4)",
      "revenue": 8600000000,
      "gross_profit": 924000000,
      "operating_income": 184000000,
      "net_income": 101000000,
      "opex": 8416000000,
      "cogs": 7676000000,
      "rd": null,
      "sga": null,
      "fcf": 392000000,
      "ocf": 392000000,
      "capex": null,
      "gross_margin": 0.10744186046511628,
      "op_margin": 0.021395348837209303,
      "fcf_margin": 0.045581395348837206,
      "incr_op_margin_yoy": -0.01591113779645752,
      "rev_growth_yoy": 0.6321882710191687,
      "rev_growth_yoy_accel": 0.5833272033787584,
      "op_leverage_ratio": 0.9335038620528653,
      "fcf_margin_change": -0.020897384492011603
    }
  ],
  "signals": [
    {
      "quarter": "2025-12 (Q4)",
      "signal": "YoY REVENUE GROWTH ACCELERATION",
      "detail": "YoY growth: +63.2% vs prior quarter YoY: +4.9% (accel: +58.3%)",
      "severity": "HIGH"
    },
    {
      "quarter": "2025-09 (Q3)",
      "signal": "YoY REVENUE GROWTH ACCELERATION",
      "detail": "YoY growth: +4.9% vs prior quarter YoY: -12.7% (accel: +17.6%)",
      "severity": "HIGH"
    },
    {
      "quarter": "2025-09 (Q3)",
      "signal": "INCREMENTAL MARGIN (YoY)",
      "detail": "YoY Incr OPM: +51.6% vs year-ago OPM: +1.9%",
      "severity": "HIGH"
    },
    {
      "quarter": "2025-06 (Q2)",
      "signal": "YoY REVENUE GROWTH DECELERATION",
      "detail": "YoY growth: -12.7% vs prior quarter YoY: -5.8% (decel: -6.9%)",
      "severity": "WARNING"
    },
    {
      "quarter": "2024-12 (Q4)",
      "signal": "GROSS MARGIN INFLECTION",
      "detail": "GM: +9.2% -> +7.4% -> +11.9% (reversal +4.5%)",
      "severity": "MEDIUM"
    },
    {
      "quarter": "2024-12 (Q4)",
      "signal": "OP MARGIN TURNED POSITIVE (YoY)",
      "detail": "Op margin: -0.8% (year-ago) -> +4.5%",
      "severity": "HIGH"
    },
    {
      "quarter": "2024-09 (Q3)",
      "signal": "FCF TURNED POSITIVE",
      "detail": "FCF margin: -1.1% -> +3.7%",
      "severity": "HIGH"
    },
    {
      "quarter": "2024-09 (Q3)",
      "signal": "YoY REVENUE GROWTH DECELERATION",
      "detail": "YoY growth: -9.0% vs prior quarter YoY: +7.5% (decel: -16.5%)",
      "severity": "WARNING"
    },
    {
      "quarter": "2024-09 (Q3)",
      "signal": "INCREMENTAL MARGIN (YoY)",
      "detail": "YoY Incr OPM: +40.6% vs year-ago OPM: +5.3%",
      "severity": "HIGH"
    },
    {
      "quarter": "2024-03 (Q1)",
      "signal": "GROSS MARGIN INFLECTION",
      "detail": "GM: +8.3% -> +2.6% -> +8.8% (reversal +6.2%)",
      "severity": "HIGH"
    },
    {
      "quarter": "2024-03 (Q1)",
      "signal": "YoY REVENUE GROWTH ACCELERATION",
      "detail": "YoY growth: +2.6% vs prior quarter YoY: -4.7% (accel: +7.2%)",
      "severity": "MEDIUM"
    },
    {
      "quarter": "2024-03 (Q1)",
      "signal": "INCREMENTAL MARGIN (YoY)",
      "detail": "YoY Incr OPM: +71.5% vs year-ago OPM: +3.7%",
      "severity": "HIGH"
    },
    {
      "quarter": "2024-03 (Q1)",
      "signal": "OP MARGIN TURNED POSITIVE (QoQ)",
      "detail": "Op margin: -0.8% -> +5.4%",
      "severity": "HIGH"
    },
    {
      "quarter": "2023-12 (Q4)",
      "signal": "FCF TURNED POSITIVE",
      "detail": "FCF margin: -0.7% -> +3.3%",
      "severity": "HIGH"
    },
    {
      "quarter": "2023-09 (Q3)",
      "signal": "GROSS MARGIN INFLECTION",
      "detail": "GM: +7.0% -> +5.5% -> +8.3% (reversal +2.9%)",
      "severity": "MEDIUM"
    },
    {
      "quarter": "2023-09 (Q3)",
      "signal": "YoY REVENUE GROWTH ACCELERATION",
      "detail": "YoY growth: -4.2% vs prior quarter YoY: -26.5% (accel: +22.3%)",
      "severity": "HIGH"
    },
    {
      "quarter": "2023-06 (Q2)",
      "signal": "YoY REVENUE GROWTH DECELERATION",
      "detail": "YoY growth: -26.5% vs prior quarter YoY: -0.7% (decel: -25.7%)",
      "severity": "WARNING"
    },
    {
      "quarter": "2023-03 (Q1)",
      "signal": "FCF TURNED POSITIVE",
      "detail": "FCF margin: -2.8% -> +5.4%",
      "severity": "HIGH"
    },
    {
      "quarter": "2023-03 (Q1)",
      "signal": "GROSS MARGIN INFLECTION",
      "detail": "GM: +5.1% -> +4.6% -> +7.0% (reversal +2.4%)",
      "severity": "MEDIUM"
    },
    {
      "quarter": "2023-03 (Q1)",
      "signal": "YoY REVENUE GROWTH DECELERATION",
      "detail": "YoY growth: -0.7% vs prior quarter YoY: +19.5% (decel: -20.2%)",
      "severity": "WARNING"
    },
    {
      "quarter": "2023-03 (Q1)",
      "signal": "INCREMENTAL MARGIN (YoY)",
      "detail": "YoY Incr OPM: +150.0% vs year-ago OPM: +4.8%",
      "severity": "HIGH"
    },
    {
      "quarter": "2022-12 (Q4)",
      "signal": "YoY REVENUE GROWTH DECELERATION",
      "detail": "YoY growth: +19.5% vs prior quarter YoY: +38.0% (decel: -18.5%)",
      "severity": "WARNING"
    },
    {
      "quarter": "2022-09 (Q3)",
      "signal": "YoY REVENUE GROWTH DECELERATION",
      "detail": "YoY growth: +38.0% vs prior quarter YoY: +77.9% (decel: -40.0%)",
      "severity": "WARNING"
    },
    {
      "quarter": "2022-06 (Q2)",
      "signal": "FCF TURNED POSITIVE",
      "detail": "FCF margin: -0.1% -> +3.6%",
      "severity": "HIGH"
    },
    {
      "quarter": "2022-06 (Q2)",
      "signal": "OPERATING LEVERAGE",
      "detail": "Rev growth +44.7% vs OpEx growth +0.6% (leverage: 76.4x)",
      "severity": "MEDIUM"
    },
    {
      "quarter": "2022-06 (Q2)",
      "signal": "YoY REVENUE GROWTH ACCELERATION",
      "detail": "YoY growth: +77.9% vs prior quarter YoY: +55.6% (accel: +22.3%)",
      "severity": "HIGH"
    },
    {
      "quarter": "2022-03 (Q1)",
      "signal": "OPERATING LEVERAGE",
      "detail": "Rev growth +9.0% vs OpEx growth +4.9% (leverage: 1.8x)",
      "severity": "MEDIUM"
    }
  ],
  "data_quality": {
    "n_quarters": 20,
    "coverage": {
      "revenue": [
        20,
        20
      ],
      "gross_profit": [
        20,
        20
      ],
      "op_income": [
        20,
        20
      ],
      "fcf": [
        20,
        20
      ]
    },
    "gaps": [],
    "warnings": []
  },
  "market_cap": null,
  "source": "SEC EDGAR",
  "last_updated": "2026-02-24T10:25:24.884295"
}