{
  "ticker": "SUNE",
  "name": "SUNATION ENERGY, INC.",
  "quarters": [
    {
      "date": "2020-12-31T00:00:00",
      "quarter_label": "2020-12 (Q4)",
      "revenue": 11675000,
      "gross_profit": 4807405,
      "operating_income": -133000,
      "net_income": -3000,
      "opex": 4940842,
      "cogs": 6867918,
      "rd": null,
      "sga": 4741872,
      "fcf": 828305,
      "ocf": 896305,
      "capex": -68000,
      "gross_margin": 0.411769164882227,
      "op_margin": -0.01139186295503212,
      "fcf_margin": 0.07094689507494646
    },
    {
      "date": "2021-03-31T00:00:00",
      "quarter_label": "2021-03 (Q1)",
      "revenue": 10159315,
      "gross_profit": 4216638,
      "operating_income": -2146516,
      "net_income": -2160851,
      "opex": 6363154,
      "cogs": 5942677,
      "rd": null,
      "sga": 5219731,
      "fcf": -228097,
      "ocf": -219097,
      "capex": -9000,
      "gross_margin": 0.4150514084857099,
      "op_margin": -0.21128550497745172,
      "fcf_margin": -0.0224520058685059,
      "fcf_margin_change": -0.09339890094345236
    },
    {
      "date": "2021-06-30T00:00:00",
      "quarter_label": "2021-06 (Q2)",
      "revenue": 10996802,
      "gross_profit": 4607555,
      "operating_income": -1660879,
      "net_income": -1939487,
      "opex": 6268434,
      "cogs": 6389247,
      "rd": null,
      "sga": 4989608,
      "fcf": -134629,
      "ocf": -133629,
      "capex": -1000,
      "gross_margin": 0.4189904483139735,
      "op_margin": -0.1510329093858378,
      "fcf_margin": -0.012242559245860752,
      "op_leverage_ratio": Infinity,
      "fcf_margin_change": 0.010209446622645148
    },
    {
      "date": "2021-09-30T00:00:00",
      "quarter_label": "2021-09 (Q3)",
      "revenue": 1828299,
      "gross_profit": 715771,
      "operating_income": -1867432,
      "net_income": 8608319,
      "opex": 2583203,
      "cogs": 1112528,
      "rd": null,
      "sga": 1687930,
      "fcf": -224633,
      "ocf": -210633,
      "capex": -14000,
      "gross_margin": 0.3914955923511417,
      "op_margin": -1.02140404824375,
      "fcf_margin": -0.12286447676228013,
      "fcf_margin_change": -0.11062191751641938
    },
    {
      "date": "2021-12-31T00:00:00",
      "quarter_label": "2021-12 (Q4)",
      "revenue": 1697013,
      "gross_profit": 580088,
      "operating_income": -2015597,
      "net_income": -1534334,
      "opex": 2595685,
      "cogs": 1116925,
      "rd": null,
      "sga": 1560562,
      "fcf": -262658,
      "ocf": -247658,
      "capex": -15000,
      "gross_margin": 0.3418288486888433,
      "op_margin": -1.1877322094762974,
      "fcf_margin": -0.15477665757422013,
      "incr_op_margin_yoy": 0.1886750303442969,
      "rev_growth_yoy": -0.8546455674518201,
      "fcf_margin_change": -0.03191218081194
    },
    {
      "date": "2022-03-31T00:00:00",
      "quarter_label": "2022-03 (Q1)",
      "revenue": 318800,
      "gross_profit": 95132,
      "operating_income": -1528108,
      "net_income": -1883634,
      "opex": 1623240,
      "cogs": 223668,
      "rd": null,
      "sga": 297272,
      "fcf": -5042441,
      "ocf": -5042441,
      "capex": null,
      "gross_margin": 0.2984065244667503,
      "op_margin": -4.793312421580929,
      "fcf_margin": -15.81694165621079,
      "incr_op_margin_yoy": -0.062843052421545,
      "rev_growth_yoy": -0.9686199315603463,
      "rev_growth_yoy_accel": -0.11397436410852624,
      "fcf_margin_change": -15.66216499863657
    },
    {
      "date": "2022-06-30T00:00:00",
      "quarter_label": "2022-06 (Q2)",
      "revenue": 5890636,
      "gross_profit": 1276262,
      "operating_income": -3196902,
      "net_income": 1442652,
      "opex": 4473164,
      "cogs": 4614374,
      "rd": null,
      "sga": 3233548,
      "fcf": -2472883,
      "ocf": -2461883,
      "capex": -11000,
      "gross_margin": 0.21665945748472662,
      "op_margin": -0.5427091404052126,
      "fcf_margin": -0.4197989826565417,
      "incr_op_margin_yoy": 0.3008172863945277,
      "rev_growth_yoy": -0.4643319030387198,
      "rev_growth_yoy_accel": 0.5042880285216265,
      "op_leverage_ratio": 9.954729643832788,
      "fcf_margin_change": 15.39714267355425
    },
    {
      "date": "2022-09-30T00:00:00",
      "quarter_label": "2022-09 (Q3)",
      "revenue": 7709062,
      "gross_profit": 2013742,
      "operating_income": -2400979,
      "net_income": -2519996,
      "opex": 4414721,
      "cogs": 5695320,
      "rd": null,
      "sga": 3122976,
      "fcf": 1057960,
      "ocf": 1163152,
      "capex": -105192,
      "gross_margin": 0.2612175125845401,
      "op_margin": -0.31144891557494286,
      "fcf_margin": 0.13723589199308553,
      "incr_op_margin_yoy": -0.09072751273941834,
      "rev_growth_yoy": 3.216521477066935,
      "rev_growth_yoy_accel": 3.680853380105655,
      "op_leverage_ratio": Infinity,
      "fcf_margin_change": 0.5570348746496272
    },
    {
      "date": "2022-12-31T00:00:00",
      "quarter_label": "2022-12 (Q4)",
      "revenue": 13603601,
      "gross_profit": 3992309,
      "operating_income": -3322690,
      "net_income": -7391262,
      "opex": 7314999,
      "cogs": 9611292,
      "rd": null,
      "sga": 5557339,
      "fcf": -1236027,
      "ocf": -1236027,
      "capex": null,
      "gross_margin": 0.29347442636695975,
      "op_margin": -0.24425076860163716,
      "fcf_margin": -0.09086028030372252,
      "incr_op_margin_yoy": -0.10977897278380674,
      "rev_growth_yoy": 7.016203175815389,
      "rev_growth_yoy_accel": 3.799681698748454,
      "op_leverage_ratio": 1.163890011501232,
      "fcf_margin_change": -0.22809617229680806
    },
    {
      "date": "2023-03-31T00:00:00",
      "quarter_label": "2023-03 (Q1)",
      "revenue": 22065424,
      "gross_profit": 8006315,
      "operating_income": -2149526,
      "net_income": -2554989,
      "opex": 10155841,
      "cogs": 14059109,
      "rd": null,
      "sga": 8062123,
      "fcf": -125579,
      "ocf": -125579,
      "capex": null,
      "gross_margin": 0.36284437588872076,
      "op_margin": -0.0974160297123681,
      "fcf_margin": -0.005691211734703126,
      "incr_op_margin_yoy": -0.02857537795291812,
      "rev_growth_yoy": 68.21400250941029,
      "rev_growth_yoy_accel": 61.1977993335949,
      "op_leverage_ratio": 1.6016854941122236,
      "fcf_margin_change": 0.0851690685690194
    },
    {
      "date": "2023-06-30T00:00:00",
      "quarter_label": "2023-06 (Q2)",
      "revenue": 19836291,
      "gross_profit": 7136934,
      "operating_income": -1415320,
      "net_income": -1550744,
      "opex": 8552254,
      "cogs": 12699357,
      "rd": null,
      "sga": 7230555,
      "fcf": -1535403,
      "ocf": -1535403,
      "capex": null,
      "gross_margin": 0.359791757440945,
      "op_margin": -0.0713500321204201,
      "fcf_margin": -0.07740373439772587,
      "incr_op_margin_yoy": 0.12775176210798272,
      "rev_growth_yoy": 2.367427727668116,
      "rev_growth_yoy_accel": -65.84657478174218,
      "fcf_margin_change": -0.07171252266302275
    },
    {
      "date": "2023-09-30T00:00:00",
      "quarter_label": "2023-09 (Q3)",
      "revenue": 18288697,
      "gross_profit": 7032458,
      "operating_income": -1564350,
      "net_income": -2363036,
      "opex": 8596808,
      "cogs": 11256239,
      "rd": null,
      "sga": 7150110,
      "fcf": 835868,
      "ocf": 835868,
      "capex": null,
      "gross_margin": 0.38452482426714163,
      "op_margin": -0.08553643816177828,
      "fcf_margin": 0.045704076129644444,
      "incr_op_margin_yoy": 0.07907919318577626,
      "rev_growth_yoy": 1.3723634600422205,
      "rev_growth_yoy_accel": -0.9950642676258956,
      "fcf_margin_change": 0.12310781052737031
    },
    {
      "date": "2023-12-31T00:00:00",
      "quarter_label": "2023-12 (Q4)",
      "revenue": 19442296,
      "gross_profit": 5520482,
      "operating_income": -2337670,
      "net_income": -1663398,
      "opex": 7858152,
      "cogs": 13921814,
      "rd": null,
      "sga": 6629770,
      "fcf": 157937,
      "ocf": 157937,
      "capex": null,
      "gross_margin": 0.2839418760006534,
      "op_margin": -0.12023631365349031,
      "fcf_margin": 0.008123371848674663,
      "incr_op_margin_yoy": 0.16870550696688216,
      "rev_growth_yoy": 0.429202164926772,
      "rev_growth_yoy_accel": -0.9431612951154486,
      "op_leverage_ratio": Infinity,
      "fcf_margin_change": -0.03758070428096978
    },
    {
      "date": "2024-03-31T00:00:00",
      "quarter_label": "2024-03 (Q1)",
      "revenue": 13219197,
      "gross_profit": 4805448,
      "operating_income": -2182954,
      "net_income": 1202651,
      "opex": 6988402,
      "cogs": 8413749,
      "rd": null,
      "sga": 6629027,
      "fcf": -2649280,
      "ocf": -2649280,
      "capex": null,
      "gross_margin": 0.36352041655782874,
      "op_margin": -0.1651351439879442,
      "fcf_margin": -0.20041156811567298,
      "incr_op_margin_yoy": 0.003778786142385901,
      "rev_growth_yoy": -0.4009089968087629,
      "rev_growth_yoy_accel": -0.8301111617355349,
      "fcf_margin_change": -0.20853493996434763
    },
    {
      "date": "2024-06-30T00:00:00",
      "quarter_label": "2024-06 (Q2)",
      "revenue": 13549420,
      "gross_profit": 4792354,
      "operating_income": -2025944,
      "net_income": -6934015,
      "opex": 6818298,
      "cogs": 8757066,
      "rd": null,
      "sga": 6558923,
      "fcf": -776446,
      "ocf": -776446,
      "capex": null,
      "gross_margin": 0.35369440167918625,
      "op_margin": -0.14952256258939498,
      "fcf_margin": -0.05730474071952896,
      "incr_op_margin_yoy": 0.09712685372421352,
      "rev_growth_yoy": -0.3169378287503445,
      "rev_growth_yoy_accel": 0.08397116805841842,
      "op_leverage_ratio": Infinity,
      "fcf_margin_change": 0.14310682739614403
    },
    {
      "date": "2024-09-30T00:00:00",
      "quarter_label": "2024-09 (Q3)",
      "revenue": 14718386,
      "gross_profit": 5235725,
      "operating_income": -1606737,
      "net_income": -3298609,
      "opex": 6842462,
      "cogs": 9482661,
      "rd": null,
      "sga": 6133087,
      "fcf": -968120,
      "ocf": -968120,
      "capex": null,
      "gross_margin": 0.3557268439623747,
      "op_margin": -0.10916529842334614,
      "fcf_margin": -0.06577623388868861,
      "incr_op_margin_yoy": 0.01187207500971204,
      "rev_growth_yoy": -0.19521953915032875,
      "rev_growth_yoy_accel": 0.12171828960001574,
      "op_leverage_ratio": 24.34379746123102,
      "fcf_margin_change": -0.008471493169159655
    },
    {
      "date": "2024-12-31T00:00:00",
      "quarter_label": "2024-12 (Q4)",
      "revenue": 15374750,
      "gross_profit": 5592717,
      "operating_income": -6501768,
      "net_income": -6819832,
      "opex": 12094485,
      "cogs": 9782033,
      "rd": null,
      "sga": 7733129,
      "fcf": -1908840,
      "ocf": -1908840,
      "capex": null,
      "gross_margin": 0.36375986601408156,
      "op_margin": -0.4228860957088733,
      "fcf_margin": -0.12415421388965674,
      "incr_op_margin_yoy": 1.023737162407014,
      "rev_growth_yoy": -0.20921119604392402,
      "rev_growth_yoy_accel": -0.013991656893595272,
      "op_leverage_ratio": 0.05809922503097593,
      "fcf_margin_change": -0.058377980000968124
    },
    {
      "date": "2025-03-31T00:00:00",
      "quarter_label": "2025-03 (Q1)",
      "revenue": 12636638,
      "gross_profit": 4431325,
      "operating_income": -2167348,
      "net_income": -3496432,
      "opex": 6598673,
      "cogs": 8205313,
      "rd": null,
      "sga": 6039298,
      "fcf": -3403349,
      "ocf": -3403349,
      "capex": null,
      "gross_margin": 0.3506727817952845,
      "op_margin": -0.17151302427117085,
      "fcf_margin": -0.26932392935526045,
      "rev_growth_yoy": -0.04406916698495378,
      "rev_growth_yoy_accel": 0.16514202905897024,
      "fcf_margin_change": -0.1451697154656037
    },
    {
      "date": "2025-06-30T00:00:00",
      "quarter_label": "2025-06 (Q2)",
      "revenue": 13064254,
      "gross_profit": 4839517,
      "operating_income": -2163587,
      "net_income": -9607415,
      "opex": 7003104,
      "cogs": 8224737,
      "rd": null,
      "sga": 6443729,
      "fcf": -130184,
      "ocf": -130184,
      "capex": null,
      "gross_margin": 0.3704395980053664,
      "op_margin": -0.16561121668332535,
      "fcf_margin": -0.009964901172313398,
      "rev_growth_yoy": -0.03580714156030295,
      "rev_growth_yoy_accel": 0.008262025424650828,
      "op_leverage_ratio": 0.5521213894259178,
      "fcf_margin_change": 0.25935902818294704
    },
    {
      "date": "2025-09-30T00:00:00",
      "quarter_label": "2025-09 (Q3)",
      "revenue": 18993636,
      "gross_profit": 7211685,
      "operating_income": -245731,
      "net_income": -392975,
      "opex": 7457416,
      "cogs": 11781951,
      "rd": null,
      "sga": 6898041,
      "fcf": 2387195,
      "ocf": 2387195,
      "capex": null,
      "gross_margin": 0.37968954443477804,
      "op_margin": -0.0129375439226065,
      "fcf_margin": 0.12568393961008834,
      "incr_op_margin_yoy": 0.31834535992047247,
      "rev_growth_yoy": 0.29047002843925956,
      "rev_growth_yoy_accel": 0.3262771699995625,
      "op_leverage_ratio": 6.996183353511386,
      "fcf_margin_change": 0.13564884078240175
    }
  ],
  "signals": [
    {
      "quarter": "2025-09 (Q3)",
      "signal": "FCF TURNED POSITIVE",
      "detail": "FCF margin: -1.0% -> +12.6%",
      "severity": "HIGH"
    },
    {
      "quarter": "2025-09 (Q3)",
      "signal": "OPERATING LEVERAGE",
      "detail": "Rev growth +45.4% vs OpEx growth +6.5% (leverage: 7.0x)",
      "severity": "MEDIUM"
    },
    {
      "quarter": "2025-09 (Q3)",
      "signal": "YoY REVENUE GROWTH ACCELERATION",
      "detail": "YoY growth: +29.0% vs prior quarter YoY: -3.6% (accel: +32.6%)",
      "severity": "HIGH"
    },
    {
      "quarter": "2025-06 (Q2)",
      "signal": "FCF MARGIN EXPANSION",
      "detail": "FCF margin: -26.9% -> -1.0% (+25.9%)",
      "severity": "MEDIUM"
    },
    {
      "quarter": "2025-03 (Q1)",
      "signal": "YoY REVENUE GROWTH ACCELERATION",
      "detail": "YoY growth: -4.4% vs prior quarter YoY: -20.9% (accel: +16.5%)",
      "severity": "HIGH"
    },
    {
      "quarter": "2024-09 (Q3)",
      "signal": "OPERATING LEVERAGE",
      "detail": "Rev growth +8.6% vs OpEx growth +0.4% (leverage: 24.3x)",
      "severity": "MEDIUM"
    },
    {
      "quarter": "2024-09 (Q3)",
      "signal": "YoY REVENUE GROWTH ACCELERATION",
      "detail": "YoY growth: -19.5% vs prior quarter YoY: -31.7% (accel: +12.2%)",
      "severity": "MEDIUM"
    },
    {
      "quarter": "2024-06 (Q2)",
      "signal": "FCF MARGIN EXPANSION",
      "detail": "FCF margin: -20.0% -> -5.7% (+14.3%)",
      "severity": "MEDIUM"
    },
    {
      "quarter": "2024-06 (Q2)",
      "signal": "YoY REVENUE GROWTH ACCELERATION",
      "detail": "YoY growth: -31.7% vs prior quarter YoY: -40.1% (accel: +8.4%)",
      "severity": "MEDIUM"
    },
    {
      "quarter": "2024-03 (Q1)",
      "signal": "GROSS MARGIN INFLECTION",
      "detail": "GM: +38.5% -> +28.4% -> +36.4% (reversal +8.0%)",
      "severity": "HIGH"
    },
    {
      "quarter": "2024-03 (Q1)",
      "signal": "YoY REVENUE GROWTH DECELERATION",
      "detail": "YoY growth: -40.1% vs prior quarter YoY: +42.9% (decel: -83.0%)",
      "severity": "WARNING"
    },
    {
      "quarter": "2023-12 (Q4)",
      "signal": "YoY REVENUE GROWTH DECELERATION",
      "detail": "YoY growth: +42.9% vs prior quarter YoY: +137.2% (decel: -94.3%)",
      "severity": "WARNING"
    },
    {
      "quarter": "2023-09 (Q3)",
      "signal": "FCF TURNED POSITIVE",
      "detail": "FCF margin: -7.7% -> +4.6%",
      "severity": "HIGH"
    },
    {
      "quarter": "2023-09 (Q3)",
      "signal": "GROSS MARGIN INFLECTION",
      "detail": "GM: +36.3% -> +36.0% -> +38.5% (reversal +2.5%)",
      "severity": "MEDIUM"
    },
    {
      "quarter": "2023-09 (Q3)",
      "signal": "YoY REVENUE GROWTH DECELERATION",
      "detail": "YoY growth: +137.2% vs prior quarter YoY: +236.7% (decel: -99.5%)",
      "severity": "WARNING"
    },
    {
      "quarter": "2023-06 (Q2)",
      "signal": "YoY REVENUE GROWTH DECELERATION",
      "detail": "YoY growth: +236.7% vs prior quarter YoY: +6821.4% (decel: -6584.7%)",
      "severity": "WARNING"
    },
    {
      "quarter": "2023-03 (Q1)",
      "signal": "FCF MARGIN EXPANSION",
      "detail": "FCF margin: -9.1% -> -0.6% (+8.5%)",
      "severity": "MEDIUM"
    },
    {
      "quarter": "2023-03 (Q1)",
      "signal": "OPERATING LEVERAGE",
      "detail": "Rev growth +62.2% vs OpEx growth +38.8% (leverage: 1.6x)",
      "severity": "MEDIUM"
    },
    {
      "quarter": "2023-03 (Q1)",
      "signal": "YoY REVENUE GROWTH ACCELERATION",
      "detail": "YoY growth: +6821.4% vs prior quarter YoY: +701.6% (accel: +6119.8%)",
      "severity": "HIGH"
    },
    {
      "quarter": "2022-12 (Q4)",
      "signal": "YoY REVENUE GROWTH ACCELERATION",
      "detail": "YoY growth: +701.6% vs prior quarter YoY: +321.7% (accel: +380.0%)",
      "severity": "HIGH"
    },
    {
      "quarter": "2022-09 (Q3)",
      "signal": "FCF TURNED POSITIVE",
      "detail": "FCF margin: -42.0% -> +13.7%",
      "severity": "HIGH"
    },
    {
      "quarter": "2022-09 (Q3)",
      "signal": "GROSS MARGIN INFLECTION",
      "detail": "GM: +29.8% -> +21.7% -> +26.1% (reversal +4.5%)",
      "severity": "MEDIUM"
    },
    {
      "quarter": "2022-09 (Q3)",
      "signal": "YoY REVENUE GROWTH ACCELERATION",
      "detail": "YoY growth: +321.7% vs prior quarter YoY: -46.4% (accel: +368.1%)",
      "severity": "HIGH"
    },
    {
      "quarter": "2022-06 (Q2)",
      "signal": "FCF MARGIN EXPANSION",
      "detail": "FCF margin: -1581.7% -> -42.0% (+1539.7%)",
      "severity": "MEDIUM"
    },
    {
      "quarter": "2022-06 (Q2)",
      "signal": "OPERATING LEVERAGE",
      "detail": "Rev growth +1747.8% vs OpEx growth +175.6% (leverage: 10.0x)",
      "severity": "MEDIUM"
    },
    {
      "quarter": "2022-06 (Q2)",
      "signal": "YoY REVENUE GROWTH ACCELERATION",
      "detail": "YoY growth: -46.4% vs prior quarter YoY: -96.9% (accel: +50.4%)",
      "severity": "HIGH"
    },
    {
      "quarter": "2022-03 (Q1)",
      "signal": "YoY REVENUE GROWTH DECELERATION",
      "detail": "YoY growth: -96.9% vs prior quarter YoY: -85.5% (decel: -11.4%)",
      "severity": "WARNING"
    }
  ],
  "data_quality": {
    "n_quarters": 20,
    "coverage": {
      "revenue": [
        20,
        20
      ],
      "gross_profit": [
        20,
        20
      ],
      "op_income": [
        20,
        20
      ],
      "fcf": [
        20,
        20
      ]
    },
    "gaps": [],
    "warnings": []
  },
  "market_cap": null,
  "source": "SEC EDGAR",
  "last_updated": "2026-02-03T00:25:41.791142"
}