{
  "ticker": "SUPN",
  "name": "Supernus Pharmaceuticals,\u00a0Inc.",
  "quarters": [
    {
      "date": "2020-12-31T00:00:00",
      "quarter_label": "2020-12 (Q4)",
      "revenue": 143557000,
      "gross_profit": 125024000,
      "operating_income": 42998000,
      "net_income": 30768000,
      "opex": 100559000,
      "cogs": 18533000,
      "rd": 17938000,
      "sga": 56300000,
      "fcf": 31718000,
      "ocf": 31933000,
      "capex": -215000,
      "gross_margin": 0.8709014537779418,
      "op_margin": 0.2995186580939975,
      "fcf_margin": 0.22094359731674526
    },
    {
      "date": "2021-03-31T00:00:00",
      "quarter_label": "2021-03 (Q1)",
      "revenue": 130932000,
      "gross_profit": 115978000,
      "operating_income": 13214000,
      "net_income": 5694000,
      "opex": 117718000,
      "cogs": 14954000,
      "rd": 34280000,
      "sga": 61457000,
      "fcf": 34692000,
      "ocf": 36200000,
      "capex": -1508000,
      "gross_margin": 0.8857880426480922,
      "op_margin": 0.10092261631992179,
      "fcf_margin": 0.2649619649894602,
      "fcf_margin_change": 0.044018367672714914
    },
    {
      "date": "2021-06-30T00:00:00",
      "quarter_label": "2021-06 (Q2)",
      "revenue": 141329000,
      "gross_profit": 116301000,
      "operating_income": 34113000,
      "net_income": 23726000,
      "opex": 107216000,
      "cogs": 25028000,
      "rd": 15455000,
      "sga": 69535000,
      "fcf": 46274000,
      "ocf": 46274000,
      "capex": null,
      "gross_margin": 0.8229096646831153,
      "op_margin": 0.24137296662397667,
      "fcf_margin": 0.3274204161920059,
      "op_leverage_ratio": Infinity,
      "fcf_margin_change": 0.06245845120254573
    },
    {
      "date": "2021-09-30T00:00:00",
      "quarter_label": "2021-09 (Q3)",
      "revenue": 148464000,
      "gross_profit": 130379000,
      "operating_income": 32604000,
      "net_income": 21562000,
      "opex": 115860000,
      "cogs": 18085000,
      "rd": 19654000,
      "sga": 72032000,
      "fcf": -4110000,
      "ocf": -4110000,
      "capex": null,
      "gross_margin": 0.8781859575385279,
      "op_margin": 0.21960879405108308,
      "fcf_margin": -0.027683478823149046,
      "op_leverage_ratio": 0.626192027202444,
      "fcf_margin_change": -0.35510389501515494
    },
    {
      "date": "2021-12-31T00:00:00",
      "quarter_label": "2021-12 (Q4)",
      "revenue": 159050000,
      "gross_profit": 142056000,
      "operating_income": 6098000,
      "net_income": 2442000,
      "opex": 152952000,
      "cogs": 16994000,
      "rd": 21078000,
      "sga": 101735000,
      "fcf": 48763000,
      "ocf": 48763000,
      "capex": null,
      "gross_margin": 0.8931530965105313,
      "op_margin": 0.038340144608613645,
      "fcf_margin": 0.3065891229173216,
      "incr_op_margin_yoy": -2.381720777125153,
      "rev_growth_yoy": 0.10792228870762137,
      "op_leverage_ratio": 0.2227224551432987,
      "fcf_margin_change": 0.33427260174047063
    },
    {
      "date": "2022-03-31T00:00:00",
      "quarter_label": "2022-03 (Q1)",
      "revenue": 152506000,
      "gross_profit": 134574000,
      "operating_income": 1967000,
      "net_income": 25616000,
      "opex": 150539000,
      "cogs": 17932000,
      "rd": 20839000,
      "sga": 90459000,
      "fcf": 3451000,
      "ocf": 4302000,
      "capex": -851000,
      "gross_margin": 0.8824177409413401,
      "op_margin": 0.01289785319921839,
      "fcf_margin": 0.022628617890443653,
      "incr_op_margin_yoy": -0.5213219616204691,
      "rev_growth_yoy": 0.16477255369199278,
      "rev_growth_yoy_accel": 0.056850264984371415,
      "fcf_margin_change": -0.283960505026878
    },
    {
      "date": "2022-06-30T00:00:00",
      "quarter_label": "2022-06 (Q2)",
      "revenue": 170051000,
      "gross_profit": 149594000,
      "operating_income": 11346000,
      "net_income": 7865000,
      "opex": 158705000,
      "cogs": 20457000,
      "rd": 16385000,
      "sga": 100476000,
      "fcf": 71695000,
      "ocf": 71119000,
      "capex": 576000,
      "gross_margin": 0.8797007956436599,
      "op_margin": 0.06672116012255147,
      "fcf_margin": 0.4216088114742048,
      "incr_op_margin_yoy": -0.7926676415291414,
      "rev_growth_yoy": 0.2032279291582053,
      "rev_growth_yoy_accel": 0.03845537546621253,
      "op_leverage_ratio": 2.1208311493533816,
      "fcf_margin_change": 0.39898019358376113
    },
    {
      "date": "2022-09-30T00:00:00",
      "quarter_label": "2022-09 (Q3)",
      "revenue": 177353000,
      "gross_profit": 151475000,
      "operating_income": -1523000,
      "net_income": 1749000,
      "opex": 178876000,
      "cogs": 25878000,
      "rd": 19554000,
      "sga": 112314000,
      "fcf": 13694000,
      "ocf": 13841000,
      "capex": -147000,
      "gross_margin": 0.8540876105845404,
      "op_margin": -0.008587393503352072,
      "fcf_margin": 0.077213241388643,
      "incr_op_margin_yoy": -1.1813146872512028,
      "rev_growth_yoy": 0.19458589287638753,
      "rev_growth_yoy_accel": -0.008642036281817783,
      "op_leverage_ratio": 0.33785147433370327,
      "fcf_margin_change": -0.3443955700855618
    },
    {
      "date": "2022-12-31T00:00:00",
      "quarter_label": "2022-12 (Q4)",
      "revenue": 167328000,
      "gross_profit": 144374000,
      "operating_income": 34334000,
      "net_income": 25481000,
      "opex": 132994000,
      "cogs": 22954000,
      "rd": 17774000,
      "sga": 73972000,
      "fcf": 27574000,
      "ocf": 27564000,
      "capex": 10000,
      "gross_margin": 0.8628203289347868,
      "op_margin": 0.20518980684643334,
      "fcf_margin": 0.1647901128322815,
      "incr_op_margin_yoy": 3.4109688330514616,
      "rev_growth_yoy": 0.05204652624960704,
      "rev_growth_yoy_accel": -0.1425393666267805,
      "fcf_margin_change": 0.08757687144363852
    },
    {
      "date": "2023-03-31T00:00:00",
      "quarter_label": "2023-03 (Q1)",
      "revenue": 153764000,
      "gross_profit": 130304000,
      "operating_income": 5176000,
      "net_income": 16948000,
      "opex": 148588000,
      "cogs": 23460000,
      "rd": 21212000,
      "sga": 85597000,
      "fcf": 48848000,
      "ocf": 49126000,
      "capex": -278000,
      "gross_margin": 0.847428526833329,
      "op_margin": 0.03366197549491429,
      "fcf_margin": 0.3176816419968263,
      "incr_op_margin_yoy": 2.5508744038155804,
      "rev_growth_yoy": 0.008248855782723302,
      "rev_growth_yoy_accel": -0.04379767046688374,
      "fcf_margin_change": 0.1528915291645448
    },
    {
      "date": "2023-06-30T00:00:00",
      "quarter_label": "2023-06 (Q2)",
      "revenue": 135563000,
      "gross_profit": 114472000,
      "operating_income": -17587000,
      "net_income": -831000,
      "opex": 153150000,
      "cogs": 21091000,
      "rd": 24379000,
      "sga": 86782000,
      "fcf": -19033000,
      "ocf": -18874000,
      "capex": -159000,
      "gross_margin": 0.8444191999291842,
      "op_margin": -0.1297330392511231,
      "fcf_margin": -0.14039966657568806,
      "incr_op_margin_yoy": 0.8389294827186268,
      "rev_growth_yoy": -0.2028097453117006,
      "rev_growth_yoy_accel": -0.2110586010944239,
      "fcf_margin_change": -0.4580813085725144
    },
    {
      "date": "2023-09-30T00:00:00",
      "quarter_label": "2023-09 (Q3)",
      "revenue": 153880000,
      "gross_profit": 134279000,
      "operating_income": 8138000,
      "net_income": -15976000,
      "opex": 145742000,
      "cogs": 19601000,
      "rd": 22655000,
      "sga": 82700000,
      "fcf": 35725000,
      "ocf": 35875000,
      "capex": -150000,
      "gross_margin": 0.8726215232648817,
      "op_margin": 0.052885365219651675,
      "fcf_margin": 0.23216142448661295,
      "incr_op_margin_yoy": -0.4115792612789162,
      "rev_growth_yoy": -0.13235186323321285,
      "rev_growth_yoy_accel": 0.07045788207848774,
      "op_leverage_ratio": Infinity,
      "fcf_margin_change": 0.372561091062301
    },
    {
      "date": "2023-12-31T00:00:00",
      "quarter_label": "2023-12 (Q4)",
      "revenue": 164314000,
      "gross_profit": 144687000,
      "operating_income": -996000,
      "net_income": 1175000,
      "opex": 165310000,
      "cogs": 19627000,
      "rd": 23347000,
      "sga": 81282000,
      "fcf": 44994000,
      "ocf": 44958000,
      "capex": 36000,
      "gross_margin": 0.8805518701997396,
      "op_margin": -0.006061565052277956,
      "fcf_margin": 0.27382937546405056,
      "incr_op_margin_yoy": 11.721964167219642,
      "rev_growth_yoy": -0.018012526295658825,
      "rev_growth_yoy_accel": 0.11433933693755402,
      "op_leverage_ratio": 0.5050180958349424,
      "fcf_margin_change": 0.04166795097743761
    },
    {
      "date": "2024-03-31T00:00:00",
      "quarter_label": "2024-03 (Q1)",
      "revenue": 143644000,
      "gross_profit": 127335000,
      "operating_income": -3153000,
      "net_income": 124000,
      "opex": 146797000,
      "cogs": 16309000,
      "rd": 24930000,
      "sga": 86516000,
      "fcf": 38153000,
      "ocf": 38401000,
      "capex": -248000,
      "gross_margin": 0.8864623652919719,
      "op_margin": -0.021950098855503884,
      "fcf_margin": 0.26560803096544233,
      "incr_op_margin_yoy": 0.8230237154150197,
      "rev_growth_yoy": -0.06581514528758357,
      "rev_growth_yoy_accel": -0.04780261899192475,
      "fcf_margin_change": -0.00822134449860823
    },
    {
      "date": "2024-06-30T00:00:00",
      "quarter_label": "2024-06 (Q2)",
      "revenue": 168325000,
      "gross_profit": 150409000,
      "operating_income": 22569000,
      "net_income": 19916000,
      "opex": 145756000,
      "cogs": 17916000,
      "rd": 26183000,
      "sga": 85904000,
      "fcf": 35560000,
      "ocf": 35624000,
      "capex": -64000,
      "gross_margin": 0.8935630476756276,
      "op_margin": 0.1340799049457894,
      "fcf_margin": 0.21125798306846874,
      "incr_op_margin_yoy": 1.22568829741774,
      "rev_growth_yoy": 0.2416736130064988,
      "rev_growth_yoy_accel": 0.3074887582940824,
      "op_leverage_ratio": Infinity,
      "fcf_margin_change": -0.05435004789697359
    },
    {
      "date": "2024-09-30T00:00:00",
      "quarter_label": "2024-09 (Q3)",
      "revenue": 175689000,
      "gross_profit": 158106000,
      "operating_income": 40845000,
      "net_income": 38497000,
      "opex": 134844000,
      "cogs": 17583000,
      "rd": 29036000,
      "sga": 69753000,
      "fcf": 53320000,
      "ocf": 53520000,
      "capex": -200000,
      "gross_margin": 0.8999197445486058,
      "op_margin": 0.2324846746239093,
      "fcf_margin": 0.30349082754184953,
      "incr_op_margin_yoy": 1.4997019579072859,
      "rev_growth_yoy": 0.14172731998960228,
      "rev_growth_yoy_accel": -0.09994629301689653,
      "op_leverage_ratio": Infinity,
      "fcf_margin_change": 0.09223284447338079
    },
    {
      "date": "2024-12-31T00:00:00",
      "quarter_label": "2024-12 (Q4)",
      "revenue": 174159000,
      "gross_profit": 148061000,
      "operating_income": 21405000,
      "net_income": 15328000,
      "opex": 152754000,
      "cogs": 26098000,
      "rd": 28647000,
      "sga": 79409000,
      "fcf": 44193000,
      "ocf": 44406000,
      "capex": -213000,
      "gross_margin": 0.8501484275862861,
      "op_margin": 0.12290493170034279,
      "fcf_margin": 0.25375088281398034,
      "incr_op_margin_yoy": 2.2753682072117827,
      "rev_growth_yoy": 0.05991577102377156,
      "rev_growth_yoy_accel": -0.08181154896583072,
      "fcf_margin_change": -0.04973994472786919
    },
    {
      "date": "2025-03-31T00:00:00",
      "quarter_label": "2025-03 (Q1)",
      "revenue": 149824000,
      "gross_profit": 134061000,
      "operating_income": -10256000,
      "net_income": -11827000,
      "opex": 160080000,
      "cogs": 15763000,
      "rd": 26927000,
      "sga": 89944000,
      "fcf": 30272000,
      "ocf": 30599000,
      "capex": -327000,
      "gross_margin": 0.8947898868005126,
      "op_margin": -0.06845365228534814,
      "fcf_margin": 0.20205040580948314,
      "incr_op_margin_yoy": -1.1493527508090615,
      "rev_growth_yoy": 0.04302302915541199,
      "rev_growth_yoy_accel": -0.016892741868359568,
      "fcf_margin_change": -0.0517004770044972
    },
    {
      "date": "2025-06-30T00:00:00",
      "quarter_label": "2025-06 (Q2)",
      "revenue": 165453000,
      "gross_profit": 148626000,
      "operating_income": 12141000,
      "net_income": 22499000,
      "opex": 153312000,
      "cogs": 16827000,
      "rd": 22115000,
      "sga": 93551000,
      "fcf": 58080000,
      "ocf": 58535000,
      "capex": -455000,
      "gross_margin": 0.8982974016790267,
      "op_margin": 0.0733803557505757,
      "fcf_margin": 0.3510362459429566,
      "incr_op_margin_yoy": 3.63091922005571,
      "rev_growth_yoy": -0.017062230803505125,
      "rev_growth_yoy_accel": -0.060085259958917114,
      "op_leverage_ratio": Infinity,
      "fcf_margin_change": 0.1489858401334735
    },
    {
      "date": "2025-09-30T00:00:00",
      "quarter_label": "2025-09 (Q3)",
      "revenue": 192103000,
      "gross_profit": 173138000,
      "operating_income": -60231000,
      "net_income": -45117000,
      "opex": 252334000,
      "cogs": 18965000,
      "rd": 29366000,
      "sga": 179678000,
      "fcf": -61793000,
      "ocf": -61664000,
      "capex": -129000,
      "gross_margin": 0.9012769191527462,
      "op_margin": -0.3135349265758473,
      "fcf_margin": -0.3216659812704643,
      "incr_op_margin_yoy": -6.157913975874254,
      "rev_growth_yoy": 0.09342645242445458,
      "rev_growth_yoy_accel": 0.1104886832279597,
      "op_leverage_ratio": 0.24938310192934052,
      "fcf_margin_change": -0.6727022272134209
    }
  ],
  "signals": [
    {
      "quarter": "2025-09 (Q3)",
      "signal": "YoY REVENUE GROWTH ACCELERATION",
      "detail": "YoY growth: +9.3% vs prior quarter YoY: -1.7% (accel: +11.0%)",
      "severity": "MEDIUM"
    },
    {
      "quarter": "2025-06 (Q2)",
      "signal": "FCF MARGIN EXPANSION",
      "detail": "FCF margin: +20.2% -> +35.1% (+14.9%)",
      "severity": "MEDIUM"
    },
    {
      "quarter": "2025-06 (Q2)",
      "signal": "YoY REVENUE GROWTH DECELERATION",
      "detail": "YoY growth: -1.7% vs prior quarter YoY: +4.3% (decel: -6.0%)",
      "severity": "WARNING"
    },
    {
      "quarter": "2025-06 (Q2)",
      "signal": "INCREMENTAL MARGIN (YoY)",
      "detail": "YoY Incr OPM: +363.1% vs year-ago OPM: +13.4%",
      "severity": "HIGH"
    },
    {
      "quarter": "2025-06 (Q2)",
      "signal": "OP MARGIN TURNED POSITIVE (QoQ)",
      "detail": "Op margin: -6.8% -> +7.3%",
      "severity": "HIGH"
    },
    {
      "quarter": "2025-03 (Q1)",
      "signal": "GROSS MARGIN INFLECTION",
      "detail": "GM: +90.0% -> +85.0% -> +89.5% (reversal +4.5%)",
      "severity": "MEDIUM"
    },
    {
      "quarter": "2024-12 (Q4)",
      "signal": "YoY REVENUE GROWTH DECELERATION",
      "detail": "YoY growth: +6.0% vs prior quarter YoY: +14.2% (decel: -8.2%)",
      "severity": "WARNING"
    },
    {
      "quarter": "2024-12 (Q4)",
      "signal": "OP MARGIN TURNED POSITIVE (YoY)",
      "detail": "Op margin: -0.6% (year-ago) -> +12.3%",
      "severity": "HIGH"
    },
    {
      "quarter": "2024-09 (Q3)",
      "signal": "FCF MARGIN EXPANSION",
      "detail": "FCF margin: +21.1% -> +30.3% (+9.2%)",
      "severity": "MEDIUM"
    },
    {
      "quarter": "2024-09 (Q3)",
      "signal": "YoY REVENUE GROWTH DECELERATION",
      "detail": "YoY growth: +14.2% vs prior quarter YoY: +24.2% (decel: -10.0%)",
      "severity": "WARNING"
    },
    {
      "quarter": "2024-09 (Q3)",
      "signal": "INCREMENTAL MARGIN (YoY)",
      "detail": "YoY Incr OPM: +150.0% vs year-ago OPM: +5.3%",
      "severity": "HIGH"
    },
    {
      "quarter": "2024-06 (Q2)",
      "signal": "YoY REVENUE GROWTH ACCELERATION",
      "detail": "YoY growth: +24.2% vs prior quarter YoY: -6.6% (accel: +30.7%)",
      "severity": "HIGH"
    },
    {
      "quarter": "2024-06 (Q2)",
      "signal": "OP MARGIN TURNED POSITIVE (YoY)",
      "detail": "Op margin: -13.0% (year-ago) -> +13.4%",
      "severity": "HIGH"
    },
    {
      "quarter": "2024-06 (Q2)",
      "signal": "OP MARGIN TURNED POSITIVE (QoQ)",
      "detail": "Op margin: -2.2% -> +13.4%",
      "severity": "HIGH"
    },
    {
      "quarter": "2023-12 (Q4)",
      "signal": "YoY REVENUE GROWTH ACCELERATION",
      "detail": "YoY growth: -1.8% vs prior quarter YoY: -13.2% (accel: +11.4%)",
      "severity": "MEDIUM"
    },
    {
      "quarter": "2023-09 (Q3)",
      "signal": "FCF TURNED POSITIVE",
      "detail": "FCF margin: -14.0% -> +23.2%",
      "severity": "HIGH"
    },
    {
      "quarter": "2023-09 (Q3)",
      "signal": "GROSS MARGIN INFLECTION",
      "detail": "GM: +84.7% -> +84.4% -> +87.3% (reversal +2.8%)",
      "severity": "MEDIUM"
    },
    {
      "quarter": "2023-09 (Q3)",
      "signal": "YoY REVENUE GROWTH ACCELERATION",
      "detail": "YoY growth: -13.2% vs prior quarter YoY: -20.3% (accel: +7.0%)",
      "severity": "MEDIUM"
    },
    {
      "quarter": "2023-09 (Q3)",
      "signal": "OP MARGIN TURNED POSITIVE (YoY)",
      "detail": "Op margin: -0.9% (year-ago) -> +5.3%",
      "severity": "HIGH"
    },
    {
      "quarter": "2023-09 (Q3)",
      "signal": "OP MARGIN TURNED POSITIVE (QoQ)",
      "detail": "Op margin: -13.0% -> +5.3%",
      "severity": "HIGH"
    },
    {
      "quarter": "2023-06 (Q2)",
      "signal": "YoY REVENUE GROWTH DECELERATION",
      "detail": "YoY growth: -20.3% vs prior quarter YoY: +0.8% (decel: -21.1%)",
      "severity": "WARNING"
    },
    {
      "quarter": "2023-03 (Q1)",
      "signal": "FCF MARGIN EXPANSION",
      "detail": "FCF margin: +16.5% -> +31.8% (+15.3%)",
      "severity": "MEDIUM"
    },
    {
      "quarter": "2023-03 (Q1)",
      "signal": "INCREMENTAL MARGIN (YoY)",
      "detail": "YoY Incr OPM: +255.1% vs year-ago OPM: +1.3%",
      "severity": "HIGH"
    },
    {
      "quarter": "2022-12 (Q4)",
      "signal": "FCF MARGIN EXPANSION",
      "detail": "FCF margin: +7.7% -> +16.5% (+8.8%)",
      "severity": "MEDIUM"
    },
    {
      "quarter": "2022-12 (Q4)",
      "signal": "YoY REVENUE GROWTH DECELERATION",
      "detail": "YoY growth: +5.2% vs prior quarter YoY: +19.5% (decel: -14.3%)",
      "severity": "WARNING"
    },
    {
      "quarter": "2022-12 (Q4)",
      "signal": "INCREMENTAL MARGIN (YoY)",
      "detail": "YoY Incr OPM: +341.1% vs year-ago OPM: +3.8%",
      "severity": "HIGH"
    },
    {
      "quarter": "2022-12 (Q4)",
      "signal": "OP MARGIN TURNED POSITIVE (QoQ)",
      "detail": "Op margin: -0.9% -> +20.5%",
      "severity": "HIGH"
    },
    {
      "quarter": "2022-06 (Q2)",
      "signal": "FCF MARGIN EXPANSION",
      "detail": "FCF margin: +2.3% -> +42.2% (+39.9%)",
      "severity": "MEDIUM"
    },
    {
      "quarter": "2022-06 (Q2)",
      "signal": "OPERATING LEVERAGE",
      "detail": "Rev growth +11.5% vs OpEx growth +5.4% (leverage: 2.1x)",
      "severity": "MEDIUM"
    },
    {
      "quarter": "2022-03 (Q1)",
      "signal": "YoY REVENUE GROWTH ACCELERATION",
      "detail": "YoY growth: +16.5% vs prior quarter YoY: +10.8% (accel: +5.7%)",
      "severity": "MEDIUM"
    },
    {
      "quarter": "2021-12 (Q4)",
      "signal": "FCF TURNED POSITIVE",
      "detail": "FCF margin: -2.8% -> +30.7%",
      "severity": "HIGH"
    },
    {
      "quarter": "2021-09 (Q3)",
      "signal": "GROSS MARGIN INFLECTION",
      "detail": "GM: +88.6% -> +82.3% -> +87.8% (reversal +5.5%)",
      "severity": "HIGH"
    },
    {
      "quarter": "2021-06 (Q2)",
      "signal": "FCF MARGIN EXPANSION",
      "detail": "FCF margin: +26.5% -> +32.7% (+6.2%)",
      "severity": "MEDIUM"
    }
  ],
  "data_quality": {
    "n_quarters": 20,
    "coverage": {
      "revenue": [
        20,
        20
      ],
      "gross_profit": [
        20,
        20
      ],
      "op_income": [
        20,
        20
      ],
      "fcf": [
        20,
        20
      ]
    },
    "gaps": [],
    "warnings": []
  },
  "market_cap": null,
  "source": "SEC EDGAR",
  "last_updated": "2026-02-02T21:24:44.576592"
}