{
  "ticker": "SURG",
  "name": "SURGEPAYS, INC.",
  "quarters": [
    {
      "date": "2020-12-31T00:00:00",
      "quarter_label": "2020-12 (Q4)",
      "revenue": 11302021,
      "gross_profit": -1213314,
      "operating_income": -1813043,
      "net_income": -2736910,
      "opex": 599729,
      "cogs": 12515335,
      "rd": null,
      "sga": 302512,
      "fcf": -950887,
      "ocf": -948429,
      "capex": -2458,
      "gross_margin": -0.10735372018862821,
      "op_margin": -0.16041759257039073,
      "fcf_margin": -0.0841342446629678
    },
    {
      "date": "2021-03-31T00:00:00",
      "quarter_label": "2021-03 (Q1)",
      "revenue": 10988948,
      "gross_profit": 1131639,
      "operating_income": -2108170,
      "net_income": -4815431,
      "opex": 3237684,
      "cogs": 9857309,
      "rd": null,
      "sga": 3021851,
      "fcf": -3437969,
      "ocf": -3435354,
      "capex": -2615,
      "gross_margin": 0.10297973927986555,
      "op_margin": -0.19184456965307325,
      "fcf_margin": -0.3128569722961652,
      "fcf_margin_change": -0.2287227276331974
    },
    {
      "date": "2021-06-30T00:00:00",
      "quarter_label": "2021-06 (Q2)",
      "revenue": 11377928,
      "gross_profit": 1326809,
      "operating_income": -1409626,
      "net_income": -213976,
      "opex": 2736435,
      "cogs": 10051119,
      "rd": null,
      "sga": 2736435,
      "fcf": -1463261,
      "ocf": -1419893,
      "capex": -43368,
      "gross_margin": 0.1166125326157803,
      "op_margin": -0.12389127440426763,
      "fcf_margin": -0.12860522583725262,
      "op_leverage_ratio": Infinity,
      "fcf_margin_change": 0.1842517464589126
    },
    {
      "date": "2021-09-30T00:00:00",
      "quarter_label": "2021-09 (Q3)",
      "revenue": 14538353,
      "gross_profit": 1903482,
      "operating_income": -375892,
      "net_income": -1657895,
      "opex": 2279374,
      "cogs": 12634871,
      "rd": null,
      "sga": 2279374,
      "fcf": -2294535,
      "ocf": -2289122,
      "capex": -5413,
      "gross_margin": 0.1309283107928388,
      "op_margin": -0.025855198315792718,
      "fcf_margin": -0.15782633699979634,
      "op_leverage_ratio": Infinity,
      "fcf_margin_change": -0.029221111162543723
    },
    {
      "date": "2021-12-31T00:00:00",
      "quarter_label": "2021-12 (Q4)",
      "revenue": 14155216,
      "gross_profit": 1809225,
      "operating_income": -2098879,
      "net_income": -6843842,
      "opex": 3908104,
      "cogs": 12345991,
      "rd": null,
      "sga": 3908104,
      "fcf": -8143904,
      "ocf": -8143892,
      "capex": -12,
      "gross_margin": 0.12781330924233159,
      "op_margin": -0.14827601359103246,
      "fcf_margin": -0.5753288399131458,
      "incr_op_margin_yoy": -0.10018102513147542,
      "rev_growth_yoy": 0.2524499821757542,
      "fcf_margin_change": -0.41750250291334945
    },
    {
      "date": "2022-03-31T00:00:00",
      "quarter_label": "2022-03 (Q1)",
      "revenue": 21141372,
      "gross_profit": 2633631,
      "operating_income": -1050151,
      "net_income": -1212334,
      "opex": 3683782,
      "cogs": 18507741,
      "rd": null,
      "sga": 3683782,
      "fcf": -3334957,
      "ocf": -3323556,
      "capex": -11401,
      "gross_margin": 0.12457237874628005,
      "op_margin": -0.04967279323215163,
      "fcf_margin": -0.15774553326056606,
      "incr_op_margin_yoy": 0.10421343710625167,
      "rev_growth_yoy": 0.9238758796565422,
      "rev_growth_yoy_accel": 0.671425897480788,
      "op_leverage_ratio": Infinity,
      "fcf_margin_change": 0.4175833066525797
    },
    {
      "date": "2022-06-30T00:00:00",
      "quarter_label": "2022-06 (Q2)",
      "revenue": 28005144,
      "gross_profit": 2190991,
      "operating_income": -847538,
      "net_income": -973037,
      "opex": 3038529,
      "cogs": 25814153,
      "rd": null,
      "sga": 3038529,
      "fcf": 175483,
      "ocf": 175483,
      "capex": null,
      "gross_margin": 0.07823530562813746,
      "op_margin": -0.0302636544200594,
      "fcf_margin": 0.006266098828129575,
      "incr_op_margin_yoy": 0.03380529849374664,
      "rev_growth_yoy": 1.4613571117693838,
      "rev_growth_yoy_accel": 0.5374812321128416,
      "op_leverage_ratio": Infinity,
      "fcf_margin_change": 0.16401163208869562
    },
    {
      "date": "2022-09-30T00:00:00",
      "quarter_label": "2022-09 (Q3)",
      "revenue": 36171345,
      "gross_profit": 1920804,
      "operating_income": -1012400,
      "net_income": -1540198,
      "opex": 2933204,
      "cogs": 34250541,
      "rd": null,
      "sga": 2933204,
      "fcf": -801180,
      "ocf": -802970,
      "capex": 1790,
      "gross_margin": 0.053102918898924,
      "op_margin": -0.02798900621472605,
      "fcf_margin": -0.022149577241321824,
      "incr_op_margin_yoy": -0.029423022021179503,
      "rev_growth_yoy": 1.4879946855052977,
      "rev_growth_yoy_accel": 0.02663757373591391,
      "op_leverage_ratio": Infinity,
      "fcf_margin_change": -0.028415676069451397
    },
    {
      "date": "2022-12-31T00:00:00",
      "quarter_label": "2022-12 (Q4)",
      "revenue": 36226330,
      "gross_profit": 6723969,
      "operating_income": 3543875,
      "net_income": 3044806,
      "opex": 3180094,
      "cogs": 29502361,
      "rd": null,
      "sga": 3180094,
      "fcf": 4742524,
      "ocf": 4744315,
      "capex": -1791,
      "gross_margin": 0.18560999692764904,
      "op_margin": 0.09782594593490425,
      "fcf_margin": 0.1309137304275647,
      "incr_op_margin_yoy": 0.2556624010913088,
      "rev_growth_yoy": 1.5592212792796663,
      "rev_growth_yoy_accel": 0.07122659377436857,
      "fcf_margin_change": 0.15306330766888654
    },
    {
      "date": "2023-03-31T00:00:00",
      "quarter_label": "2023-03 (Q1)",
      "revenue": 34776443,
      "gross_profit": 7694483,
      "operating_income": 4705062,
      "net_income": 4546341,
      "opex": 2989421,
      "cogs": 27081960,
      "rd": null,
      "sga": 2989421,
      "fcf": 2865796,
      "ocf": 2865796,
      "capex": null,
      "gross_margin": 0.2212556068485785,
      "op_margin": 0.13529451531313885,
      "fcf_margin": 0.0824062426395937,
      "incr_op_margin_yoy": 0.42208896455324657,
      "rev_growth_yoy": 0.6449473099475285,
      "rev_growth_yoy_accel": -0.9142739693321378,
      "fcf_margin_change": -0.04850748778797101
    },
    {
      "date": "2023-06-30T00:00:00",
      "quarter_label": "2023-06 (Q2)",
      "revenue": 35886433,
      "gross_profit": 10025728,
      "operating_income": 6202501,
      "net_income": 5965992,
      "opex": 3823227,
      "cogs": 25860705,
      "rd": null,
      "sga": 3823227,
      "fcf": -2641736,
      "ocf": -2641736,
      "capex": null,
      "gross_margin": 0.2793737677968719,
      "op_margin": 0.1728369325533134,
      "fcf_margin": -0.07361378045012164,
      "incr_op_margin_yoy": 0.8945286741800739,
      "rev_growth_yoy": 0.28142290573474643,
      "rev_growth_yoy_accel": -0.36352440421278204,
      "op_leverage_ratio": 0.11443423529384854,
      "fcf_margin_change": -0.15602002308971535
    },
    {
      "date": "2023-09-30T00:00:00",
      "quarter_label": "2023-09 (Q3)",
      "revenue": 34160834,
      "gross_profit": 10480587,
      "operating_income": 7091572,
      "net_income": 7084301,
      "opex": 3389015,
      "cogs": 23680247,
      "rd": null,
      "sga": 3389015,
      "fcf": 8105638,
      "ocf": 8105638,
      "capex": null,
      "gross_margin": 0.30680126252186934,
      "op_margin": 0.20759364364464872,
      "fcf_margin": 0.23727869173217492,
      "incr_op_margin_yoy": -4.030802119461172,
      "rev_growth_yoy": -0.055582975971725686,
      "rev_growth_yoy_accel": -0.3370058817064721,
      "fcf_margin_change": 0.31089247218229654
    },
    {
      "date": "2023-12-31T00:00:00",
      "quarter_label": "2023-12 (Q4)",
      "revenue": 32318122,
      "gross_profit": 7441693,
      "operating_income": 866249,
      "net_income": 3021269,
      "opex": 6575444,
      "cogs": 24876429,
      "rd": null,
      "sga": 6575444,
      "fcf": 1957647,
      "ocf": 1957647,
      "capex": null,
      "gross_margin": 0.23026378203535466,
      "op_margin": 0.026803816137583737,
      "fcf_margin": 0.060574280894168296,
      "incr_op_margin_yoy": 0.6851288365409415,
      "rev_growth_yoy": -0.10788307841285606,
      "rev_growth_yoy_accel": -0.052300102441130376,
      "fcf_margin_change": -0.17670441083800661
    },
    {
      "date": "2024-03-31T00:00:00",
      "quarter_label": "2024-03 (Q1)",
      "revenue": 31429135,
      "gross_profit": 8182667,
      "operating_income": 1751861,
      "net_income": 1224595,
      "opex": 6430806,
      "cogs": 23246468,
      "rd": null,
      "sga": 6430806,
      "fcf": 4040058,
      "ocf": 4040058,
      "capex": null,
      "gross_margin": 0.26035291776245195,
      "op_margin": 0.0557400322980572,
      "fcf_margin": 0.1285449949545223,
      "incr_op_margin_yoy": 0.8822615068586458,
      "rev_growth_yoy": -0.09625216702007161,
      "rev_growth_yoy_accel": 0.011630911392784452,
      "fcf_margin_change": 0.06797071406035399
    },
    {
      "date": "2024-06-30T00:00:00",
      "quarter_label": "2024-06 (Q2)",
      "revenue": 15085699,
      "gross_profit": -3443075,
      "operating_income": -10876053,
      "net_income": -12865765,
      "opex": 7432978,
      "cogs": 18528774,
      "rd": null,
      "sga": 7432978,
      "fcf": -4130170,
      "ocf": -4130170,
      "capex": null,
      "gross_margin": -0.22823436951777973,
      "op_margin": -0.7209512134638243,
      "fcf_margin": -0.2737804857434846,
      "incr_op_margin_yoy": 0.8210553531428266,
      "rev_growth_yoy": -0.5796266795309526,
      "rev_growth_yoy_accel": -0.483374512510881,
      "fcf_margin_change": -0.4023254806980069
    },
    {
      "date": "2024-09-30T00:00:00",
      "quarter_label": "2024-09 (Q3)",
      "revenue": 4770697,
      "gross_profit": -7831360,
      "operating_income": -14280762,
      "net_income": -14275347,
      "opex": 6448402,
      "cogs": 12602057,
      "rd": null,
      "sga": 6448402,
      "fcf": -13322602,
      "ocf": -13322602,
      "capex": null,
      "gross_margin": -1.6415546826805392,
      "op_margin": -2.99343303504708,
      "fcf_margin": -2.7925902651122048,
      "incr_op_margin_yoy": 0.7271940923582629,
      "rev_growth_yoy": -0.8603460032620983,
      "rev_growth_yoy_accel": -0.2807193237311457,
      "fcf_margin_change": -2.5188097793687203
    },
    {
      "date": "2024-12-31T00:00:00",
      "quarter_label": "2024-12 (Q4)",
      "revenue": 9596642,
      "gross_profit": -11231430,
      "operating_income": -18377397,
      "net_income": -19812707,
      "opex": 7145967,
      "cogs": 20828072,
      "rd": null,
      "sga": 7145967,
      "fcf": -7897889,
      "ocf": -7897889,
      "capex": null,
      "gross_margin": -1.17035000367837,
      "op_margin": -1.9149820322566997,
      "fcf_margin": -0.8229846440036004,
      "incr_op_margin_yoy": 0.8469362911218812,
      "rev_growth_yoy": -0.7030569412418209,
      "rev_growth_yoy_accel": 0.15728906202027737,
      "op_leverage_ratio": 9.351213140730684,
      "fcf_margin_change": 1.9696056211086044
    },
    {
      "date": "2025-03-31T00:00:00",
      "quarter_label": "2025-03 (Q1)",
      "revenue": 10577429,
      "gross_profit": -2942346,
      "operating_income": -7579902,
      "net_income": -7635084,
      "opex": 4637556,
      "cogs": 13519775,
      "rd": null,
      "sga": 4637556,
      "fcf": -6963484,
      "ocf": -6963484,
      "capex": null,
      "gross_margin": -0.27817213426816667,
      "op_margin": -0.7166110025413548,
      "fcf_margin": -0.6583342700764051,
      "incr_op_margin_yoy": 0.44752995270506885,
      "rev_growth_yoy": -0.6634514758360356,
      "rev_growth_yoy_accel": 0.039605465405785356,
      "op_leverage_ratio": Infinity,
      "fcf_margin_change": 0.16465037392719528
    },
    {
      "date": "2025-06-30T00:00:00",
      "quarter_label": "2025-06 (Q2)",
      "revenue": 11518166,
      "gross_profit": -2654666,
      "operating_income": -6810509,
      "net_income": -7082598,
      "opex": 4155843,
      "cogs": 14172832,
      "rd": null,
      "sga": 4155843,
      "fcf": -6118935,
      "ocf": -6118935,
      "capex": null,
      "gross_margin": -0.23047644911524978,
      "op_margin": -0.5912841506191177,
      "fcf_margin": -0.5312421265677192,
      "incr_op_margin_yoy": -1.1395953450185323,
      "rev_growth_yoy": -0.2364844346954026,
      "rev_growth_yoy_accel": 0.426967041140633,
      "op_leverage_ratio": Infinity,
      "fcf_margin_change": 0.12709214350868592
    },
    {
      "date": "2025-09-30T00:00:00",
      "quarter_label": "2025-09 (Q3)",
      "revenue": 18680317,
      "gross_profit": -2596454,
      "operating_income": -6950138,
      "net_income": -7489068,
      "opex": 4353684,
      "cogs": 21276771,
      "rd": null,
      "sga": 4353684,
      "fcf": -4646386,
      "ocf": -4646386,
      "capex": null,
      "gross_margin": -0.13899410807643148,
      "op_margin": -0.37205674828751567,
      "fcf_margin": -0.24873164625632424,
      "incr_op_margin_yoy": 0.5270182794353836,
      "rev_growth_yoy": 2.9156368555789647,
      "rev_growth_yoy_accel": 3.1521212902743674,
      "op_leverage_ratio": 13.061798313461967,
      "fcf_margin_change": 0.2825104803113949
    }
  ],
  "signals": [
    {
      "quarter": "2025-09 (Q3)",
      "signal": "FCF MARGIN EXPANSION",
      "detail": "FCF margin: -53.1% -> -24.9% (+28.3%)",
      "severity": "MEDIUM"
    },
    {
      "quarter": "2025-09 (Q3)",
      "signal": "OPERATING LEVERAGE",
      "detail": "Rev growth +62.2% vs OpEx growth +4.8% (leverage: 13.1x)",
      "severity": "MEDIUM"
    },
    {
      "quarter": "2025-09 (Q3)",
      "signal": "YoY REVENUE GROWTH ACCELERATION",
      "detail": "YoY growth: +291.6% vs prior quarter YoY: -23.6% (accel: +315.2%)",
      "severity": "HIGH"
    },
    {
      "quarter": "2025-06 (Q2)",
      "signal": "FCF MARGIN EXPANSION",
      "detail": "FCF margin: -65.8% -> -53.1% (+12.7%)",
      "severity": "MEDIUM"
    },
    {
      "quarter": "2025-06 (Q2)",
      "signal": "YoY REVENUE GROWTH ACCELERATION",
      "detail": "YoY growth: -23.6% vs prior quarter YoY: -66.3% (accel: +42.7%)",
      "severity": "HIGH"
    },
    {
      "quarter": "2025-03 (Q1)",
      "signal": "FCF MARGIN EXPANSION",
      "detail": "FCF margin: -82.3% -> -65.8% (+16.5%)",
      "severity": "MEDIUM"
    },
    {
      "quarter": "2024-12 (Q4)",
      "signal": "FCF MARGIN EXPANSION",
      "detail": "FCF margin: -279.3% -> -82.3% (+197.0%)",
      "severity": "MEDIUM"
    },
    {
      "quarter": "2024-12 (Q4)",
      "signal": "OPERATING LEVERAGE",
      "detail": "Rev growth +101.2% vs OpEx growth +10.8% (leverage: 9.4x)",
      "severity": "MEDIUM"
    },
    {
      "quarter": "2024-12 (Q4)",
      "signal": "GROSS MARGIN INFLECTION",
      "detail": "GM: -22.8% -> -164.2% -> -117.0% (reversal +47.1%)",
      "severity": "HIGH"
    },
    {
      "quarter": "2024-12 (Q4)",
      "signal": "YoY REVENUE GROWTH ACCELERATION",
      "detail": "YoY growth: -70.3% vs prior quarter YoY: -86.0% (accel: +15.7%)",
      "severity": "HIGH"
    },
    {
      "quarter": "2024-09 (Q3)",
      "signal": "YoY REVENUE GROWTH DECELERATION",
      "detail": "YoY growth: -86.0% vs prior quarter YoY: -58.0% (decel: -28.1%)",
      "severity": "WARNING"
    },
    {
      "quarter": "2024-06 (Q2)",
      "signal": "YoY REVENUE GROWTH DECELERATION",
      "detail": "YoY growth: -58.0% vs prior quarter YoY: -9.6% (decel: -48.3%)",
      "severity": "WARNING"
    },
    {
      "quarter": "2024-03 (Q1)",
      "signal": "FCF MARGIN EXPANSION",
      "detail": "FCF margin: +6.1% -> +12.9% (+6.8%)",
      "severity": "MEDIUM"
    },
    {
      "quarter": "2024-03 (Q1)",
      "signal": "GROSS MARGIN INFLECTION",
      "detail": "GM: +30.7% -> +23.0% -> +26.0% (reversal +3.0%)",
      "severity": "MEDIUM"
    },
    {
      "quarter": "2024-03 (Q1)",
      "signal": "INCREMENTAL MARGIN (YoY)",
      "detail": "YoY Incr OPM: +88.2% vs year-ago OPM: +13.5%",
      "severity": "HIGH"
    },
    {
      "quarter": "2023-12 (Q4)",
      "signal": "YoY REVENUE GROWTH DECELERATION",
      "detail": "YoY growth: -10.8% vs prior quarter YoY: -5.6% (decel: -5.2%)",
      "severity": "WARNING"
    },
    {
      "quarter": "2023-12 (Q4)",
      "signal": "INCREMENTAL MARGIN (YoY)",
      "detail": "YoY Incr OPM: +68.5% vs year-ago OPM: +9.8%",
      "severity": "HIGH"
    },
    {
      "quarter": "2023-09 (Q3)",
      "signal": "FCF TURNED POSITIVE",
      "detail": "FCF margin: -7.4% -> +23.7%",
      "severity": "HIGH"
    },
    {
      "quarter": "2023-09 (Q3)",
      "signal": "YoY REVENUE GROWTH DECELERATION",
      "detail": "YoY growth: -5.6% vs prior quarter YoY: +28.1% (decel: -33.7%)",
      "severity": "WARNING"
    },
    {
      "quarter": "2023-09 (Q3)",
      "signal": "OP MARGIN TURNED POSITIVE (YoY)",
      "detail": "Op margin: -2.8% (year-ago) -> +20.8%",
      "severity": "HIGH"
    },
    {
      "quarter": "2023-06 (Q2)",
      "signal": "YoY REVENUE GROWTH DECELERATION",
      "detail": "YoY growth: +28.1% vs prior quarter YoY: +64.5% (decel: -36.4%)",
      "severity": "WARNING"
    },
    {
      "quarter": "2023-06 (Q2)",
      "signal": "OP MARGIN TURNED POSITIVE (YoY)",
      "detail": "Op margin: -3.0% (year-ago) -> +17.3%",
      "severity": "HIGH"
    },
    {
      "quarter": "2023-03 (Q1)",
      "signal": "YoY REVENUE GROWTH DECELERATION",
      "detail": "YoY growth: +64.5% vs prior quarter YoY: +155.9% (decel: -91.4%)",
      "severity": "WARNING"
    },
    {
      "quarter": "2023-03 (Q1)",
      "signal": "OP MARGIN TURNED POSITIVE (YoY)",
      "detail": "Op margin: -5.0% (year-ago) -> +13.5%",
      "severity": "HIGH"
    },
    {
      "quarter": "2022-12 (Q4)",
      "signal": "FCF TURNED POSITIVE",
      "detail": "FCF margin: -2.2% -> +13.1%",
      "severity": "HIGH"
    },
    {
      "quarter": "2022-12 (Q4)",
      "signal": "GROSS MARGIN INFLECTION",
      "detail": "GM: +7.8% -> +5.3% -> +18.6% (reversal +13.3%)",
      "severity": "HIGH"
    },
    {
      "quarter": "2022-12 (Q4)",
      "signal": "YoY REVENUE GROWTH ACCELERATION",
      "detail": "YoY growth: +155.9% vs prior quarter YoY: +148.8% (accel: +7.1%)",
      "severity": "MEDIUM"
    },
    {
      "quarter": "2022-12 (Q4)",
      "signal": "OP MARGIN TURNED POSITIVE (YoY)",
      "detail": "Op margin: -14.8% (year-ago) -> +9.8%",
      "severity": "HIGH"
    },
    {
      "quarter": "2022-12 (Q4)",
      "signal": "OP MARGIN TURNED POSITIVE (QoQ)",
      "detail": "Op margin: -2.8% -> +9.8%",
      "severity": "HIGH"
    },
    {
      "quarter": "2022-06 (Q2)",
      "signal": "FCF TURNED POSITIVE",
      "detail": "FCF margin: -15.8% -> +0.6%",
      "severity": "HIGH"
    },
    {
      "quarter": "2022-06 (Q2)",
      "signal": "YoY REVENUE GROWTH ACCELERATION",
      "detail": "YoY growth: +146.1% vs prior quarter YoY: +92.4% (accel: +53.7%)",
      "severity": "HIGH"
    },
    {
      "quarter": "2022-03 (Q1)",
      "signal": "FCF MARGIN EXPANSION",
      "detail": "FCF margin: -57.5% -> -15.8% (+41.8%)",
      "severity": "MEDIUM"
    },
    {
      "quarter": "2022-03 (Q1)",
      "signal": "YoY REVENUE GROWTH ACCELERATION",
      "detail": "YoY growth: +92.4% vs prior quarter YoY: +25.2% (accel: +67.1%)",
      "severity": "HIGH"
    },
    {
      "quarter": "2021-06 (Q2)",
      "signal": "FCF MARGIN EXPANSION",
      "detail": "FCF margin: -31.3% -> -12.9% (+18.4%)",
      "severity": "MEDIUM"
    }
  ],
  "data_quality": {
    "n_quarters": 20,
    "coverage": {
      "revenue": [
        20,
        20
      ],
      "gross_profit": [
        20,
        20
      ],
      "op_income": [
        20,
        20
      ],
      "fcf": [
        20,
        20
      ]
    },
    "gaps": [],
    "warnings": []
  },
  "market_cap": null,
  "source": "SEC EDGAR",
  "last_updated": "2026-02-02T23:51:42.616114"
}