{
  "ticker": "SWBI",
  "name": "Smith & Wesson Brands, Inc.",
  "quarters": [
    {
      "date": "2021-01-31T00:00:00",
      "quarter_label": "2021-01 (Q1)",
      "revenue": 257634000,
      "gross_profit": 109679000,
      "operating_income": 80381000,
      "net_income": 62390000,
      "opex": 29298000,
      "cogs": 147955000,
      "rd": 1757000,
      "sga": null,
      "fcf": 57031000,
      "ocf": 60445000,
      "capex": -3414000,
      "gross_margin": 0.4257163262612854,
      "op_margin": 0.3119968637679809,
      "fcf_margin": 0.22136441618730446
    },
    {
      "date": "2021-04-30T00:00:00",
      "quarter_label": "2021-04 (Q2)",
      "revenue": 322948000,
      "gross_profit": 145809000,
      "operating_income": 116132000,
      "net_income": 89036000,
      "opex": 29677000,
      "cogs": 177139000,
      "rd": 1962000,
      "sga": null,
      "fcf": 115352000,
      "ocf": 119026000,
      "capex": -3674000,
      "gross_margin": 0.4514937389301064,
      "op_margin": 0.35959968787544744,
      "fcf_margin": 0.3571844383615938,
      "op_leverage_ratio": 19.597554019228724,
      "fcf_margin_change": 0.13582002217428935
    },
    {
      "date": "2021-07-31T00:00:00",
      "quarter_label": "2021-07 (Q3)",
      "revenue": 274609000,
      "gross_profit": 129942000,
      "operating_income": 99886000,
      "net_income": 76882000,
      "opex": 30056000,
      "cogs": 144667000,
      "rd": 1808000,
      "sga": null,
      "fcf": 103318000,
      "ocf": 109087000,
      "capex": -5769000,
      "gross_margin": 0.47318915257693667,
      "op_margin": 0.36373898888965767,
      "fcf_margin": 0.3762367584456445,
      "fcf_margin_change": 0.019052320084050722
    },
    {
      "date": "2021-10-31T00:00:00",
      "quarter_label": "2021-10 (Q4)",
      "revenue": 230479000,
      "gross_profit": 101995000,
      "operating_income": 65392000,
      "net_income": 50935000,
      "opex": 36603000,
      "cogs": 128484000,
      "rd": 1744000,
      "sga": null,
      "fcf": -218795000,
      "ocf": -214451000,
      "capex": -4344000,
      "gross_margin": 0.4425348947192586,
      "op_margin": 0.28372216123811717,
      "fcf_margin": -0.9493055766468963,
      "fcf_margin_change": -1.3255423350925408
    },
    {
      "date": "2022-01-31T00:00:00",
      "quarter_label": "2022-01 (Q1)",
      "revenue": 177738000,
      "gross_profit": 70399000,
      "operating_income": 39722000,
      "net_income": 30542000,
      "opex": 30677000,
      "cogs": 107339000,
      "rd": 1716000,
      "sga": null,
      "fcf": 212662000,
      "ocf": 217639000,
      "capex": -4977000,
      "gross_margin": 0.39608299857093027,
      "op_margin": 0.22348625504956734,
      "fcf_margin": 1.196491464965286,
      "incr_op_margin_yoy": 0.5088990687894263,
      "rev_growth_yoy": -0.3101143482614872,
      "fcf_margin_change": 2.145797041612182
    },
    {
      "date": "2022-04-30T00:00:00",
      "quarter_label": "2022-04 (Q2)",
      "revenue": 181300000,
      "gross_profit": 72228000,
      "operating_income": 46652000,
      "net_income": 36135000,
      "opex": 25576000,
      "cogs": 109072000,
      "rd": 1993000,
      "sga": null,
      "fcf": 16657000,
      "ocf": 25539000,
      "capex": -8882000,
      "gross_margin": 0.39838940981798127,
      "op_margin": 0.25731936017650303,
      "fcf_margin": 0.0918753447324876,
      "incr_op_margin_yoy": 0.4905116909522196,
      "rev_growth_yoy": -0.438609311715818,
      "rev_growth_yoy_accel": -0.1284949634543308,
      "op_leverage_ratio": Infinity,
      "fcf_margin_change": -1.1046161202327984
    },
    {
      "date": "2022-07-31T00:00:00",
      "quarter_label": "2022-07 (Q3)",
      "revenue": 84394000,
      "gross_profit": 31471000,
      "operating_income": 3917000,
      "net_income": 3312000,
      "opex": 27554000,
      "cogs": 52923000,
      "rd": 1673000,
      "sga": null,
      "fcf": -4393000,
      "ocf": 7145000,
      "capex": -11538000,
      "gross_margin": 0.37290565680024645,
      "op_margin": 0.046413252126928456,
      "fcf_margin": -0.052053463516363724,
      "incr_op_margin_yoy": 0.5045290855085035,
      "rev_growth_yoy": -0.6926757680920873,
      "rev_growth_yoy_accel": -0.2540664563762693,
      "fcf_margin_change": -0.14392880824885132
    },
    {
      "date": "2022-10-31T00:00:00",
      "quarter_label": "2022-10 (Q4)",
      "revenue": 121035000,
      "gross_profit": 39262000,
      "operating_income": 12527000,
      "net_income": 9648000,
      "opex": 26735000,
      "cogs": 81773000,
      "rd": 1869000,
      "sga": null,
      "fcf": -63191000,
      "ocf": -35310000,
      "capex": -27881000,
      "gross_margin": 0.3243855083240385,
      "op_margin": 0.10349898789606313,
      "fcf_margin": -0.5220886520427975,
      "incr_op_margin_yoy": 0.48303241840576,
      "rev_growth_yoy": -0.47485454206240046,
      "rev_growth_yoy_accel": 0.21782122602968684,
      "op_leverage_ratio": Infinity,
      "fcf_margin_change": -0.4700351885264338
    },
    {
      "date": "2023-01-31T00:00:00",
      "quarter_label": "2023-01 (Q1)",
      "revenue": 129036000,
      "gross_profit": 41841000,
      "operating_income": 14136000,
      "net_income": 11079000,
      "opex": 27705000,
      "cogs": 87195000,
      "rd": 2133000,
      "sga": null,
      "fcf": -18250000,
      "ocf": 6917000,
      "capex": -25167000,
      "gross_margin": 0.32425834650795127,
      "op_margin": 0.10955082302613224,
      "fcf_margin": -0.14143339843144548,
      "incr_op_margin_yoy": 0.5253583015071249,
      "rev_growth_yoy": -0.2740100597508693,
      "rev_growth_yoy_accel": 0.20084448231153118,
      "op_leverage_ratio": 1.8219722164373515,
      "fcf_margin_change": 0.38065525361135205
    },
    {
      "date": "2023-04-30T00:00:00",
      "quarter_label": "2023-04 (Q2)",
      "revenue": 144777000,
      "gross_profit": 41962000,
      "operating_income": 17828000,
      "net_income": 12837000,
      "opex": 24134000,
      "cogs": 102815000,
      "rd": 1875000,
      "sga": null,
      "fcf": 13001000,
      "ocf": 37980000,
      "capex": -24979000,
      "gross_margin": 0.2898388556193318,
      "op_margin": 0.12314110666749553,
      "fcf_margin": 0.08980017544223184,
      "incr_op_margin_yoy": 0.7892013251923445,
      "rev_growth_yoy": -0.20145063430777715,
      "rev_growth_yoy_accel": 0.07255942544309213,
      "op_leverage_ratio": Infinity,
      "fcf_margin_change": 0.23123357387367732
    },
    {
      "date": "2023-07-31T00:00:00",
      "quarter_label": "2023-07 (Q3)",
      "revenue": 114243000,
      "gross_profit": 30401000,
      "operating_income": 4349000,
      "net_income": 3118000,
      "opex": 26052000,
      "cogs": 83842000,
      "rd": 1799000,
      "sga": null,
      "fcf": 8573000,
      "ocf": 40630000,
      "capex": -32057000,
      "gross_margin": 0.2661082079427186,
      "op_margin": 0.03806797790674264,
      "fcf_margin": 0.07504179687158076,
      "incr_op_margin_yoy": 0.0144728466615297,
      "rev_growth_yoy": 0.353686281015238,
      "rev_growth_yoy_accel": 0.5551369153230152,
      "fcf_margin_change": -0.014758378570651084
    },
    {
      "date": "2023-10-31T00:00:00",
      "quarter_label": "2023-10 (Q4)",
      "revenue": 124958000,
      "gross_profit": 31766000,
      "operating_income": 3768000,
      "net_income": 2498000,
      "opex": 27998000,
      "cogs": 93192000,
      "rd": 1724000,
      "sga": null,
      "fcf": -37800000,
      "ocf": -2874000,
      "capex": -34926000,
      "gross_margin": 0.2542134157076778,
      "op_margin": 0.03015413178828086,
      "fcf_margin": -0.3025016405512252,
      "incr_op_margin_yoy": -2.2327300535304615,
      "rev_growth_yoy": 0.03241211219895072,
      "rev_growth_yoy_accel": -0.3212741688162873,
      "op_leverage_ratio": 1.2556274742217277,
      "fcf_margin_change": -0.37754343742280594
    },
    {
      "date": "2024-01-31T00:00:00",
      "quarter_label": "2024-01 (Q1)",
      "revenue": 137484000,
      "gross_profit": 39424000,
      "operating_income": 11282000,
      "net_income": 7882000,
      "opex": 28142000,
      "cogs": 98060000,
      "rd": 1969000,
      "sga": null,
      "fcf": 7042000,
      "ocf": 25247000,
      "capex": -18205000,
      "gross_margin": 0.28675336766460097,
      "op_margin": 0.08206045794419714,
      "fcf_margin": 0.0512205056588403,
      "incr_op_margin_yoy": -0.3378314393939394,
      "rev_growth_yoy": 0.06547010136706036,
      "rev_growth_yoy_accel": 0.03305798916810964,
      "op_leverage_ratio": 19.490045766488652,
      "fcf_margin_change": 0.3537221462100655
    },
    {
      "date": "2024-04-30T00:00:00",
      "quarter_label": "2024-04 (Q2)",
      "revenue": 159147000,
      "gross_profit": 56501000,
      "operating_income": 25379000,
      "net_income": 26110000,
      "opex": 31122000,
      "cogs": 102646000,
      "rd": 1774000,
      "sga": null,
      "fcf": 38165000,
      "ocf": 43736000,
      "capex": -5571000,
      "gross_margin": 0.35502397154831694,
      "op_margin": 0.15946891867267368,
      "fcf_margin": 0.23980973565320113,
      "incr_op_margin_yoy": 0.5254697286012526,
      "rev_growth_yoy": 0.0992560973082741,
      "rev_growth_yoy_accel": 0.033785995941213745,
      "op_leverage_ratio": 1.4880075514339288,
      "fcf_margin_change": 0.18858922999436084
    },
    {
      "date": "2024-07-31T00:00:00",
      "quarter_label": "2024-07 (Q3)",
      "revenue": 88334000,
      "gross_profit": 24192000,
      "operating_income": -1862000,
      "net_income": -2106000,
      "opex": 26054000,
      "cogs": 64142000,
      "rd": 2515000,
      "sga": null,
      "fcf": -35517000,
      "ocf": -30815000,
      "capex": -4702000,
      "gross_margin": 0.27386963117259494,
      "op_margin": -0.021079086195575882,
      "fcf_margin": -0.40207621074557925,
      "incr_op_margin_yoy": 0.23972364815315142,
      "rev_growth_yoy": -0.22678851220643714,
      "rev_growth_yoy_accel": -0.32604460951471126,
      "fcf_margin_change": -0.6418859463987804
    },
    {
      "date": "2024-10-31T00:00:00",
      "quarter_label": "2024-10 (Q4)",
      "revenue": 129679000,
      "gross_profit": 34546000,
      "operating_income": 6972000,
      "net_income": 4134000,
      "opex": 27574000,
      "cogs": 95133000,
      "rd": 2221000,
      "sga": null,
      "fcf": -10699000,
      "ocf": -7397000,
      "capex": -3302000,
      "gross_margin": 0.2663962553690266,
      "op_margin": 0.053763523777944,
      "fcf_margin": -0.08250372072579215,
      "incr_op_margin_yoy": 0.6786697733531032,
      "rev_growth_yoy": 0.037780694313289266,
      "rev_growth_yoy_accel": 0.26456920651972643,
      "op_leverage_ratio": 8.02279915762304,
      "fcf_margin_change": 0.3195724900197871
    },
    {
      "date": "2025-01-31T00:00:00",
      "quarter_label": "2025-01 (Q1)",
      "revenue": 115885000,
      "gross_profit": 27947000,
      "operating_income": 4125000,
      "net_income": 1663000,
      "opex": 23822000,
      "cogs": 87938000,
      "rd": 2869000,
      "sga": null,
      "fcf": -16149000,
      "ocf": -9839000,
      "capex": -6310000,
      "gross_margin": 0.24116149631099798,
      "op_margin": 0.03559563360227812,
      "fcf_margin": -0.13935366958622772,
      "incr_op_margin_yoy": 0.3313579332376499,
      "rev_growth_yoy": -0.1571019173140147,
      "rev_growth_yoy_accel": -0.19488261162730397,
      "fcf_margin_change": -0.05684994886043557
    },
    {
      "date": "2025-04-30T00:00:00",
      "quarter_label": "2025-04 (Q2)",
      "revenue": 140762000,
      "gross_profit": 40545000,
      "operating_income": 14649000,
      "net_income": 9735000,
      "opex": 25896000,
      "cogs": 100217000,
      "rd": 1962000,
      "sga": null,
      "fcf": 33537000,
      "ocf": 40828000,
      "capex": -7291000,
      "gross_margin": 0.2880393856296444,
      "op_margin": 0.1040692800613802,
      "fcf_margin": 0.23825322175018826,
      "incr_op_margin_yoy": 0.5836279575741093,
      "rev_growth_yoy": -0.11552212734138878,
      "rev_growth_yoy_accel": 0.04157978997262593,
      "op_leverage_ratio": 2.4657000803301945,
      "fcf_margin_change": 0.377606891336416
    },
    {
      "date": "2025-07-31T00:00:00",
      "quarter_label": "2025-07 (Q3)",
      "revenue": 85077000,
      "gross_profit": 22074000,
      "operating_income": -2958000,
      "net_income": -3411000,
      "opex": 25032000,
      "cogs": 63003000,
      "rd": 3007000,
      "sga": null,
      "fcf": -12401000,
      "ocf": -8110000,
      "capex": -4291000,
      "gross_margin": 0.2594590782467647,
      "op_margin": -0.03476850382594591,
      "fcf_margin": -0.14576207435617147,
      "incr_op_margin_yoy": 0.3365059871046976,
      "rev_growth_yoy": -0.036871419838340844,
      "rev_growth_yoy_accel": 0.07865070750304794,
      "fcf_margin_change": -0.38401529610635976
    },
    {
      "date": "2025-10-31T00:00:00",
      "quarter_label": "2025-10 (Q4)",
      "revenue": 124670000,
      "gross_profit": 30349000,
      "operating_income": 4115000,
      "net_income": 1917000,
      "opex": 26234000,
      "cogs": 94321000,
      "rd": 2433000,
      "sga": null,
      "fcf": 16278000,
      "ocf": 27268000,
      "capex": -10990000,
      "gross_margin": 0.24343466752225876,
      "op_margin": 0.03300713884655491,
      "fcf_margin": 0.13056870137162108,
      "incr_op_margin_yoy": 0.5703733280095827,
      "rev_growth_yoy": -0.03862614609921421,
      "rev_growth_yoy_accel": -0.0017547262608733696,
      "op_leverage_ratio": 9.691641145594701,
      "fcf_margin_change": 0.2763307757277925
    }
  ],
  "signals": [
    {
      "quarter": "2025-10 (Q4)",
      "signal": "FCF TURNED POSITIVE",
      "detail": "FCF margin: -14.6% -> +13.1%",
      "severity": "HIGH"
    },
    {
      "quarter": "2025-10 (Q4)",
      "signal": "OPERATING LEVERAGE",
      "detail": "Rev growth +46.5% vs OpEx growth +4.8% (leverage: 9.7x)",
      "severity": "MEDIUM"
    },
    {
      "quarter": "2025-10 (Q4)",
      "signal": "INCREMENTAL MARGIN (YoY)",
      "detail": "YoY Incr OPM: +57.0% vs year-ago OPM: +5.4%",
      "severity": "HIGH"
    },
    {
      "quarter": "2025-10 (Q4)",
      "signal": "OP MARGIN TURNED POSITIVE (QoQ)",
      "detail": "Op margin: -3.5% -> +3.3%",
      "severity": "HIGH"
    },
    {
      "quarter": "2025-07 (Q3)",
      "signal": "YoY REVENUE GROWTH ACCELERATION",
      "detail": "YoY growth: -3.7% vs prior quarter YoY: -11.6% (accel: +7.9%)",
      "severity": "MEDIUM"
    },
    {
      "quarter": "2025-04 (Q2)",
      "signal": "FCF TURNED POSITIVE",
      "detail": "FCF margin: -13.9% -> +23.8%",
      "severity": "HIGH"
    },
    {
      "quarter": "2025-04 (Q2)",
      "signal": "OPERATING LEVERAGE",
      "detail": "Rev growth +21.5% vs OpEx growth +8.7% (leverage: 2.5x)",
      "severity": "MEDIUM"
    },
    {
      "quarter": "2025-04 (Q2)",
      "signal": "GROSS MARGIN INFLECTION",
      "detail": "GM: +26.6% -> +24.1% -> +28.8% (reversal +4.7%)",
      "severity": "MEDIUM"
    },
    {
      "quarter": "2025-04 (Q2)",
      "signal": "INCREMENTAL MARGIN (YoY)",
      "detail": "YoY Incr OPM: +58.4% vs year-ago OPM: +15.9%",
      "severity": "HIGH"
    },
    {
      "quarter": "2025-01 (Q1)",
      "signal": "YoY REVENUE GROWTH DECELERATION",
      "detail": "YoY growth: -15.7% vs prior quarter YoY: +3.8% (decel: -19.5%)",
      "severity": "WARNING"
    },
    {
      "quarter": "2025-01 (Q1)",
      "signal": "INCREMENTAL MARGIN (YoY)",
      "detail": "YoY Incr OPM: +33.1% vs year-ago OPM: +8.2%",
      "severity": "HIGH"
    },
    {
      "quarter": "2024-10 (Q4)",
      "signal": "FCF MARGIN EXPANSION",
      "detail": "FCF margin: -40.2% -> -8.3% (+32.0%)",
      "severity": "MEDIUM"
    },
    {
      "quarter": "2024-10 (Q4)",
      "signal": "OPERATING LEVERAGE",
      "detail": "Rev growth +46.8% vs OpEx growth +5.8% (leverage: 8.0x)",
      "severity": "MEDIUM"
    },
    {
      "quarter": "2024-10 (Q4)",
      "signal": "YoY REVENUE GROWTH ACCELERATION",
      "detail": "YoY growth: +3.8% vs prior quarter YoY: -22.7% (accel: +26.5%)",
      "severity": "HIGH"
    },
    {
      "quarter": "2024-10 (Q4)",
      "signal": "INCREMENTAL MARGIN (YoY)",
      "detail": "YoY Incr OPM: +67.9% vs year-ago OPM: +3.0%",
      "severity": "HIGH"
    },
    {
      "quarter": "2024-10 (Q4)",
      "signal": "OP MARGIN TURNED POSITIVE (QoQ)",
      "detail": "Op margin: -2.1% -> +5.4%",
      "severity": "HIGH"
    },
    {
      "quarter": "2024-07 (Q3)",
      "signal": "YoY REVENUE GROWTH DECELERATION",
      "detail": "YoY growth: -22.7% vs prior quarter YoY: +9.9% (decel: -32.6%)",
      "severity": "WARNING"
    },
    {
      "quarter": "2024-04 (Q2)",
      "signal": "FCF MARGIN EXPANSION",
      "detail": "FCF margin: +5.1% -> +24.0% (+18.9%)",
      "severity": "MEDIUM"
    },
    {
      "quarter": "2024-04 (Q2)",
      "signal": "INCREMENTAL MARGIN (YoY)",
      "detail": "YoY Incr OPM: +52.5% vs year-ago OPM: +12.3%",
      "severity": "HIGH"
    },
    {
      "quarter": "2024-01 (Q1)",
      "signal": "FCF TURNED POSITIVE",
      "detail": "FCF margin: -30.3% -> +5.1%",
      "severity": "HIGH"
    },
    {
      "quarter": "2024-01 (Q1)",
      "signal": "OPERATING LEVERAGE",
      "detail": "Rev growth +10.0% vs OpEx growth +0.5% (leverage: 19.5x)",
      "severity": "MEDIUM"
    },
    {
      "quarter": "2024-01 (Q1)",
      "signal": "GROSS MARGIN INFLECTION",
      "detail": "GM: +26.6% -> +25.4% -> +28.7% (reversal +3.3%)",
      "severity": "MEDIUM"
    },
    {
      "quarter": "2023-10 (Q4)",
      "signal": "YoY REVENUE GROWTH DECELERATION",
      "detail": "YoY growth: +3.2% vs prior quarter YoY: +35.4% (decel: -32.1%)",
      "severity": "WARNING"
    },
    {
      "quarter": "2023-07 (Q3)",
      "signal": "YoY REVENUE GROWTH ACCELERATION",
      "detail": "YoY growth: +35.4% vs prior quarter YoY: -20.1% (accel: +55.5%)",
      "severity": "HIGH"
    },
    {
      "quarter": "2023-04 (Q2)",
      "signal": "FCF TURNED POSITIVE",
      "detail": "FCF margin: -14.1% -> +9.0%",
      "severity": "HIGH"
    },
    {
      "quarter": "2023-04 (Q2)",
      "signal": "YoY REVENUE GROWTH ACCELERATION",
      "detail": "YoY growth: -20.1% vs prior quarter YoY: -27.4% (accel: +7.3%)",
      "severity": "MEDIUM"
    },
    {
      "quarter": "2023-04 (Q2)",
      "signal": "INCREMENTAL MARGIN (YoY)",
      "detail": "YoY Incr OPM: +78.9% vs year-ago OPM: +25.7%",
      "severity": "HIGH"
    },
    {
      "quarter": "2023-01 (Q1)",
      "signal": "FCF MARGIN EXPANSION",
      "detail": "FCF margin: -52.2% -> -14.1% (+38.1%)",
      "severity": "MEDIUM"
    },
    {
      "quarter": "2023-01 (Q1)",
      "signal": "OPERATING LEVERAGE",
      "detail": "Rev growth +6.6% vs OpEx growth +3.6% (leverage: 1.8x)",
      "severity": "MEDIUM"
    },
    {
      "quarter": "2023-01 (Q1)",
      "signal": "YoY REVENUE GROWTH ACCELERATION",
      "detail": "YoY growth: -27.4% vs prior quarter YoY: -47.5% (accel: +20.1%)",
      "severity": "HIGH"
    },
    {
      "quarter": "2023-01 (Q1)",
      "signal": "INCREMENTAL MARGIN (YoY)",
      "detail": "YoY Incr OPM: +52.5% vs year-ago OPM: +22.3%",
      "severity": "HIGH"
    },
    {
      "quarter": "2022-10 (Q4)",
      "signal": "YoY REVENUE GROWTH ACCELERATION",
      "detail": "YoY growth: -47.5% vs prior quarter YoY: -69.3% (accel: +21.8%)",
      "severity": "HIGH"
    },
    {
      "quarter": "2022-10 (Q4)",
      "signal": "INCREMENTAL MARGIN (YoY)",
      "detail": "YoY Incr OPM: +48.3% vs year-ago OPM: +28.4%",
      "severity": "MEDIUM"
    },
    {
      "quarter": "2022-07 (Q3)",
      "signal": "YoY REVENUE GROWTH DECELERATION",
      "detail": "YoY growth: -69.3% vs prior quarter YoY: -43.9% (decel: -25.4%)",
      "severity": "WARNING"
    },
    {
      "quarter": "2022-07 (Q3)",
      "signal": "INCREMENTAL MARGIN (YoY)",
      "detail": "YoY Incr OPM: +50.5% vs year-ago OPM: +36.4%",
      "severity": "MEDIUM"
    },
    {
      "quarter": "2022-04 (Q2)",
      "signal": "YoY REVENUE GROWTH DECELERATION",
      "detail": "YoY growth: -43.9% vs prior quarter YoY: -31.0% (decel: -12.8%)",
      "severity": "WARNING"
    },
    {
      "quarter": "2022-04 (Q2)",
      "signal": "INCREMENTAL MARGIN (YoY)",
      "detail": "YoY Incr OPM: +49.1% vs year-ago OPM: +36.0%",
      "severity": "MEDIUM"
    },
    {
      "quarter": "2022-01 (Q1)",
      "signal": "FCF TURNED POSITIVE",
      "detail": "FCF margin: -94.9% -> +119.6%",
      "severity": "HIGH"
    },
    {
      "quarter": "2022-01 (Q1)",
      "signal": "INCREMENTAL MARGIN (YoY)",
      "detail": "YoY Incr OPM: +50.9% vs year-ago OPM: +31.2%",
      "severity": "MEDIUM"
    },
    {
      "quarter": "2021-04 (Q2)",
      "signal": "FCF MARGIN EXPANSION",
      "detail": "FCF margin: +22.1% -> +35.7% (+13.6%)",
      "severity": "MEDIUM"
    },
    {
      "quarter": "2021-04 (Q2)",
      "signal": "OPERATING LEVERAGE",
      "detail": "Rev growth +25.4% vs OpEx growth +1.3% (leverage: 19.6x)",
      "severity": "MEDIUM"
    }
  ],
  "data_quality": {
    "n_quarters": 20,
    "coverage": {
      "revenue": [
        20,
        20
      ],
      "gross_profit": [
        20,
        20
      ],
      "op_income": [
        20,
        20
      ],
      "fcf": [
        20,
        20
      ]
    },
    "gaps": [],
    "warnings": []
  },
  "market_cap": null,
  "source": "SEC EDGAR",
  "last_updated": "2026-02-02T22:24:57.719753"
}