{
  "ticker": "SWIM",
  "name": "Latham Group,\u00a0Inc.",
  "quarters": [
    {
      "date": "2020-12-31T00:00:00",
      "quarter_label": "2020-12 (Q4)",
      "revenue": 111921000,
      "gross_profit": 38004000,
      "operating_income": -1809000,
      "net_income": -2720000,
      "opex": 39813000,
      "cogs": 73917000,
      "rd": null,
      "sga": 34639000,
      "fcf": 1517000,
      "ocf": 8104000,
      "capex": -6587000,
      "gross_margin": 0.3395609403061088,
      "op_margin": -0.01616318653335835,
      "fcf_margin": 0.013554203411334781
    },
    {
      "date": "2021-04-03T00:00:00",
      "quarter_label": "2021-04 (Q2)",
      "revenue": 148746000,
      "gross_profit": 52440000,
      "operating_income": 19673000,
      "net_income": 8533000,
      "opex": 32767000,
      "cogs": 96306000,
      "rd": null,
      "sga": 27172000,
      "fcf": -45655000,
      "ocf": -41047000,
      "capex": -4608000,
      "gross_margin": 0.35254729538945584,
      "op_margin": 0.13225901872991544,
      "fcf_margin": -0.30693262339827626,
      "op_leverage_ratio": Infinity,
      "fcf_margin_change": -0.32048682680961105
    },
    {
      "date": "2021-07-03T00:00:00",
      "quarter_label": "2021-07 (Q3)",
      "revenue": 180889000,
      "gross_profit": 58355000,
      "operating_income": -42412000,
      "net_income": -53598000,
      "opex": 100767000,
      "cogs": 122534000,
      "rd": null,
      "sga": 95288000,
      "fcf": 46826000,
      "ocf": 55185000,
      "capex": -8359000,
      "gross_margin": 0.32260115319339483,
      "op_margin": -0.2344642294445765,
      "fcf_margin": 0.2588659343575342,
      "op_leverage_ratio": 0.10412832465687659,
      "fcf_margin_change": 0.5657985577558104
    },
    {
      "date": "2021-10-02T00:00:00",
      "quarter_label": "2021-10 (Q4)",
      "revenue": 161957000,
      "gross_profit": 50992000,
      "operating_income": -2566000,
      "net_income": -11296000,
      "opex": 53558000,
      "cogs": 110965000,
      "rd": null,
      "sga": 48072000,
      "fcf": 9013000,
      "ocf": 15288000,
      "capex": -6275000,
      "gross_margin": 0.31484900313046055,
      "op_margin": -0.015843711602462382,
      "fcf_margin": 0.055650573917768294,
      "fcf_margin_change": -0.2032153604397659
    },
    {
      "date": "2021-12-31T00:00:00",
      "quarter_label": "2021-12 (Q4)",
      "revenue": 138864000,
      "gross_profit": 42375000,
      "operating_income": -10874000,
      "net_income": -5987000,
      "opex": 53249000,
      "cogs": 96489000,
      "rd": null,
      "sga": 47243000,
      "fcf": -1469000,
      "ocf": 4264000,
      "capex": -5733000,
      "gross_margin": 0.30515468371932253,
      "op_margin": -0.07830683258439912,
      "fcf_margin": -0.010578695702269847,
      "incr_op_margin_yoy": -0.336451026240582,
      "rev_growth_yoy": 0.2407323022489077,
      "fcf_margin_change": -0.06622926962003814
    },
    {
      "date": "2022-04-02T00:00:00",
      "quarter_label": "2022-04 (Q2)",
      "revenue": 191614000,
      "gross_profit": 70654000,
      "operating_income": 6800000,
      "net_income": -2840000,
      "opex": 63854000,
      "cogs": 120960000,
      "rd": null,
      "sga": 45225000,
      "fcf": -64134000,
      "ocf": -57468000,
      "capex": -6666000,
      "gross_margin": 0.36873088605216736,
      "op_margin": 0.035488012358178424,
      "fcf_margin": -0.3347041447910904,
      "incr_op_margin_yoy": -0.30029392553886347,
      "rev_growth_yoy": 0.2881959851021204,
      "rev_growth_yoy_accel": 0.0474636828532127,
      "op_leverage_ratio": 1.9073639778426514,
      "fcf_margin_change": -0.32412544908882057
    },
    {
      "date": "2022-07-02T00:00:00",
      "quarter_label": "2022-07 (Q3)",
      "revenue": 206800000,
      "gross_profit": 67607000,
      "operating_income": 18647000,
      "net_income": 4303000,
      "opex": 48960000,
      "cogs": 139193000,
      "rd": null,
      "sga": 41804000,
      "fcf": 32298000,
      "ocf": 42382000,
      "capex": -10084000,
      "gross_margin": 0.32691972920696327,
      "op_margin": 0.09016924564796905,
      "fcf_margin": 0.1561798839458414,
      "incr_op_margin_yoy": 2.3564895218247077,
      "rev_growth_yoy": 0.1432425410058102,
      "rev_growth_yoy_accel": -0.14495344409631022,
      "op_leverage_ratio": Infinity,
      "fcf_margin_change": 0.4908840287369318
    },
    {
      "date": "2022-10-01T00:00:00",
      "quarter_label": "2022-10 (Q4)",
      "revenue": 189398000,
      "gross_profit": 58877000,
      "operating_income": 24972000,
      "net_income": 11876000,
      "opex": 33905000,
      "cogs": 130521000,
      "rd": null,
      "sga": 26749000,
      "fcf": 8070000,
      "ocf": 20322000,
      "capex": -12252000,
      "gross_margin": 0.31086389507808954,
      "op_margin": 0.13184933315029726,
      "fcf_margin": 0.04260868646976209,
      "incr_op_margin_yoy": 1.0035348566014357,
      "rev_growth_yoy": 0.16943386207450126,
      "rev_growth_yoy_accel": 0.02619132106869107,
      "fcf_margin_change": -0.1135711974760793
    },
    {
      "date": "2022-12-31T00:00:00",
      "quarter_label": "2022-12 (Q4)",
      "revenue": 107924000,
      "gross_profit": 19331000,
      "operating_income": -20409000,
      "net_income": -19033000,
      "opex": 39740000,
      "cogs": 88593000,
      "rd": null,
      "sga": 33064000,
      "fcf": 16391000,
      "ocf": 27073000,
      "capex": -10682000,
      "gross_margin": 0.17911678588636448,
      "op_margin": -0.18910529631963233,
      "fcf_margin": 0.15187539379563397,
      "incr_op_margin_yoy": 0.30817711700064643,
      "rev_growth_yoy": -0.22280792718055076,
      "rev_growth_yoy_accel": -0.39224178925505204,
      "fcf_margin_change": 0.10926670732587188
    },
    {
      "date": "2023-04-01T00:00:00",
      "quarter_label": "2023-04 (Q2)",
      "revenue": 137719000,
      "gross_profit": 33370000,
      "operating_income": -6319000,
      "net_income": -14368000,
      "opex": 39689000,
      "cogs": 104349000,
      "rd": null,
      "sga": 33057000,
      "fcf": -24418000,
      "ocf": -14476000,
      "capex": -9942000,
      "gross_margin": 0.2423049833356327,
      "op_margin": -0.0458832840784496,
      "fcf_margin": -0.17730305912764396,
      "incr_op_margin_yoy": 0.24341775674923463,
      "rev_growth_yoy": -0.2812685920652979,
      "rev_growth_yoy_accel": -0.05846066488474716,
      "op_leverage_ratio": Infinity,
      "fcf_margin_change": -0.32917845292327796
    },
    {
      "date": "2023-07-01T00:00:00",
      "quarter_label": "2023-07 (Q3)",
      "revenue": 177128000,
      "gross_profit": 50233000,
      "operating_income": 13389000,
      "net_income": 5715000,
      "opex": 36844000,
      "cogs": 126895000,
      "rd": null,
      "sga": 30209000,
      "fcf": 37342000,
      "ocf": 50765000,
      "capex": -13423000,
      "gross_margin": 0.2835971726660946,
      "op_margin": 0.07558940427261641,
      "fcf_margin": 0.210819294521476,
      "incr_op_margin_yoy": 0.1772040981396603,
      "rev_growth_yoy": -0.14348162475822052,
      "rev_growth_yoy_accel": 0.1377869673070774,
      "op_leverage_ratio": Infinity,
      "fcf_margin_change": 0.38812235364911996
    },
    {
      "date": "2023-09-30T00:00:00",
      "quarter_label": "2023-09 (Q3)",
      "revenue": 160778000,
      "gross_profit": 48145000,
      "operating_income": 18079000,
      "net_income": 6153000,
      "opex": 30066000,
      "cogs": 112633000,
      "rd": null,
      "sga": 23431000,
      "fcf": 46926000,
      "ocf": 51834000,
      "capex": -4908000,
      "gross_margin": 0.2994501735312045,
      "op_margin": 0.11244697657639727,
      "fcf_margin": 0.2918682904377465,
      "incr_op_margin_yoy": 0.24084556254367576,
      "rev_growth_yoy": -0.15111036019387744,
      "rev_growth_yoy_accel": -0.007628735435656925,
      "fcf_margin_change": 0.08104899591627049
    },
    {
      "date": "2023-12-31T00:00:00",
      "quarter_label": "2023-12 (Q4)",
      "revenue": 90867000,
      "gross_profit": 21196000,
      "operating_income": -9020000,
      "net_income": 112000,
      "opex": 30216000,
      "cogs": 69671000,
      "rd": null,
      "sga": 23599000,
      "fcf": 23330000,
      "ocf": 28246000,
      "capex": -4916000,
      "gross_margin": 0.23326400123257068,
      "op_margin": -0.09926596013954461,
      "fcf_margin": 0.25674887472899954,
      "incr_op_margin_yoy": -0.6677024095679194,
      "rev_growth_yoy": -0.15804640302435047,
      "rev_growth_yoy_accel": -0.006936042830473027,
      "fcf_margin_change": -0.03511941570874694
    },
    {
      "date": "2024-03-30T00:00:00",
      "quarter_label": "2024-03 (Q1)",
      "revenue": 110629000,
      "gross_profit": 30589000,
      "operating_income": -2073000,
      "net_income": -7864000,
      "opex": 32662000,
      "cogs": 80040000,
      "rd": null,
      "sga": 26250000,
      "fcf": -39857000,
      "ocf": -34512000,
      "capex": -5345000,
      "gross_margin": 0.27650073669652625,
      "op_margin": -0.018738305507597464,
      "fcf_margin": -0.36027623859928226,
      "incr_op_margin_yoy": -0.15673680324843114,
      "rev_growth_yoy": -0.19670488458382648,
      "rev_growth_yoy_accel": -0.038658481559476016,
      "op_leverage_ratio": 2.6866136944545147,
      "fcf_margin_change": -0.6170251133282818
    },
    {
      "date": "2024-06-29T00:00:00",
      "quarter_label": "2024-06 (Q2)",
      "revenue": 160122000,
      "gross_profit": 53022000,
      "operating_income": 20006000,
      "net_income": 13279000,
      "opex": 33016000,
      "cogs": 107100000,
      "rd": null,
      "sga": 26588000,
      "fcf": 47935000,
      "ocf": 52423000,
      "capex": -4488000,
      "gross_margin": 0.33113500955521413,
      "op_margin": 0.1249422315484443,
      "fcf_margin": 0.29936548381858835,
      "incr_op_margin_yoy": -0.389097965423968,
      "rev_growth_yoy": -0.09600966532676934,
      "rev_growth_yoy_accel": 0.10069521925705714,
      "op_leverage_ratio": 41.27758733279292,
      "fcf_margin_change": 0.6596417224178706
    },
    {
      "date": "2024-09-28T00:00:00",
      "quarter_label": "2024-09 (Q3)",
      "revenue": 150496000,
      "gross_profit": 48689000,
      "operating_income": 13371000,
      "net_income": 5896000,
      "opex": 35318000,
      "cogs": 101807000,
      "rd": null,
      "sga": 28336000,
      "fcf": 33211000,
      "ocf": 37239000,
      "capex": -4028000,
      "gross_margin": 0.32352354879863915,
      "op_margin": 0.08884621518179885,
      "fcf_margin": 0.22067696151392727,
      "incr_op_margin_yoy": 0.45788757051157364,
      "rev_growth_yoy": -0.06395153565786364,
      "rev_growth_yoy_accel": 0.0320581296689057,
      "fcf_margin_change": -0.07868852230466108
    },
    {
      "date": "2024-12-31T00:00:00",
      "quarter_label": "2024-12 (Q4)",
      "revenue": 87273000,
      "gross_profit": 21445000,
      "operating_income": -13026000,
      "net_income": -29170000,
      "opex": 34471000,
      "cogs": 65828000,
      "rd": null,
      "sga": 27190000,
      "fcf": -98000,
      "ocf": 6157000,
      "capex": -6255000,
      "gross_margin": 0.2457231904483632,
      "op_margin": -0.14925578357567632,
      "fcf_margin": -0.0011229131575630493,
      "incr_op_margin_yoy": 1.1146355036171396,
      "rev_growth_yoy": -0.039552312720789726,
      "rev_growth_yoy_accel": 0.024399222937073917,
      "fcf_margin_change": -0.22179987467149032
    },
    {
      "date": "2025-03-29T00:00:00",
      "quarter_label": "2025-03 (Q1)",
      "revenue": 111420000,
      "gross_profit": 32881000,
      "operating_income": -4931000,
      "net_income": -5962000,
      "opex": 37812000,
      "cogs": 78539000,
      "rd": null,
      "sga": 30620000,
      "fcf": -50334000,
      "ocf": -46882000,
      "capex": -3452000,
      "gross_margin": 0.2951085980972895,
      "op_margin": -0.044255968407826245,
      "fcf_margin": -0.45175013462574043,
      "rev_growth_yoy": 0.007150023953936129,
      "rev_growth_yoy_accel": 0.046702336674725856,
      "op_leverage_ratio": 2.854701372570632,
      "fcf_margin_change": -0.45062722146817735
    },
    {
      "date": "2025-06-28T00:00:00",
      "quarter_label": "2025-06 (Q2)",
      "revenue": 172639000,
      "gross_profit": 63963000,
      "operating_income": 24724000,
      "net_income": 15980000,
      "opex": 39239000,
      "cogs": 108676000,
      "rd": null,
      "sga": 31940000,
      "fcf": 29085000,
      "ocf": 35977000,
      "capex": -6892000,
      "gross_margin": 0.37050145100469767,
      "op_margin": 0.14321213630755508,
      "fcf_margin": 0.1684729406449296,
      "incr_op_margin_yoy": 0.37692737876487975,
      "rev_growth_yoy": 0.07817164412135746,
      "rev_growth_yoy_accel": 0.07102162016742133,
      "op_leverage_ratio": 14.558906374825986,
      "fcf_margin_change": 0.62022307527067
    },
    {
      "date": "2025-09-27T00:00:00",
      "quarter_label": "2025-09 (Q3)",
      "revenue": 161903000,
      "gross_profit": 57307000,
      "operating_income": 21508000,
      "net_income": 8117000,
      "opex": 35799000,
      "cogs": 104596000,
      "rd": null,
      "sga": 28586000,
      "fcf": 45210000,
      "ocf": 51026000,
      "capex": -5816000,
      "gross_margin": 0.3539588519051531,
      "op_margin": 0.13284497507766996,
      "fcf_margin": 0.27924127409621813,
      "incr_op_margin_yoy": 0.7133339177697905,
      "rev_growth_yoy": 0.07579603444609824,
      "rev_growth_yoy_accel": -0.0023756096752592243,
      "fcf_margin_change": 0.11076833345128853
    }
  ],
  "signals": [
    {
      "quarter": "2025-09 (Q3)",
      "signal": "FCF MARGIN EXPANSION",
      "detail": "FCF margin: +16.8% -> +27.9% (+11.1%)",
      "severity": "MEDIUM"
    },
    {
      "quarter": "2025-09 (Q3)",
      "signal": "INCREMENTAL MARGIN (YoY)",
      "detail": "YoY Incr OPM: +71.3% vs year-ago OPM: +8.9%",
      "severity": "HIGH"
    },
    {
      "quarter": "2025-06 (Q2)",
      "signal": "FCF TURNED POSITIVE",
      "detail": "FCF margin: -45.2% -> +16.8%",
      "severity": "HIGH"
    },
    {
      "quarter": "2025-06 (Q2)",
      "signal": "OPERATING LEVERAGE",
      "detail": "Rev growth +54.9% vs OpEx growth +3.8% (leverage: 14.6x)",
      "severity": "MEDIUM"
    },
    {
      "quarter": "2025-06 (Q2)",
      "signal": "YoY REVENUE GROWTH ACCELERATION",
      "detail": "YoY growth: +7.8% vs prior quarter YoY: +0.7% (accel: +7.1%)",
      "severity": "MEDIUM"
    },
    {
      "quarter": "2025-06 (Q2)",
      "signal": "INCREMENTAL MARGIN (YoY)",
      "detail": "YoY Incr OPM: +37.7% vs year-ago OPM: +12.5%",
      "severity": "HIGH"
    },
    {
      "quarter": "2025-06 (Q2)",
      "signal": "OP MARGIN TURNED POSITIVE (QoQ)",
      "detail": "Op margin: -4.4% -> +14.3%",
      "severity": "HIGH"
    },
    {
      "quarter": "2025-03 (Q1)",
      "signal": "OPERATING LEVERAGE",
      "detail": "Rev growth +27.7% vs OpEx growth +9.7% (leverage: 2.9x)",
      "severity": "MEDIUM"
    },
    {
      "quarter": "2025-03 (Q1)",
      "signal": "GROSS MARGIN INFLECTION",
      "detail": "GM: +32.4% -> +24.6% -> +29.5% (reversal +4.9%)",
      "severity": "MEDIUM"
    },
    {
      "quarter": "2024-09 (Q3)",
      "signal": "INCREMENTAL MARGIN (YoY)",
      "detail": "YoY Incr OPM: +45.8% vs year-ago OPM: +11.2%",
      "severity": "HIGH"
    },
    {
      "quarter": "2024-06 (Q2)",
      "signal": "FCF TURNED POSITIVE",
      "detail": "FCF margin: -36.0% -> +29.9%",
      "severity": "HIGH"
    },
    {
      "quarter": "2024-06 (Q2)",
      "signal": "OPERATING LEVERAGE",
      "detail": "Rev growth +44.7% vs OpEx growth +1.1% (leverage: 41.3x)",
      "severity": "MEDIUM"
    },
    {
      "quarter": "2024-06 (Q2)",
      "signal": "YoY REVENUE GROWTH ACCELERATION",
      "detail": "YoY growth: -9.6% vs prior quarter YoY: -19.7% (accel: +10.1%)",
      "severity": "MEDIUM"
    },
    {
      "quarter": "2024-06 (Q2)",
      "signal": "OP MARGIN TURNED POSITIVE (QoQ)",
      "detail": "Op margin: -1.9% -> +12.5%",
      "severity": "HIGH"
    },
    {
      "quarter": "2024-03 (Q1)",
      "signal": "OPERATING LEVERAGE",
      "detail": "Rev growth +21.7% vs OpEx growth +8.1% (leverage: 2.7x)",
      "severity": "MEDIUM"
    },
    {
      "quarter": "2024-03 (Q1)",
      "signal": "GROSS MARGIN INFLECTION",
      "detail": "GM: +29.9% -> +23.3% -> +27.7% (reversal +4.3%)",
      "severity": "MEDIUM"
    },
    {
      "quarter": "2023-09 (Q3)",
      "signal": "FCF MARGIN EXPANSION",
      "detail": "FCF margin: +21.1% -> +29.2% (+8.1%)",
      "severity": "MEDIUM"
    },
    {
      "quarter": "2023-09 (Q3)",
      "signal": "INCREMENTAL MARGIN (YoY)",
      "detail": "YoY Incr OPM: +24.1% vs year-ago OPM: +13.2%",
      "severity": "MEDIUM"
    },
    {
      "quarter": "2023-07 (Q3)",
      "signal": "FCF TURNED POSITIVE",
      "detail": "FCF margin: -17.7% -> +21.1%",
      "severity": "HIGH"
    },
    {
      "quarter": "2023-07 (Q3)",
      "signal": "YoY REVENUE GROWTH ACCELERATION",
      "detail": "YoY growth: -14.3% vs prior quarter YoY: -28.1% (accel: +13.8%)",
      "severity": "MEDIUM"
    },
    {
      "quarter": "2023-07 (Q3)",
      "signal": "OP MARGIN TURNED POSITIVE (QoQ)",
      "detail": "Op margin: -4.6% -> +7.6%",
      "severity": "HIGH"
    },
    {
      "quarter": "2023-04 (Q2)",
      "signal": "GROSS MARGIN INFLECTION",
      "detail": "GM: +31.1% -> +17.9% -> +24.2% (reversal +6.3%)",
      "severity": "HIGH"
    },
    {
      "quarter": "2023-04 (Q2)",
      "signal": "YoY REVENUE GROWTH DECELERATION",
      "detail": "YoY growth: -28.1% vs prior quarter YoY: -22.3% (decel: -5.8%)",
      "severity": "WARNING"
    },
    {
      "quarter": "2022-12 (Q4)",
      "signal": "FCF MARGIN EXPANSION",
      "detail": "FCF margin: +4.3% -> +15.2% (+10.9%)",
      "severity": "MEDIUM"
    },
    {
      "quarter": "2022-12 (Q4)",
      "signal": "YoY REVENUE GROWTH DECELERATION",
      "detail": "YoY growth: -22.3% vs prior quarter YoY: +16.9% (decel: -39.2%)",
      "severity": "WARNING"
    },
    {
      "quarter": "2022-10 (Q4)",
      "signal": "OP MARGIN TURNED POSITIVE (YoY)",
      "detail": "Op margin: -1.6% (year-ago) -> +13.2%",
      "severity": "HIGH"
    },
    {
      "quarter": "2022-07 (Q3)",
      "signal": "FCF TURNED POSITIVE",
      "detail": "FCF margin: -33.5% -> +15.6%",
      "severity": "HIGH"
    },
    {
      "quarter": "2022-07 (Q3)",
      "signal": "YoY REVENUE GROWTH DECELERATION",
      "detail": "YoY growth: +14.3% vs prior quarter YoY: +28.8% (decel: -14.5%)",
      "severity": "WARNING"
    },
    {
      "quarter": "2022-07 (Q3)",
      "signal": "OP MARGIN TURNED POSITIVE (YoY)",
      "detail": "Op margin: -23.4% (year-ago) -> +9.0%",
      "severity": "HIGH"
    },
    {
      "quarter": "2022-04 (Q2)",
      "signal": "OPERATING LEVERAGE",
      "detail": "Rev growth +38.0% vs OpEx growth +19.9% (leverage: 1.9x)",
      "severity": "MEDIUM"
    },
    {
      "quarter": "2022-04 (Q2)",
      "signal": "GROSS MARGIN INFLECTION",
      "detail": "GM: +31.5% -> +30.5% -> +36.9% (reversal +6.4%)",
      "severity": "HIGH"
    },
    {
      "quarter": "2022-04 (Q2)",
      "signal": "OP MARGIN TURNED POSITIVE (QoQ)",
      "detail": "Op margin: -7.8% -> +3.5%",
      "severity": "HIGH"
    },
    {
      "quarter": "2021-07 (Q3)",
      "signal": "FCF TURNED POSITIVE",
      "detail": "FCF margin: -30.7% -> +25.9%",
      "severity": "HIGH"
    },
    {
      "quarter": "2021-04 (Q2)",
      "signal": "OP MARGIN TURNED POSITIVE (QoQ)",
      "detail": "Op margin: -1.6% -> +13.2%",
      "severity": "HIGH"
    }
  ],
  "data_quality": {
    "n_quarters": 20,
    "coverage": {
      "revenue": [
        20,
        20
      ],
      "gross_profit": [
        20,
        20
      ],
      "op_income": [
        20,
        20
      ],
      "fcf": [
        20,
        20
      ]
    },
    "gaps": [],
    "warnings": []
  },
  "market_cap": null,
  "source": "SEC EDGAR",
  "last_updated": "2026-02-02T22:09:45.164253"
}