{
  "ticker": "SWKS",
  "name": "Skyworks Solutions, Inc.",
  "quarters": [
    {
      "date": "2021-01-01T00:00:00",
      "quarter_label": "2021-01 (Q1)",
      "revenue": 1510000000,
      "gross_profit": 761700000,
      "operating_income": 570700000,
      "net_income": 509300000,
      "opex": 191000000,
      "cogs": 748300000,
      "rd": 121600000,
      "sga": 66600000,
      "fcf": 366200000,
      "ocf": 485100000,
      "capex": -118900000,
      "gross_margin": 0.5044370860927152,
      "op_margin": 0.3779470198675497,
      "fcf_margin": 0.24251655629139074
    },
    {
      "date": "2021-04-02T00:00:00",
      "quarter_label": "2021-04 (Q2)",
      "revenue": 1171800000,
      "gross_profit": 578400000,
      "operating_income": 374700000,
      "net_income": 325000000,
      "opex": 203700000,
      "cogs": 593400000,
      "rd": 130700000,
      "sga": 70200000,
      "fcf": 474800000,
      "ocf": 615700000,
      "capex": -140900000,
      "gross_margin": 0.4935995903737839,
      "op_margin": 0.3197644649257552,
      "fcf_margin": 0.4051885987369858,
      "fcf_margin_change": 0.16267204244559508
    },
    {
      "date": "2021-07-02T00:00:00",
      "quarter_label": "2021-07 (Q3)",
      "revenue": 1116400000,
      "gross_profit": 558600000,
      "operating_income": 339800000,
      "net_income": 337800000,
      "opex": 218800000,
      "cogs": 557800000,
      "rd": 130800000,
      "sga": 85100000,
      "fcf": 157900000,
      "ocf": 272900000,
      "capex": -115000000,
      "gross_margin": 0.5003582945180939,
      "op_margin": 0.30437119312074523,
      "fcf_margin": 0.14143676101755642,
      "fcf_margin_change": -0.2637518377194294
    },
    {
      "date": "2021-10-01T00:00:00",
      "quarter_label": "2021-10 (Q4)",
      "revenue": 1310900000,
      "gross_profit": 613700000,
      "operating_income": 327500000,
      "net_income": 326300000,
      "opex": 286200000,
      "cogs": 697200000,
      "rd": 149200000,
      "sga": 100500000,
      "fcf": 135300000,
      "ocf": 398300000,
      "capex": -263000000,
      "gross_margin": 0.4681516515371119,
      "op_margin": 0.24982836219391258,
      "fcf_margin": 0.10321153406056907,
      "op_leverage_ratio": 0.5655710863766218,
      "fcf_margin_change": -0.03822522695698735
    },
    {
      "date": "2021-12-31T00:00:00",
      "quarter_label": "2021-12 (Q4)",
      "revenue": 1510400000,
      "gross_profit": 714700000,
      "operating_income": 445900000,
      "net_income": 399900000,
      "opex": 268800000,
      "cogs": 795700000,
      "rd": 151100000,
      "sga": 82000000,
      "fcf": 485900000,
      "ocf": 581700000,
      "capex": -95800000,
      "gross_margin": 0.4731859110169492,
      "op_margin": 0.2952198093220339,
      "fcf_margin": 0.3217028601694915,
      "rev_growth_yoy": 0.00026490066225165563,
      "op_leverage_ratio": Infinity,
      "fcf_margin_change": 0.21849132610892244
    },
    {
      "date": "2022-04-01T00:00:00",
      "quarter_label": "2022-04 (Q2)",
      "revenue": 1335600000,
      "gross_profit": 637600000,
      "operating_income": 367300000,
      "net_income": 305800000,
      "opex": 270300000,
      "cogs": 698000000,
      "rd": 160700000,
      "sga": 83000000,
      "fcf": 266100000,
      "ocf": 392800000,
      "capex": -126700000,
      "gross_margin": 0.4773884396525906,
      "op_margin": 0.2750074872716382,
      "fcf_margin": 0.19923629829290207,
      "incr_op_margin_yoy": -0.045177045177045176,
      "rev_growth_yoy": 0.13978494623655913,
      "rev_growth_yoy_accel": 0.13952004557430747,
      "fcf_margin_change": -0.12246656187658944
    },
    {
      "date": "2022-07-01T00:00:00",
      "quarter_label": "2022-07 (Q3)",
      "revenue": 1232600000,
      "gross_profit": 583300000,
      "operating_income": 325800000,
      "net_income": 267300000,
      "opex": 257500000,
      "cogs": 649300000,
      "rd": 156500000,
      "sga": 77000000,
      "fcf": 88600000,
      "ocf": 213800000,
      "capex": -125200000,
      "gross_margin": 0.4732273243550219,
      "op_margin": 0.26431932500405647,
      "fcf_margin": 0.07188057764075938,
      "incr_op_margin_yoy": -0.12048192771084337,
      "rev_growth_yoy": 0.10408455750627016,
      "rev_growth_yoy_accel": -0.03570038873028897,
      "fcf_margin_change": -0.12735572065214268
    },
    {
      "date": "2022-09-30T00:00:00",
      "quarter_label": "2022-09 (Q3)",
      "revenue": 1406900000,
      "gross_profit": 668600000,
      "operating_income": 388100000,
      "net_income": 302200000,
      "opex": 280500000,
      "cogs": 738300000,
      "rd": 149500000,
      "sga": 87700000,
      "fcf": 94600000,
      "ocf": 236300000,
      "capex": -141700000,
      "gross_margin": 0.47522922737934464,
      "op_margin": 0.27585471604236267,
      "fcf_margin": 0.06724003127443315,
      "incr_op_margin_yoy": 0.63125,
      "rev_growth_yoy": 0.07323213059729956,
      "rev_growth_yoy_accel": -0.030852426908970595,
      "op_leverage_ratio": 1.5831593168205773,
      "fcf_margin_change": -0.004640546366326229
    },
    {
      "date": "2022-12-30T00:00:00",
      "quarter_label": "2022-12 (Q4)",
      "revenue": 1329300000,
      "gross_profit": 637700000,
      "operating_income": 367000000,
      "net_income": 309400000,
      "opex": 270700000,
      "cogs": 691600000,
      "rd": 163900000,
      "sga": 84500000,
      "fcf": 709900000,
      "ocf": 773400000,
      "capex": -63500000,
      "gross_margin": 0.47972617166929965,
      "op_margin": 0.2760851576017453,
      "fcf_margin": 0.534040472429098,
      "incr_op_margin_yoy": 0.43567090005521814,
      "rev_growth_yoy": -0.1199020127118644,
      "rev_growth_yoy_accel": -0.19313414330916395,
      "fcf_margin_change": 0.4668004411546649
    },
    {
      "date": "2023-03-31T00:00:00",
      "quarter_label": "2023-03 (Q1)",
      "revenue": 1153100000,
      "gross_profit": 527400000,
      "operating_income": 273300000,
      "net_income": 232800000,
      "opex": 254100000,
      "cogs": 625700000,
      "rd": 148200000,
      "sga": 79000000,
      "fcf": 366300000,
      "ocf": 411700000,
      "capex": -45400000,
      "gross_margin": 0.457375769664383,
      "op_margin": 0.23701326858034863,
      "fcf_margin": 0.31766542364062095,
      "incr_op_margin_yoy": 0.5150684931506849,
      "rev_growth_yoy": -0.13664270739742437,
      "rev_growth_yoy_accel": -0.01674069468555997,
      "fcf_margin_change": -0.21637504878847708
    },
    {
      "date": "2023-06-30T00:00:00",
      "quarter_label": "2023-06 (Q2)",
      "revenue": 1071200000,
      "gross_profit": 464100000,
      "operating_income": 230700000,
      "net_income": 195800000,
      "opex": 233400000,
      "cogs": 607100000,
      "rd": 148000000,
      "sga": 77200000,
      "fcf": 274500000,
      "ocf": 305800000,
      "capex": -31300000,
      "gross_margin": 0.433252427184466,
      "op_margin": 0.21536594473487677,
      "fcf_margin": 0.25625466766243465,
      "incr_op_margin_yoy": 0.5892193308550185,
      "rev_growth_yoy": -0.13094272269998378,
      "rev_growth_yoy_accel": 0.0056999846974405965,
      "fcf_margin_change": -0.06141075597818629
    },
    {
      "date": "2023-09-29T00:00:00",
      "quarter_label": "2023-09 (Q3)",
      "revenue": 1218800000,
      "gross_profit": 478100000,
      "operating_income": 254000000,
      "net_income": 244800000,
      "opex": 224100000,
      "cogs": 740700000,
      "rd": 146800000,
      "sga": 73300000,
      "fcf": 295400000,
      "ocf": 365500000,
      "capex": -70100000,
      "gross_margin": 0.3922710863144076,
      "op_margin": 0.20840170659665244,
      "fcf_margin": 0.24236954381358713,
      "incr_op_margin_yoy": 0.7129186602870813,
      "rev_growth_yoy": -0.13369820172009383,
      "rev_growth_yoy_accel": -0.0027554790201100576,
      "op_leverage_ratio": Infinity,
      "fcf_margin_change": -0.01388512384884752
    },
    {
      "date": "2023-12-29T00:00:00",
      "quarter_label": "2023-12 (Q4)",
      "revenue": 1201500000,
      "gross_profit": 506600000,
      "operating_income": 258300000,
      "net_income": 231300000,
      "opex": 248300000,
      "cogs": 694900000,
      "rd": 153100000,
      "sga": 78800000,
      "fcf": 752700000,
      "ocf": 774900000,
      "capex": -22200000,
      "gross_margin": 0.4216396171452351,
      "op_margin": 0.2149812734082397,
      "fcf_margin": 0.6264669163545568,
      "incr_op_margin_yoy": 0.8505477308294209,
      "rev_growth_yoy": -0.0961408259986459,
      "rev_growth_yoy_accel": 0.03755737572144793,
      "fcf_margin_change": 0.38409737254096965
    },
    {
      "date": "2024-03-29T00:00:00",
      "quarter_label": "2024-03 (Q1)",
      "revenue": 1046000000,
      "gross_profit": 420300000,
      "operating_income": 189200000,
      "net_income": 183300000,
      "opex": 231100000,
      "cogs": 625700000,
      "rd": 154400000,
      "sga": 76800000,
      "fcf": 272700000,
      "ocf": 300300000,
      "capex": -27600000,
      "gross_margin": 0.40181644359464624,
      "op_margin": 0.1808795411089866,
      "fcf_margin": 0.2607074569789675,
      "incr_op_margin_yoy": 0.7852474323062558,
      "rev_growth_yoy": -0.09288006244037811,
      "rev_growth_yoy_accel": 0.003260763558267793,
      "fcf_margin_change": -0.36575945937558924
    },
    {
      "date": "2024-06-28T00:00:00",
      "quarter_label": "2024-06 (Q2)",
      "revenue": 905500000,
      "gross_profit": 364100000,
      "operating_income": 130400000,
      "net_income": 120900000,
      "opex": 233700000,
      "cogs": 541400000,
      "rd": 160700000,
      "sga": 71200000,
      "fcf": 249000000,
      "ocf": 273400000,
      "capex": -24400000,
      "gross_margin": 0.40209828823854227,
      "op_margin": 0.1440088348978465,
      "fcf_margin": 0.27498619547211484,
      "incr_op_margin_yoy": 0.6053108026554014,
      "rev_growth_yoy": -0.15468633308439134,
      "rev_growth_yoy_accel": -0.06180627064401323,
      "fcf_margin_change": 0.014278738493147314
    },
    {
      "date": "2024-09-27T00:00:00",
      "quarter_label": "2024-09 (Q3)",
      "revenue": 1025000000,
      "gross_profit": 429800000,
      "operating_income": 59400000,
      "net_income": 60500000,
      "opex": 370400000,
      "cogs": 595200000,
      "rd": 163600000,
      "sga": 74100000,
      "fcf": 393300000,
      "ocf": 476100000,
      "capex": -82800000,
      "gross_margin": 0.4193170731707317,
      "op_margin": 0.057951219512195125,
      "fcf_margin": 0.38370731707317074,
      "incr_op_margin_yoy": 1.0041279669762642,
      "rev_growth_yoy": -0.15900886117492616,
      "rev_growth_yoy_accel": -0.004322528090534822,
      "op_leverage_ratio": 0.22561587179380496,
      "fcf_margin_change": 0.1087211216010559
    },
    {
      "date": "2024-12-27T00:00:00",
      "quarter_label": "2024-12 (Q4)",
      "revenue": 1068500000,
      "gross_profit": 441900000,
      "operating_income": 181100000,
      "net_income": 162000000,
      "opex": 260800000,
      "cogs": 626600000,
      "rd": 176400000,
      "sga": 82600000,
      "fcf": 338200000,
      "ocf": 377200000,
      "capex": -39000000,
      "gross_margin": 0.41357042583060366,
      "op_margin": 0.16948993916705662,
      "fcf_margin": 0.3165184838558727,
      "incr_op_margin_yoy": 0.5804511278195489,
      "rev_growth_yoy": -0.1106949646275489,
      "rev_growth_yoy_accel": 0.048313896547377264,
      "op_leverage_ratio": Infinity,
      "fcf_margin_change": -0.06718883321729802
    },
    {
      "date": "2025-03-28T00:00:00",
      "quarter_label": "2025-03 (Q1)",
      "revenue": 953200000,
      "gross_profit": 391600000,
      "operating_income": 97300000,
      "net_income": 68700000,
      "opex": 294300000,
      "cogs": 561600000,
      "rd": 186500000,
      "sga": 88000000,
      "fcf": 370900000,
      "ocf": 409400000,
      "capex": -38500000,
      "gross_margin": 0.4108266890474192,
      "op_margin": 0.10207721359630717,
      "fcf_margin": 0.38911036508602603,
      "incr_op_margin_yoy": 0.990301724137931,
      "rev_growth_yoy": -0.08871892925430211,
      "rev_growth_yoy_accel": 0.021976035373246786,
      "fcf_margin_change": 0.07259188123015331
    },
    {
      "date": "2025-06-27T00:00:00",
      "quarter_label": "2025-06 (Q2)",
      "revenue": 965000000,
      "gross_profit": 401000000,
      "operating_income": 110600000,
      "net_income": 105000000,
      "opex": 290400000,
      "cogs": 564000000,
      "rd": 199400000,
      "sga": 89300000,
      "fcf": 252700000,
      "ocf": 314200000,
      "capex": -61500000,
      "gross_margin": 0.4155440414507772,
      "op_margin": 0.11461139896373057,
      "fcf_margin": 0.2618652849740933,
      "incr_op_margin_yoy": -0.33277310924369746,
      "rev_growth_yoy": 0.06570955273329653,
      "rev_growth_yoy_accel": 0.15442848198759862,
      "op_leverage_ratio": Infinity,
      "fcf_margin_change": -0.12724508011193275
    },
    {
      "date": "2025-10-03T00:00:00",
      "quarter_label": "2025-10 (Q4)",
      "revenue": 1100200000,
      "gross_profit": 447500000,
      "operating_income": 111000000,
      "net_income": 141400000,
      "opex": 336500000,
      "cogs": 652700000,
      "rd": 223100000,
      "sga": 111600000,
      "fcf": 144000000,
      "ocf": 200000000,
      "capex": -56000000,
      "gross_margin": 0.40674422832212326,
      "op_margin": 0.1008907471368842,
      "fcf_margin": 0.13088529358298492,
      "incr_op_margin_yoy": 0.6861702127659575,
      "rev_growth_yoy": 0.07336585365853658,
      "rev_growth_yoy_accel": 0.007656300925240056,
      "op_leverage_ratio": 0.8825616760140716,
      "fcf_margin_change": -0.13097999139110836
    }
  ],
  "signals": [
    {
      "quarter": "2025-10 (Q4)",
      "signal": "INCREMENTAL MARGIN (YoY)",
      "detail": "YoY Incr OPM: +68.6% vs year-ago OPM: +5.8%",
      "severity": "HIGH"
    },
    {
      "quarter": "2025-06 (Q2)",
      "signal": "YoY REVENUE GROWTH ACCELERATION",
      "detail": "YoY growth: +6.6% vs prior quarter YoY: -8.9% (accel: +15.4%)",
      "severity": "HIGH"
    },
    {
      "quarter": "2025-03 (Q1)",
      "signal": "FCF MARGIN EXPANSION",
      "detail": "FCF margin: +31.7% -> +38.9% (+7.3%)",
      "severity": "MEDIUM"
    },
    {
      "quarter": "2025-03 (Q1)",
      "signal": "INCREMENTAL MARGIN (YoY)",
      "detail": "YoY Incr OPM: +99.0% vs year-ago OPM: +18.1%",
      "severity": "HIGH"
    },
    {
      "quarter": "2024-12 (Q4)",
      "signal": "INCREMENTAL MARGIN (YoY)",
      "detail": "YoY Incr OPM: +58.0% vs year-ago OPM: +21.5%",
      "severity": "HIGH"
    },
    {
      "quarter": "2024-09 (Q3)",
      "signal": "FCF MARGIN EXPANSION",
      "detail": "FCF margin: +27.5% -> +38.4% (+10.9%)",
      "severity": "MEDIUM"
    },
    {
      "quarter": "2024-09 (Q3)",
      "signal": "INCREMENTAL MARGIN (YoY)",
      "detail": "YoY Incr OPM: +100.4% vs year-ago OPM: +20.8%",
      "severity": "HIGH"
    },
    {
      "quarter": "2024-06 (Q2)",
      "signal": "YoY REVENUE GROWTH DECELERATION",
      "detail": "YoY growth: -15.5% vs prior quarter YoY: -9.3% (decel: -6.2%)",
      "severity": "WARNING"
    },
    {
      "quarter": "2024-06 (Q2)",
      "signal": "INCREMENTAL MARGIN (YoY)",
      "detail": "YoY Incr OPM: +60.5% vs year-ago OPM: +21.5%",
      "severity": "HIGH"
    },
    {
      "quarter": "2024-03 (Q1)",
      "signal": "INCREMENTAL MARGIN (YoY)",
      "detail": "YoY Incr OPM: +78.5% vs year-ago OPM: +23.7%",
      "severity": "HIGH"
    },
    {
      "quarter": "2023-12 (Q4)",
      "signal": "FCF MARGIN EXPANSION",
      "detail": "FCF margin: +24.2% -> +62.6% (+38.4%)",
      "severity": "MEDIUM"
    },
    {
      "quarter": "2023-12 (Q4)",
      "signal": "GROSS MARGIN INFLECTION",
      "detail": "GM: +43.3% -> +39.2% -> +42.2% (reversal +2.9%)",
      "severity": "MEDIUM"
    },
    {
      "quarter": "2023-12 (Q4)",
      "signal": "INCREMENTAL MARGIN (YoY)",
      "detail": "YoY Incr OPM: +85.1% vs year-ago OPM: +27.6%",
      "severity": "HIGH"
    },
    {
      "quarter": "2023-09 (Q3)",
      "signal": "INCREMENTAL MARGIN (YoY)",
      "detail": "YoY Incr OPM: +71.3% vs year-ago OPM: +27.6%",
      "severity": "HIGH"
    },
    {
      "quarter": "2023-06 (Q2)",
      "signal": "INCREMENTAL MARGIN (YoY)",
      "detail": "YoY Incr OPM: +58.9% vs year-ago OPM: +26.4%",
      "severity": "HIGH"
    },
    {
      "quarter": "2023-03 (Q1)",
      "signal": "INCREMENTAL MARGIN (YoY)",
      "detail": "YoY Incr OPM: +51.5% vs year-ago OPM: +27.5%",
      "severity": "HIGH"
    },
    {
      "quarter": "2022-12 (Q4)",
      "signal": "FCF MARGIN EXPANSION",
      "detail": "FCF margin: +6.7% -> +53.4% (+46.7%)",
      "severity": "MEDIUM"
    },
    {
      "quarter": "2022-12 (Q4)",
      "signal": "YoY REVENUE GROWTH DECELERATION",
      "detail": "YoY growth: -12.0% vs prior quarter YoY: +7.3% (decel: -19.3%)",
      "severity": "WARNING"
    },
    {
      "quarter": "2022-12 (Q4)",
      "signal": "INCREMENTAL MARGIN (YoY)",
      "detail": "YoY Incr OPM: +43.6% vs year-ago OPM: +29.5%",
      "severity": "MEDIUM"
    },
    {
      "quarter": "2022-09 (Q3)",
      "signal": "OPERATING LEVERAGE",
      "detail": "Rev growth +14.1% vs OpEx growth +8.9% (leverage: 1.6x)",
      "severity": "MEDIUM"
    },
    {
      "quarter": "2022-09 (Q3)",
      "signal": "INCREMENTAL MARGIN (YoY)",
      "detail": "YoY Incr OPM: +63.1% vs year-ago OPM: +25.0%",
      "severity": "HIGH"
    },
    {
      "quarter": "2022-04 (Q2)",
      "signal": "YoY REVENUE GROWTH ACCELERATION",
      "detail": "YoY growth: +14.0% vs prior quarter YoY: +0.0% (accel: +14.0%)",
      "severity": "MEDIUM"
    },
    {
      "quarter": "2021-12 (Q4)",
      "signal": "FCF MARGIN EXPANSION",
      "detail": "FCF margin: +10.3% -> +32.2% (+21.8%)",
      "severity": "MEDIUM"
    },
    {
      "quarter": "2021-04 (Q2)",
      "signal": "FCF MARGIN EXPANSION",
      "detail": "FCF margin: +24.3% -> +40.5% (+16.3%)",
      "severity": "MEDIUM"
    }
  ],
  "data_quality": {
    "n_quarters": 20,
    "coverage": {
      "revenue": [
        20,
        20
      ],
      "gross_profit": [
        20,
        20
      ],
      "op_income": [
        20,
        20
      ],
      "fcf": [
        20,
        20
      ]
    },
    "gaps": [],
    "warnings": []
  },
  "market_cap": null,
  "source": "SEC EDGAR",
  "last_updated": "2026-02-03T16:23:17.633128"
}