{
  "ticker": "SYK",
  "name": "STRYKER CORP",
  "quarters": [
    {
      "date": "2020-12-31T00:00:00",
      "quarter_label": "2020-12 (Q4)",
      "revenue": 4262000000,
      "gross_profit": 2717000000,
      "operating_income": 749000000,
      "net_income": 568000000,
      "opex": 1968000000,
      "cogs": 1545000000,
      "rd": 255000000,
      "sga": 1562000000,
      "fcf": 1072000000,
      "ocf": 1237000000,
      "capex": -165000000,
      "gross_margin": 0.6374941342092915,
      "op_margin": 0.17573908962928203,
      "fcf_margin": 0.25152510558423274
    },
    {
      "date": "2021-03-31T00:00:00",
      "quarter_label": "2021-03 (Q1)",
      "revenue": 3953000000,
      "gross_profit": 2509000000,
      "operating_income": 459000000,
      "net_income": 302000000,
      "opex": 2050000000,
      "cogs": 1444000000,
      "rd": 288000000,
      "sga": 1575000000,
      "fcf": 369000000,
      "ocf": 452000000,
      "capex": -83000000,
      "gross_margin": 0.6347078168479636,
      "op_margin": 0.11611434353655452,
      "fcf_margin": 0.09334682519605363,
      "fcf_margin_change": -0.1581782803881791
    },
    {
      "date": "2021-06-30T00:00:00",
      "quarter_label": "2021-06 (Q2)",
      "revenue": 4294000000,
      "gross_profit": 2772000000,
      "operating_income": 732000000,
      "net_income": 592000000,
      "opex": 2040000000,
      "cogs": 1522000000,
      "rd": 310000000,
      "sga": 1505000000,
      "fcf": 772000000,
      "ocf": 878000000,
      "capex": -106000000,
      "gross_margin": 0.6455519329296693,
      "op_margin": 0.17047042384722869,
      "fcf_margin": 0.17978574755472754,
      "op_leverage_ratio": Infinity,
      "fcf_margin_change": 0.08643892235867391
    },
    {
      "date": "2021-09-30T00:00:00",
      "quarter_label": "2021-09 (Q3)",
      "revenue": 4160000000,
      "gross_profit": 2642000000,
      "operating_income": 574000000,
      "net_income": 438000000,
      "opex": 2068000000,
      "cogs": 1518000000,
      "rd": 306000000,
      "sga": 1602000000,
      "fcf": 803000000,
      "ocf": 933000000,
      "capex": -130000000,
      "gross_margin": 0.6350961538461538,
      "op_margin": 0.13798076923076924,
      "fcf_margin": 0.19302884615384616,
      "fcf_margin_change": 0.013243098599118625
    },
    {
      "date": "2021-12-31T00:00:00",
      "quarter_label": "2021-12 (Q4)",
      "revenue": 4701000000,
      "gross_profit": 3045000000,
      "operating_income": 819000000,
      "net_income": 662000000,
      "opex": 2226000000,
      "cogs": 1656000000,
      "rd": 331000000,
      "sga": 1745000000,
      "fcf": 794000000,
      "ocf": 1000000000,
      "capex": -206000000,
      "gross_margin": 0.6477345245692406,
      "op_margin": 0.1742182514358647,
      "fcf_margin": 0.1689002339927675,
      "incr_op_margin_yoy": 0.15945330296127563,
      "rev_growth_yoy": 0.1030032848427968,
      "op_leverage_ratio": 1.7021482473222982,
      "fcf_margin_change": -0.024128612161078672
    },
    {
      "date": "2022-03-31T00:00:00",
      "quarter_label": "2022-03 (Q1)",
      "revenue": 4275000000,
      "gross_profit": 2734000000,
      "operating_income": 447000000,
      "net_income": 323000000,
      "opex": 2287000000,
      "cogs": 1541000000,
      "rd": 413000000,
      "sga": 1710000000,
      "fcf": 84000000,
      "ocf": 203000000,
      "capex": -119000000,
      "gross_margin": 0.6395321637426901,
      "op_margin": 0.10456140350877192,
      "fcf_margin": 0.019649122807017545,
      "incr_op_margin_yoy": -0.037267080745341616,
      "rev_growth_yoy": 0.08145712117379206,
      "rev_growth_yoy_accel": -0.021546163669004748,
      "fcf_margin_change": -0.14925111118574994
    },
    {
      "date": "2022-06-30T00:00:00",
      "quarter_label": "2022-06 (Q2)",
      "revenue": 4493000000,
      "gross_profit": 2826000000,
      "operating_income": 772000000,
      "net_income": 656000000,
      "opex": 2054000000,
      "cogs": 1667000000,
      "rd": 351000000,
      "sga": 1539000000,
      "fcf": 386000000,
      "ocf": 529000000,
      "capex": -143000000,
      "gross_margin": 0.6289784108613399,
      "op_margin": 0.17182283552192298,
      "fcf_margin": 0.08591141776096149,
      "incr_op_margin_yoy": 0.20100502512562815,
      "rev_growth_yoy": 0.04634373544480671,
      "rev_growth_yoy_accel": -0.03511338572898535,
      "op_leverage_ratio": Infinity,
      "fcf_margin_change": 0.06626229495394395
    },
    {
      "date": "2022-09-30T00:00:00",
      "quarter_label": "2022-09 (Q3)",
      "revenue": 4479000000,
      "gross_profit": 2782000000,
      "operating_income": 808000000,
      "net_income": 816000000,
      "opex": 1974000000,
      "cogs": 1697000000,
      "rd": 364000000,
      "sga": 1455000000,
      "fcf": 751000000,
      "ocf": 889000000,
      "capex": -138000000,
      "gross_margin": 0.6211207858897075,
      "op_margin": 0.18039741013619112,
      "fcf_margin": 0.16767135521321724,
      "incr_op_margin_yoy": 0.7335423197492164,
      "rev_growth_yoy": 0.07668269230769231,
      "rev_growth_yoy_accel": 0.030338956862885604,
      "fcf_margin_change": 0.08175993745225575
    },
    {
      "date": "2022-12-31T00:00:00",
      "quarter_label": "2022-12 (Q4)",
      "revenue": 5202000000,
      "gross_profit": 3236000000,
      "operating_income": 814000000,
      "net_income": 563000000,
      "opex": 2422000000,
      "cogs": 1966000000,
      "rd": 326000000,
      "sga": 1751000000,
      "fcf": 815000000,
      "ocf": 1003000000,
      "capex": -188000000,
      "gross_margin": 0.6220684352172241,
      "op_margin": 0.15647827758554403,
      "fcf_margin": 0.1566705113417916,
      "incr_op_margin_yoy": -0.00998003992015968,
      "rev_growth_yoy": 0.10657306955966815,
      "rev_growth_yoy_accel": 0.02989037725197584,
      "op_leverage_ratio": 0.7112566979236437,
      "fcf_margin_change": -0.011000843871425636
    },
    {
      "date": "2023-03-31T00:00:00",
      "quarter_label": "2023-03 (Q1)",
      "revenue": 4778000000,
      "gross_profit": 3016000000,
      "operating_income": 735000000,
      "net_income": 592000000,
      "opex": 2281000000,
      "cogs": 1762000000,
      "rd": 339000000,
      "sga": 1781000000,
      "fcf": 315000000,
      "ocf": 445000000,
      "capex": -130000000,
      "gross_margin": 0.6312264545835078,
      "op_margin": 0.15383005441607367,
      "fcf_margin": 0.06592716617831729,
      "incr_op_margin_yoy": 0.5725646123260437,
      "rev_growth_yoy": 0.1176608187134503,
      "rev_growth_yoy_accel": 0.011087749153782148,
      "fcf_margin_change": -0.09074334516347432
    },
    {
      "date": "2023-06-30T00:00:00",
      "quarter_label": "2023-06 (Q2)",
      "revenue": 4996000000,
      "gross_profit": 3181000000,
      "operating_income": 965000000,
      "net_income": 738000000,
      "opex": 2216000000,
      "cogs": 1815000000,
      "rd": 346000000,
      "sga": 1706000000,
      "fcf": 536000000,
      "ocf": 688000000,
      "capex": -152000000,
      "gross_margin": 0.6367093674939952,
      "op_margin": 0.19315452361889512,
      "fcf_margin": 0.10728582866293035,
      "incr_op_margin_yoy": 0.3836978131212724,
      "rev_growth_yoy": 0.11195192521700423,
      "rev_growth_yoy_accel": -0.005708893496446071,
      "op_leverage_ratio": Infinity,
      "fcf_margin_change": 0.04135866248461306
    },
    {
      "date": "2023-09-30T00:00:00",
      "quarter_label": "2023-09 (Q3)",
      "revenue": 4909000000,
      "gross_profit": 3158000000,
      "operating_income": 931000000,
      "net_income": 692000000,
      "opex": 2227000000,
      "cogs": 1751000000,
      "rd": 353000000,
      "sga": 1701000000,
      "fcf": 902000000,
      "ocf": 1050000000,
      "capex": -148000000,
      "gross_margin": 0.6433082094112854,
      "op_margin": 0.1896516602159299,
      "fcf_margin": 0.18374414341006315,
      "incr_op_margin_yoy": 0.28604651162790695,
      "rev_growth_yoy": 0.09600357222594329,
      "rev_growth_yoy_accel": -0.01594835299106094,
      "fcf_margin_change": 0.0764583147471328
    },
    {
      "date": "2023-12-31T00:00:00",
      "quarter_label": "2023-12 (Q4)",
      "revenue": 5815000000,
      "gross_profit": 3703000000,
      "operating_income": 1257000000,
      "net_income": 1143000000,
      "opex": 2446000000,
      "cogs": 2112000000,
      "rd": 350000000,
      "sga": 1941000000,
      "fcf": 1383000000,
      "ocf": 1528000000,
      "capex": -145000000,
      "gross_margin": 0.6368013757523646,
      "op_margin": 0.21616509028374892,
      "fcf_margin": 0.23783319002579537,
      "incr_op_margin_yoy": 0.7226753670473083,
      "rev_growth_yoy": 0.117839292579777,
      "rev_growth_yoy_accel": 0.021835720353833715,
      "op_leverage_ratio": 1.876770929547909,
      "fcf_margin_change": 0.05408904661573222
    },
    {
      "date": "2024-03-31T00:00:00",
      "quarter_label": "2024-03 (Q1)",
      "revenue": 5243000000,
      "gross_profit": 3333000000,
      "operating_income": 972000000,
      "net_income": 788000000,
      "opex": 2361000000,
      "cogs": 1910000000,
      "rd": 368000000,
      "sga": 1840000000,
      "fcf": 37000000,
      "ocf": 204000000,
      "capex": -167000000,
      "gross_margin": 0.6357047491893953,
      "op_margin": 0.1853900438680145,
      "fcf_margin": 0.007057028418844173,
      "incr_op_margin_yoy": 0.5096774193548387,
      "rev_growth_yoy": 0.09732105483465886,
      "rev_growth_yoy_accel": -0.020518237745118142,
      "fcf_margin_change": -0.2307761616069512
    },
    {
      "date": "2024-06-30T00:00:00",
      "quarter_label": "2024-06 (Q2)",
      "revenue": 5422000000,
      "gross_profit": 3416000000,
      "operating_income": 1051000000,
      "net_income": 825000000,
      "opex": 2365000000,
      "cogs": 2006000000,
      "rd": 363000000,
      "sga": 1847000000,
      "fcf": 481000000,
      "ocf": 633000000,
      "capex": -152000000,
      "gross_margin": 0.6300258207303578,
      "op_margin": 0.19383991147178162,
      "fcf_margin": 0.08871265215787533,
      "incr_op_margin_yoy": 0.20187793427230047,
      "rev_growth_yoy": 0.08526821457165733,
      "rev_growth_yoy_accel": -0.012052840263001532,
      "op_leverage_ratio": 20.151583063131795,
      "fcf_margin_change": 0.08165562373903115
    },
    {
      "date": "2024-09-30T00:00:00",
      "quarter_label": "2024-09 (Q3)",
      "revenue": 5494000000,
      "gross_profit": 3517000000,
      "operating_income": 1085000000,
      "net_income": 834000000,
      "opex": 2432000000,
      "cogs": 1977000000,
      "rd": 377000000,
      "sga": 1896000000,
      "fcf": 1304000000,
      "ocf": 1474000000,
      "capex": -170000000,
      "gross_margin": 0.6401528940662541,
      "op_margin": 0.19748816891153986,
      "fcf_margin": 0.23734983618492903,
      "incr_op_margin_yoy": 0.26324786324786326,
      "rev_growth_yoy": 0.11916887349765737,
      "rev_growth_yoy_accel": 0.03390065892600004,
      "op_leverage_ratio": 0.4687370965166789,
      "fcf_margin_change": 0.1486371840270537
    },
    {
      "date": "2024-12-31T00:00:00",
      "quarter_label": "2024-12 (Q4)",
      "revenue": 6436000000,
      "gross_profit": 4174000000,
      "operating_income": 581000000,
      "net_income": 546000000,
      "opex": 3593000000,
      "cogs": 2262000000,
      "rd": 358000000,
      "sga": 2102000000,
      "fcf": 1665000000,
      "ocf": 1931000000,
      "capex": -266000000,
      "gross_margin": 0.6485394655065257,
      "op_margin": 0.09027346177750155,
      "fcf_margin": 0.2587010565568676,
      "incr_op_margin_yoy": -1.0885668276972624,
      "rev_growth_yoy": 0.10679277730008599,
      "rev_growth_yoy_accel": -0.012376096197571379,
      "op_leverage_ratio": 0.35916466071984565,
      "fcf_margin_change": 0.021351220371938567
    },
    {
      "date": "2025-03-31T00:00:00",
      "quarter_label": "2025-03 (Q1)",
      "revenue": 5866000000,
      "gross_profit": 3744000000,
      "operating_income": 837000000,
      "net_income": 654000000,
      "opex": 2907000000,
      "cogs": 2122000000,
      "rd": 405000000,
      "sga": 2300000000,
      "fcf": 127000000,
      "ocf": 250000000,
      "capex": -123000000,
      "gross_margin": 0.638254347084896,
      "op_margin": 0.14268666893965223,
      "fcf_margin": 0.02165018752130924,
      "incr_op_margin_yoy": -0.21669341894060995,
      "rev_growth_yoy": 0.11882510013351134,
      "rev_growth_yoy_accel": 0.012032322833425355,
      "fcf_margin_change": -0.23705086903555836
    },
    {
      "date": "2025-06-30T00:00:00",
      "quarter_label": "2025-06 (Q2)",
      "revenue": 6022000000,
      "gross_profit": 3841000000,
      "operating_income": 1113000000,
      "net_income": 884000000,
      "opex": 2728000000,
      "cogs": 2181000000,
      "rd": 407000000,
      "sga": 2079000000,
      "fcf": 928000000,
      "ocf": 1111000000,
      "capex": -183000000,
      "gross_margin": 0.6378279641315178,
      "op_margin": 0.184822318166722,
      "fcf_margin": 0.1541016273663235,
      "incr_op_margin_yoy": 0.10333333333333333,
      "rev_growth_yoy": 0.11066027296200664,
      "rev_growth_yoy_accel": -0.008164827171504699,
      "op_leverage_ratio": Infinity,
      "fcf_margin_change": 0.13245143984501426
    },
    {
      "date": "2025-09-30T00:00:00",
      "quarter_label": "2025-09 (Q3)",
      "revenue": 6057000000,
      "gross_profit": 3852000000,
      "operating_income": 1135000000,
      "net_income": 859000000,
      "opex": 2717000000,
      "cogs": 2205000000,
      "rd": 410000000,
      "sga": 2045000000,
      "fcf": 1353000000,
      "ocf": 1540000000,
      "capex": -187000000,
      "gross_margin": 0.6359583952451708,
      "op_margin": 0.18738649496450388,
      "fcf_margin": 0.22337790985636455,
      "incr_op_margin_yoy": 0.08880994671403197,
      "rev_growth_yoy": 0.10247542773935202,
      "rev_growth_yoy_accel": -0.008184845222654627,
      "fcf_margin_change": 0.06927628249004106
    }
  ],
  "signals": [
    {
      "quarter": "2025-09 (Q3)",
      "signal": "FCF MARGIN EXPANSION",
      "detail": "FCF margin: +15.4% -> +22.3% (+6.9%)",
      "severity": "MEDIUM"
    },
    {
      "quarter": "2025-06 (Q2)",
      "signal": "FCF MARGIN EXPANSION",
      "detail": "FCF margin: +2.2% -> +15.4% (+13.2%)",
      "severity": "MEDIUM"
    },
    {
      "quarter": "2024-09 (Q3)",
      "signal": "FCF MARGIN EXPANSION",
      "detail": "FCF margin: +8.9% -> +23.7% (+14.9%)",
      "severity": "MEDIUM"
    },
    {
      "quarter": "2024-06 (Q2)",
      "signal": "FCF MARGIN EXPANSION",
      "detail": "FCF margin: +0.7% -> +8.9% (+8.2%)",
      "severity": "MEDIUM"
    },
    {
      "quarter": "2024-06 (Q2)",
      "signal": "OPERATING LEVERAGE",
      "detail": "Rev growth +3.4% vs OpEx growth +0.2% (leverage: 20.2x)",
      "severity": "MEDIUM"
    },
    {
      "quarter": "2024-03 (Q1)",
      "signal": "INCREMENTAL MARGIN (YoY)",
      "detail": "YoY Incr OPM: +51.0% vs year-ago OPM: +15.4%",
      "severity": "HIGH"
    },
    {
      "quarter": "2023-12 (Q4)",
      "signal": "FCF MARGIN EXPANSION",
      "detail": "FCF margin: +18.4% -> +23.8% (+5.4%)",
      "severity": "MEDIUM"
    },
    {
      "quarter": "2023-12 (Q4)",
      "signal": "OPERATING LEVERAGE",
      "detail": "Rev growth +18.5% vs OpEx growth +9.8% (leverage: 1.9x)",
      "severity": "MEDIUM"
    },
    {
      "quarter": "2023-12 (Q4)",
      "signal": "INCREMENTAL MARGIN (YoY)",
      "detail": "YoY Incr OPM: +72.3% vs year-ago OPM: +15.6%",
      "severity": "HIGH"
    },
    {
      "quarter": "2023-09 (Q3)",
      "signal": "FCF MARGIN EXPANSION",
      "detail": "FCF margin: +10.7% -> +18.4% (+7.6%)",
      "severity": "MEDIUM"
    },
    {
      "quarter": "2023-09 (Q3)",
      "signal": "INCREMENTAL MARGIN (YoY)",
      "detail": "YoY Incr OPM: +28.6% vs year-ago OPM: +18.0%",
      "severity": "MEDIUM"
    },
    {
      "quarter": "2023-06 (Q2)",
      "signal": "INCREMENTAL MARGIN (YoY)",
      "detail": "YoY Incr OPM: +38.4% vs year-ago OPM: +17.2%",
      "severity": "HIGH"
    },
    {
      "quarter": "2023-03 (Q1)",
      "signal": "INCREMENTAL MARGIN (YoY)",
      "detail": "YoY Incr OPM: +57.3% vs year-ago OPM: +10.5%",
      "severity": "HIGH"
    },
    {
      "quarter": "2022-09 (Q3)",
      "signal": "FCF MARGIN EXPANSION",
      "detail": "FCF margin: +8.6% -> +16.8% (+8.2%)",
      "severity": "MEDIUM"
    },
    {
      "quarter": "2022-09 (Q3)",
      "signal": "INCREMENTAL MARGIN (YoY)",
      "detail": "YoY Incr OPM: +73.4% vs year-ago OPM: +13.8%",
      "severity": "HIGH"
    },
    {
      "quarter": "2022-06 (Q2)",
      "signal": "FCF MARGIN EXPANSION",
      "detail": "FCF margin: +2.0% -> +8.6% (+6.6%)",
      "severity": "MEDIUM"
    },
    {
      "quarter": "2021-12 (Q4)",
      "signal": "OPERATING LEVERAGE",
      "detail": "Rev growth +13.0% vs OpEx growth +7.6% (leverage: 1.7x)",
      "severity": "MEDIUM"
    },
    {
      "quarter": "2021-06 (Q2)",
      "signal": "FCF MARGIN EXPANSION",
      "detail": "FCF margin: +9.3% -> +18.0% (+8.6%)",
      "severity": "MEDIUM"
    }
  ],
  "data_quality": {
    "n_quarters": 20,
    "coverage": {
      "revenue": [
        20,
        20
      ],
      "gross_profit": [
        20,
        20
      ],
      "op_income": [
        20,
        20
      ],
      "fcf": [
        20,
        20
      ]
    },
    "gaps": [],
    "warnings": []
  },
  "market_cap": null,
  "source": "SEC EDGAR",
  "last_updated": "2026-02-02T19:47:55.634196"
}