{
  "ticker": "SYM",
  "name": "SYMBOTIC INC.",
  "quarters": [
    {
      "date": "2021-06-26T00:00:00",
      "quarter_label": "2021-06 (Q2)",
      "revenue": 131487000,
      "gross_profit": -336000,
      "operating_income": null,
      "net_income": null,
      "opex": 37442000,
      "cogs": 131823000,
      "rd": 20934000,
      "sga": 16508000,
      "fcf": null,
      "ocf": null,
      "capex": null,
      "gross_margin": -0.0025553857035296263,
      "op_margin": null,
      "fcf_margin": null
    },
    {
      "date": "2021-09-25T00:00:00",
      "quarter_label": "2021-09 (Q3)",
      "revenue": 91708000,
      "gross_profit": 7852000,
      "operating_income": -31492000,
      "net_income": -31484000,
      "opex": 39344000,
      "cogs": 83856000,
      "rd": 20909000,
      "sga": 18435000,
      "fcf": 6708000,
      "ocf": 13543000,
      "capex": -6835000,
      "gross_margin": 0.08561957517337637,
      "op_margin": -0.34339425131940504,
      "fcf_margin": 0.07314519998255332
    },
    {
      "date": "2021-12-25T00:00:00",
      "quarter_label": "2021-12 (Q4)",
      "revenue": 77064000,
      "gross_profit": 14468000,
      "operating_income": -23075000,
      "net_income": -23053000,
      "opex": 37543000,
      "cogs": 62596000,
      "rd": 22184000,
      "sga": 15359000,
      "fcf": 32495000,
      "ocf": 40000000,
      "capex": -7505000,
      "gross_margin": 0.18774006020969583,
      "op_margin": -0.2994264507422402,
      "fcf_margin": 0.4216625142738503,
      "fcf_margin_change": 0.348517314291297
    },
    {
      "date": "2022-03-26T00:00:00",
      "quarter_label": "2022-03 (Q1)",
      "revenue": 96284000,
      "gross_profit": 16906000,
      "operating_income": -29961000,
      "net_income": -29903000,
      "opex": 46867000,
      "cogs": 79378000,
      "rd": 23355000,
      "sga": 23512000,
      "fcf": -103957000,
      "ocf": -102902000,
      "capex": -1055000,
      "gross_margin": 0.17558472851148685,
      "op_margin": -0.3111731959619459,
      "fcf_margin": -1.0796913298159612,
      "op_leverage_ratio": 1.0042192557374745,
      "fcf_margin_change": -1.5013538440898115
    },
    {
      "date": "2022-06-25T00:00:00",
      "quarter_label": "2022-06 (Q2)",
      "revenue": 175552000,
      "gross_profit": 31544000,
      "operating_income": -33031000,
      "net_income": -1314000,
      "opex": 64575000,
      "cogs": 144008000,
      "rd": 35140000,
      "sga": 29435000,
      "fcf": -36036000,
      "ocf": -33827000,
      "capex": -2209000,
      "gross_margin": 0.17968465184104995,
      "op_margin": -0.18815507655851257,
      "fcf_margin": -0.20527251184834122,
      "rev_growth_yoy": 0.33512818757747914,
      "op_leverage_ratio": 2.178920666205109,
      "fcf_margin_change": 0.87441881796762
    },
    {
      "date": "2022-09-24T00:00:00",
      "quarter_label": "2022-09 (Q3)",
      "revenue": 244412000,
      "gross_profit": 36729000,
      "operating_income": -54308000,
      "net_income": -70820000,
      "opex": 91037000,
      "cogs": 207683000,
      "rd": 43462000,
      "sga": 47575000,
      "fcf": -58699000,
      "ocf": -51518000,
      "capex": -7181000,
      "gross_margin": 0.15027494558368656,
      "op_margin": -0.22219858272097934,
      "fcf_margin": -0.2401641490597843,
      "incr_op_margin_yoy": -0.1494132439228835,
      "rev_growth_yoy": 1.6651110044925197,
      "rev_growth_yoy_accel": 1.3299828169150405,
      "op_leverage_ratio": 0.9572006536767393,
      "fcf_margin_change": -0.03489163721144309
    },
    {
      "date": "2022-12-24T00:00:00",
      "quarter_label": "2022-12 (Q4)",
      "revenue": 206312000,
      "gross_profit": 35194000,
      "operating_income": -69569000,
      "net_income": -7193000,
      "opex": 104763000,
      "cogs": 171118000,
      "rd": 50740000,
      "sga": 54023000,
      "fcf": 94062000,
      "ocf": 101052000,
      "capex": -6990000,
      "gross_margin": 0.1705862964829966,
      "op_margin": -0.3372028771957036,
      "fcf_margin": 0.4559211291635969,
      "incr_op_margin_yoy": -0.3597270363951473,
      "rev_growth_yoy": 1.6771514585279768,
      "rev_growth_yoy_accel": 0.01204045403545706,
      "fcf_margin_change": 0.6960852782233812
    },
    {
      "date": "2023-03-25T00:00:00",
      "quarter_label": "2023-03 (Q1)",
      "revenue": 266854000,
      "gross_profit": 42847000,
      "operating_income": -57717000,
      "net_income": -6118000,
      "opex": 100564000,
      "cogs": 224007000,
      "rd": 49666000,
      "sga": 50898000,
      "fcf": 25295000,
      "ocf": 31312000,
      "capex": -6017000,
      "gross_margin": 0.16056345417344314,
      "op_margin": -0.2162868085170168,
      "fcf_margin": 0.09478966026366478,
      "incr_op_margin_yoy": -0.16272498094623908,
      "rev_growth_yoy": 1.77153005691496,
      "rev_growth_yoy_accel": 0.09437859838698315,
      "op_leverage_ratio": Infinity,
      "fcf_margin_change": -0.3611314688999321
    },
    {
      "date": "2023-06-24T00:00:00",
      "quarter_label": "2023-06 (Q2)",
      "revenue": 311837000,
      "gross_profit": 52909000,
      "operating_income": -42009000,
      "net_income": -4347000,
      "opex": 94918000,
      "cogs": 258928000,
      "rd": 48845000,
      "sga": 46073000,
      "fcf": 46546000,
      "ocf": 53902000,
      "capex": -7356000,
      "gross_margin": 0.16966876926086386,
      "op_margin": -0.1347146105176743,
      "fcf_margin": 0.14926387824408266,
      "incr_op_margin_yoy": -0.06587665553802693,
      "rev_growth_yoy": 0.7763226850164054,
      "rev_growth_yoy_accel": -0.9952073718985545,
      "op_leverage_ratio": Infinity,
      "fcf_margin_change": 0.05447421798041788
    },
    {
      "date": "2023-09-30T00:00:00",
      "quarter_label": "2023-09 (Q3)",
      "revenue": 391888000,
      "gross_profit": 58789000,
      "operating_income": -53935000,
      "net_income": -6208000,
      "opex": 112724000,
      "cogs": 333099000,
      "rd": 45791000,
      "sga": 66933000,
      "fcf": 49203000,
      "ocf": 44528000,
      "capex": 4675000,
      "gross_margin": 0.15001480014698076,
      "op_margin": -0.13762860817376393,
      "fcf_margin": 0.12555372963703915,
      "incr_op_margin_yoy": 0.0025292250942526243,
      "rev_growth_yoy": 0.6033909955321343,
      "rev_growth_yoy_accel": -0.17293168948427118,
      "op_leverage_ratio": 1.3684260324975717,
      "fcf_margin_change": -0.023710148607043513
    },
    {
      "date": "2023-12-30T00:00:00",
      "quarter_label": "2023-12 (Q4)",
      "revenue": 368450000,
      "gross_profit": 70107000,
      "operating_income": -19049000,
      "net_income": -1928000,
      "opex": 89156000,
      "cogs": 298343000,
      "rd": 42144000,
      "sga": 47012000,
      "fcf": -32323000,
      "ocf": -30150000,
      "capex": -2173000,
      "gross_margin": 0.1902754783552721,
      "op_margin": -0.05170036639978287,
      "fcf_margin": -0.08772696430994707,
      "incr_op_margin_yoy": 0.31158642637753026,
      "rev_growth_yoy": 0.7858873938500911,
      "rev_growth_yoy_accel": 0.18249639831795683,
      "fcf_margin_change": -0.21328069394698623
    },
    {
      "date": "2024-03-30T00:00:00",
      "quarter_label": "2024-03 (Q1)",
      "revenue": 424301000,
      "gross_profit": 44162000,
      "operating_income": -50952000,
      "net_income": -6580000,
      "opex": 95114000,
      "cogs": 380139000,
      "rd": 46462000,
      "sga": 48652000,
      "fcf": 18584000,
      "ocf": 21072000,
      "capex": -2488000,
      "gross_margin": 0.10408177213817549,
      "op_margin": -0.12008456261003392,
      "fcf_margin": 0.043799095453463464,
      "incr_op_margin_yoy": 0.042966839634924765,
      "rev_growth_yoy": 0.5900117667338695,
      "rev_growth_yoy_accel": -0.19587562711622164,
      "op_leverage_ratio": 2.268310323164581,
      "fcf_margin_change": 0.13152605976341053
    },
    {
      "date": "2024-06-29T00:00:00",
      "quarter_label": "2024-06 (Q2)",
      "revenue": 491862000,
      "gross_profit": 67406000,
      "operating_income": -25187000,
      "net_income": -2488000,
      "opex": 92593000,
      "cogs": 424456000,
      "rd": 44722000,
      "sga": 47871000,
      "fcf": 33538000,
      "ocf": 50384000,
      "capex": -16846000,
      "gross_margin": 0.13704250379171393,
      "op_margin": -0.05120745249683854,
      "fcf_margin": 0.06818579194977453,
      "incr_op_margin_yoy": 0.0934425774198028,
      "rev_growth_yoy": 0.5773048098846513,
      "rev_growth_yoy_accel": -0.012706956849218187,
      "op_leverage_ratio": Infinity,
      "fcf_margin_change": 0.024386696496311068
    },
    {
      "date": "2024-09-28T00:00:00",
      "quarter_label": "2024-09 (Q3)",
      "revenue": 564566000,
      "gross_profit": 96416000,
      "operating_income": 10888000,
      "net_income": 2836000,
      "opex": 85529000,
      "cogs": 468150000,
      "rd": 40130000,
      "sga": 45399000,
      "fcf": -120113000,
      "ocf": -99383000,
      "capex": -20730000,
      "gross_margin": 0.17077897004070383,
      "op_margin": 0.019285610539777457,
      "fcf_margin": -0.212752804809358,
      "incr_op_margin_yoy": 0.3753981398904319,
      "rev_growth_yoy": 0.4406309966112767,
      "rev_growth_yoy_accel": -0.13667381327337458,
      "op_leverage_ratio": Infinity,
      "fcf_margin_change": -0.2809385967591325
    },
    {
      "date": "2024-12-28T00:00:00",
      "quarter_label": "2024-12 (Q4)",
      "revenue": 486693000,
      "gross_profit": 80039000,
      "operating_income": -24629000,
      "net_income": -3476000,
      "opex": 104668000,
      "cogs": 406654000,
      "rd": 43592000,
      "sga": 61076000,
      "fcf": 197670000,
      "ocf": 205027000,
      "capex": -7357000,
      "gross_margin": 0.16445480004849053,
      "op_margin": -0.05060479604185801,
      "fcf_margin": 0.4061492563073642,
      "incr_op_margin_yoy": -0.047190954221391544,
      "rev_growth_yoy": 0.3209200705658841,
      "rev_growth_yoy_accel": -0.11971092604539257,
      "fcf_margin_change": 0.6189020611167222
    },
    {
      "date": "2025-03-29T00:00:00",
      "quarter_label": "2025-03 (Q1)",
      "revenue": 549651000,
      "gross_profit": 107828000,
      "operating_income": -32059000,
      "net_income": -3925000,
      "opex": 139887000,
      "cogs": 441823000,
      "rd": 61540000,
      "sga": 78347000,
      "fcf": 269575000,
      "ocf": 269575000,
      "capex": null,
      "gross_margin": 0.19617539129374822,
      "op_margin": -0.05832610147166111,
      "fcf_margin": 0.4904475749157192,
      "incr_op_margin_yoy": 0.15072197846031113,
      "rev_growth_yoy": 0.2954270671056632,
      "rev_growth_yoy_accel": -0.02549300346022093,
      "op_leverage_ratio": 0.3844436824059787,
      "fcf_margin_change": 0.08429831860835502
    },
    {
      "date": "2025-06-28T00:00:00",
      "quarter_label": "2025-06 (Q2)",
      "revenue": 592121000,
      "gross_profit": 107622000,
      "operating_income": -36556000,
      "net_income": -5913000,
      "opex": 144178000,
      "cogs": 484499000,
      "rd": 52147000,
      "sga": 75670000,
      "fcf": -138343000,
      "ocf": -138343000,
      "capex": null,
      "gross_margin": 0.1817567693089757,
      "op_margin": -0.06173738137981933,
      "fcf_margin": -0.23363974593030817,
      "incr_op_margin_yoy": -0.113396303573744,
      "rev_growth_yoy": 0.20383562869260077,
      "rev_growth_yoy_accel": -0.09159143841306241,
      "op_leverage_ratio": 2.5189182935788708,
      "fcf_margin_change": -0.7240873208460274
    },
    {
      "date": "2025-09-27T00:00:00",
      "quarter_label": "2025-09 (Q3)",
      "revenue": 618457000,
      "gross_profit": 127121000,
      "operating_income": -21763000,
      "net_income": -3623000,
      "opex": 148884000,
      "cogs": 491336000,
      "rd": 58734000,
      "sga": 83638000,
      "fcf": 530680000,
      "ocf": 530680000,
      "capex": null,
      "gross_margin": 0.20554541382828556,
      "op_margin": -0.03518918857737886,
      "fcf_margin": 0.8580709734063969,
      "incr_op_margin_yoy": -0.6058711102039301,
      "rev_growth_yoy": 0.09545562432027434,
      "rev_growth_yoy_accel": -0.10838000437232644,
      "op_leverage_ratio": 1.36265659849981,
      "fcf_margin_change": 1.091710719336705
    }
  ],
  "signals": [
    {
      "quarter": "2025-09 (Q3)",
      "signal": "FCF TURNED POSITIVE",
      "detail": "FCF margin: -23.4% -> +85.8%",
      "severity": "HIGH"
    },
    {
      "quarter": "2025-09 (Q3)",
      "signal": "GROSS MARGIN INFLECTION",
      "detail": "GM: +19.6% -> +18.2% -> +20.6% (reversal +2.4%)",
      "severity": "MEDIUM"
    },
    {
      "quarter": "2025-09 (Q3)",
      "signal": "YoY REVENUE GROWTH DECELERATION",
      "detail": "YoY growth: +9.5% vs prior quarter YoY: +20.4% (decel: -10.8%)",
      "severity": "WARNING"
    },
    {
      "quarter": "2025-06 (Q2)",
      "signal": "OPERATING LEVERAGE",
      "detail": "Rev growth +7.7% vs OpEx growth +3.1% (leverage: 2.5x)",
      "severity": "MEDIUM"
    },
    {
      "quarter": "2025-06 (Q2)",
      "signal": "YoY REVENUE GROWTH DECELERATION",
      "detail": "YoY growth: +20.4% vs prior quarter YoY: +29.5% (decel: -9.2%)",
      "severity": "WARNING"
    },
    {
      "quarter": "2025-03 (Q1)",
      "signal": "FCF MARGIN EXPANSION",
      "detail": "FCF margin: +40.6% -> +49.0% (+8.4%)",
      "severity": "MEDIUM"
    },
    {
      "quarter": "2025-03 (Q1)",
      "signal": "GROSS MARGIN INFLECTION",
      "detail": "GM: +17.1% -> +16.4% -> +19.6% (reversal +3.2%)",
      "severity": "MEDIUM"
    },
    {
      "quarter": "2024-12 (Q4)",
      "signal": "FCF TURNED POSITIVE",
      "detail": "FCF margin: -21.3% -> +40.6%",
      "severity": "HIGH"
    },
    {
      "quarter": "2024-12 (Q4)",
      "signal": "YoY REVENUE GROWTH DECELERATION",
      "detail": "YoY growth: +32.1% vs prior quarter YoY: +44.1% (decel: -12.0%)",
      "severity": "WARNING"
    },
    {
      "quarter": "2024-09 (Q3)",
      "signal": "YoY REVENUE GROWTH DECELERATION",
      "detail": "YoY growth: +44.1% vs prior quarter YoY: +57.7% (decel: -13.7%)",
      "severity": "WARNING"
    },
    {
      "quarter": "2024-09 (Q3)",
      "signal": "OP MARGIN TURNED POSITIVE (YoY)",
      "detail": "Op margin: -13.8% (year-ago) -> +1.9%",
      "severity": "HIGH"
    },
    {
      "quarter": "2024-09 (Q3)",
      "signal": "OP MARGIN TURNED POSITIVE (QoQ)",
      "detail": "Op margin: -5.1% -> +1.9%",
      "severity": "HIGH"
    },
    {
      "quarter": "2024-06 (Q2)",
      "signal": "GROSS MARGIN INFLECTION",
      "detail": "GM: +19.0% -> +10.4% -> +13.7% (reversal +3.3%)",
      "severity": "MEDIUM"
    },
    {
      "quarter": "2024-03 (Q1)",
      "signal": "FCF TURNED POSITIVE",
      "detail": "FCF margin: -8.8% -> +4.4%",
      "severity": "HIGH"
    },
    {
      "quarter": "2024-03 (Q1)",
      "signal": "OPERATING LEVERAGE",
      "detail": "Rev growth +15.2% vs OpEx growth +6.7% (leverage: 2.3x)",
      "severity": "MEDIUM"
    },
    {
      "quarter": "2024-03 (Q1)",
      "signal": "YoY REVENUE GROWTH DECELERATION",
      "detail": "YoY growth: +59.0% vs prior quarter YoY: +78.6% (decel: -19.6%)",
      "severity": "WARNING"
    },
    {
      "quarter": "2023-12 (Q4)",
      "signal": "GROSS MARGIN INFLECTION",
      "detail": "GM: +17.0% -> +15.0% -> +19.0% (reversal +4.0%)",
      "severity": "MEDIUM"
    },
    {
      "quarter": "2023-12 (Q4)",
      "signal": "YoY REVENUE GROWTH ACCELERATION",
      "detail": "YoY growth: +78.6% vs prior quarter YoY: +60.3% (accel: +18.2%)",
      "severity": "HIGH"
    },
    {
      "quarter": "2023-09 (Q3)",
      "signal": "YoY REVENUE GROWTH DECELERATION",
      "detail": "YoY growth: +60.3% vs prior quarter YoY: +77.6% (decel: -17.3%)",
      "severity": "WARNING"
    },
    {
      "quarter": "2023-06 (Q2)",
      "signal": "FCF MARGIN EXPANSION",
      "detail": "FCF margin: +9.5% -> +14.9% (+5.4%)",
      "severity": "MEDIUM"
    },
    {
      "quarter": "2023-06 (Q2)",
      "signal": "YoY REVENUE GROWTH DECELERATION",
      "detail": "YoY growth: +77.6% vs prior quarter YoY: +177.2% (decel: -99.5%)",
      "severity": "WARNING"
    },
    {
      "quarter": "2023-03 (Q1)",
      "signal": "YoY REVENUE GROWTH ACCELERATION",
      "detail": "YoY growth: +177.2% vs prior quarter YoY: +167.7% (accel: +9.4%)",
      "severity": "MEDIUM"
    },
    {
      "quarter": "2022-12 (Q4)",
      "signal": "FCF TURNED POSITIVE",
      "detail": "FCF margin: -24.0% -> +45.6%",
      "severity": "HIGH"
    },
    {
      "quarter": "2022-12 (Q4)",
      "signal": "GROSS MARGIN INFLECTION",
      "detail": "GM: +18.0% -> +15.0% -> +17.1% (reversal +2.0%)",
      "severity": "MEDIUM"
    },
    {
      "quarter": "2022-09 (Q3)",
      "signal": "YoY REVENUE GROWTH ACCELERATION",
      "detail": "YoY growth: +166.5% vs prior quarter YoY: +33.5% (accel: +133.0%)",
      "severity": "HIGH"
    },
    {
      "quarter": "2022-06 (Q2)",
      "signal": "FCF MARGIN EXPANSION",
      "detail": "FCF margin: -108.0% -> -20.5% (+87.4%)",
      "severity": "MEDIUM"
    },
    {
      "quarter": "2022-06 (Q2)",
      "signal": "OPERATING LEVERAGE",
      "detail": "Rev growth +82.3% vs OpEx growth +37.8% (leverage: 2.2x)",
      "severity": "MEDIUM"
    },
    {
      "quarter": "2021-12 (Q4)",
      "signal": "FCF MARGIN EXPANSION",
      "detail": "FCF margin: +7.3% -> +42.2% (+34.9%)",
      "severity": "MEDIUM"
    }
  ],
  "data_quality": {
    "n_quarters": 18,
    "coverage": {
      "revenue": [
        18,
        18
      ],
      "gross_profit": [
        18,
        18
      ],
      "op_income": [
        17,
        18
      ],
      "fcf": [
        17,
        18
      ]
    },
    "gaps": [],
    "warnings": []
  },
  "market_cap": null,
  "source": "SEC EDGAR",
  "last_updated": "2026-02-02T20:06:28.842373"
}