{
  "ticker": "SYNA",
  "name": "SYNAPTICS INCORPORATED",
  "quarters": [
    {
      "date": "2020-12-31T00:00:00",
      "quarter_label": "2020-12 (Q4)",
      "revenue": 357600000,
      "gross_profit": 150400000,
      "operating_income": 58500000,
      "net_income": 49600000,
      "opex": 91900000,
      "cogs": 207200000,
      "rd": 77300000,
      "sga": 39500000,
      "fcf": 63100000,
      "ocf": 71400000,
      "capex": -8300000,
      "gross_margin": 0.42058165548098436,
      "op_margin": 0.16359060402684564,
      "fcf_margin": 0.17645413870246085
    },
    {
      "date": "2021-03-27T00:00:00",
      "quarter_label": "2021-03 (Q1)",
      "revenue": 325800000,
      "gross_profit": 155500000,
      "operating_income": 31600000,
      "net_income": 13800000,
      "opex": 123900000,
      "cogs": 170300000,
      "rd": 77500000,
      "sga": 36800000,
      "fcf": 133100000,
      "ocf": 136400000,
      "capex": -3300000,
      "gross_margin": 0.4772866789441375,
      "op_margin": 0.09699201964395335,
      "fcf_margin": 0.4085328422344997,
      "fcf_margin_change": 0.23207870353203885
    },
    {
      "date": "2021-06-26T00:00:00",
      "quarter_label": "2021-06 (Q2)",
      "revenue": 327800000,
      "gross_profit": 170800000,
      "operating_income": 50900000,
      "net_income": 19000000,
      "opex": 119900000,
      "cogs": 157000000,
      "rd": 77700000,
      "sga": 33300000,
      "fcf": 99300000,
      "ocf": 104900000,
      "capex": -5600000,
      "gross_margin": 0.5210494203782794,
      "op_margin": 0.15527760829774254,
      "fcf_margin": 0.3029286150091519,
      "fcf_margin_change": -0.10560422722534779
    },
    {
      "date": "2021-09-25T00:00:00",
      "quarter_label": "2021-09 (Q3)",
      "revenue": 372700000,
      "gross_profit": 198100000,
      "operating_income": 60600000,
      "net_income": 40200000,
      "opex": 137500000,
      "cogs": 174600000,
      "rd": 86100000,
      "sga": 41600000,
      "fcf": 53600000,
      "ocf": 58300000,
      "capex": -4700000,
      "gross_margin": 0.5315266970753958,
      "op_margin": 0.16259726321438153,
      "fcf_margin": 0.1438154011269117,
      "op_leverage_ratio": 0.9331337705918242,
      "fcf_margin_change": -0.1591132138822402
    },
    {
      "date": "2021-12-25T00:00:00",
      "quarter_label": "2021-12 (Q4)",
      "revenue": 420500000,
      "gross_profit": 225100000,
      "operating_income": 77600000,
      "net_income": 69500000,
      "opex": 147500000,
      "cogs": 195400000,
      "rd": 88900000,
      "sga": 44300000,
      "fcf": 113900000,
      "ocf": 122400000,
      "capex": -8500000,
      "gross_margin": 0.5353151010701546,
      "op_margin": 0.1845422116527943,
      "fcf_margin": 0.2708680142687277,
      "incr_op_margin_yoy": 0.3036565977742448,
      "rev_growth_yoy": 0.17589485458612975,
      "op_leverage_ratio": 1.7634826938556483,
      "fcf_margin_change": 0.12705261314181598
    },
    {
      "date": "2022-03-26T00:00:00",
      "quarter_label": "2022-03 (Q1)",
      "revenue": 470100000,
      "gross_profit": 253800000,
      "operating_income": 88100000,
      "net_income": 64900000,
      "opex": 165700000,
      "cogs": 216300000,
      "rd": 98200000,
      "sga": 44200000,
      "fcf": 114000000,
      "ocf": 127700000,
      "capex": -13700000,
      "gross_margin": 0.5398851308232291,
      "op_margin": 0.18740693469474579,
      "fcf_margin": 0.24250159540523292,
      "incr_op_margin_yoy": 0.39154539154539153,
      "rev_growth_yoy": 0.4429097605893186,
      "rev_growth_yoy_accel": 0.26701490600318883,
      "op_leverage_ratio": 0.9559524898407181,
      "fcf_margin_change": -0.02836641886349478
    },
    {
      "date": "2022-06-25T00:00:00",
      "quarter_label": "2022-06 (Q2)",
      "revenue": 476400000,
      "gross_profit": 266100000,
      "operating_income": 124100000,
      "net_income": 82900000,
      "opex": 142000000,
      "cogs": 210300000,
      "rd": 94100000,
      "sga": 38300000,
      "fcf": 150100000,
      "ocf": 154300000,
      "capex": -4200000,
      "gross_margin": 0.5585642317380353,
      "op_margin": 0.260495382031906,
      "fcf_margin": 0.315071368597817,
      "incr_op_margin_yoy": 0.49259757738896365,
      "rev_growth_yoy": 0.45332519829164125,
      "rev_growth_yoy_accel": 0.010415437702322672,
      "op_leverage_ratio": Infinity,
      "fcf_margin_change": 0.07256977319258406
    },
    {
      "date": "2022-09-24T00:00:00",
      "quarter_label": "2022-09 (Q3)",
      "revenue": 448100000,
      "gross_profit": 255700000,
      "operating_income": 112000000,
      "net_income": 64600000,
      "opex": 143700000,
      "cogs": 192400000,
      "rd": 89500000,
      "sga": 44700000,
      "fcf": 72300000,
      "ocf": 78500000,
      "capex": -6200000,
      "gross_margin": 0.5706315554563713,
      "op_margin": 0.249944208881946,
      "fcf_margin": 0.16134791341218477,
      "incr_op_margin_yoy": 0.6816976127320955,
      "rev_growth_yoy": 0.20230748591360342,
      "rev_growth_yoy_accel": -0.2510177123780378,
      "fcf_margin_change": -0.1537234551856322
    },
    {
      "date": "2022-12-24T00:00:00",
      "quarter_label": "2022-12 (Q4)",
      "revenue": 353100000,
      "gross_profit": 186700000,
      "operating_income": 46100000,
      "net_income": 22000000,
      "opex": 140600000,
      "cogs": 166400000,
      "rd": 89300000,
      "sga": 42400000,
      "fcf": 40900000,
      "ocf": 50000000,
      "capex": -9100000,
      "gross_margin": 0.5287453979042764,
      "op_margin": 0.13055791560464458,
      "fcf_margin": 0.11583120928915322,
      "incr_op_margin_yoy": 0.46735905044510384,
      "rev_growth_yoy": -0.16028537455410227,
      "rev_growth_yoy_accel": -0.36259286046770567,
      "fcf_margin_change": -0.04551670412303155
    },
    {
      "date": "2023-03-25T00:00:00",
      "quarter_label": "2023-03 (Q1)",
      "revenue": 326600000,
      "gross_profit": 172300000,
      "operating_income": 34200000,
      "net_income": 10400000,
      "opex": 138100000,
      "cogs": 154300000,
      "rd": 87900000,
      "sga": 41700000,
      "fcf": 94800000,
      "ocf": 108500000,
      "capex": -13700000,
      "gross_margin": 0.5275566442131047,
      "op_margin": 0.10471524800979792,
      "fcf_margin": 0.290263319044703,
      "incr_op_margin_yoy": 0.375609756097561,
      "rev_growth_yoy": -0.30525420123378005,
      "rev_growth_yoy_accel": -0.14496882667967778,
      "fcf_margin_change": 0.17443210975554976
    },
    {
      "date": "2023-06-24T00:00:00",
      "quarter_label": "2023-06 (Q2)",
      "revenue": 227300000,
      "gross_profit": 101200000,
      "operating_income": -38000000,
      "net_income": -23400000,
      "opex": 139200000,
      "cogs": 126100000,
      "rd": 84500000,
      "sga": 46200000,
      "fcf": 89300000,
      "ocf": 94500000,
      "capex": -5200000,
      "gross_margin": 0.44522657281126266,
      "op_margin": -0.16717993840739112,
      "fcf_margin": 0.3928728552573691,
      "incr_op_margin_yoy": 0.6507426736250502,
      "rev_growth_yoy": -0.522879932829555,
      "rev_growth_yoy_accel": -0.21762573159577497,
      "fcf_margin_change": 0.10260953621266611
    },
    {
      "date": "2023-09-30T00:00:00",
      "quarter_label": "2023-09 (Q3)",
      "revenue": 237700000,
      "gross_profit": 107100000,
      "operating_income": -35200000,
      "net_income": -55600000,
      "opex": 142300000,
      "cogs": 130600000,
      "rd": 86500000,
      "sga": 42300000,
      "fcf": 38700000,
      "ocf": 45400000,
      "capex": -6700000,
      "gross_margin": 0.45056794278502316,
      "op_margin": -0.1480858224652924,
      "fcf_margin": 0.16281026503996635,
      "incr_op_margin_yoy": 0.6996197718631179,
      "rev_growth_yoy": -0.4695380495425128,
      "rev_growth_yoy_accel": 0.0533418832870422,
      "op_leverage_ratio": 2.0545250698948383,
      "fcf_margin_change": -0.23006259021740275
    },
    {
      "date": "2023-12-30T00:00:00",
      "quarter_label": "2023-12 (Q4)",
      "revenue": 237000000,
      "gross_profit": 109000000,
      "operating_income": -17900000,
      "net_income": -9000000,
      "opex": 126900000,
      "cogs": 128000000,
      "rd": 82000000,
      "sga": 39700000,
      "fcf": 28800000,
      "ocf": 39200000,
      "capex": -10400000,
      "gross_margin": 0.459915611814346,
      "op_margin": -0.07552742616033756,
      "fcf_margin": 0.12151898734177215,
      "incr_op_margin_yoy": 0.5512489233419466,
      "rev_growth_yoy": -0.3288020390824129,
      "rev_growth_yoy_accel": 0.14073601046009993,
      "fcf_margin_change": -0.0412912776981942
    },
    {
      "date": "2024-03-30T00:00:00",
      "quarter_label": "2024-03 (Q1)",
      "revenue": 237300000,
      "gross_profit": 110300000,
      "operating_income": -17400000,
      "net_income": -18100000,
      "opex": 127700000,
      "cogs": 127000000,
      "rd": 83400000,
      "sga": 40500000,
      "fcf": -22700000,
      "ocf": -13700000,
      "capex": -9000000,
      "gross_margin": 0.4648124736620312,
      "op_margin": -0.07332490518331226,
      "fcf_margin": -0.09565950273914876,
      "incr_op_margin_yoy": 0.5778275475923852,
      "rev_growth_yoy": -0.273423147581139,
      "rev_growth_yoy_accel": 0.0553788915012739,
      "fcf_margin_change": -0.2171784900809209
    },
    {
      "date": "2024-06-29T00:00:00",
      "quarter_label": "2024-06 (Q2)",
      "revenue": 247400000,
      "gross_profit": 113400000,
      "operating_income": -31100000,
      "net_income": 208300000,
      "opex": 144500000,
      "cogs": 134000000,
      "rd": 84400000,
      "sga": 38800000,
      "fcf": 57300000,
      "ocf": 65000000,
      "capex": -7700000,
      "gross_margin": 0.4583670169765562,
      "op_margin": -0.12570735650767986,
      "fcf_margin": 0.23160873080032338,
      "incr_op_margin_yoy": 0.34328358208955223,
      "rev_growth_yoy": 0.08842938847338319,
      "rev_growth_yoy_accel": 0.36185253605452217,
      "op_leverage_ratio": 0.3235230670439267,
      "fcf_margin_change": 0.32726823353947215
    },
    {
      "date": "2024-09-28T00:00:00",
      "quarter_label": "2024-09 (Q3)",
      "revenue": 257700000,
      "gross_profit": 120900000,
      "operating_income": -28400000,
      "net_income": -23100000,
      "opex": 149300000,
      "cogs": 136800000,
      "rd": 81300000,
      "sga": 50000000,
      "fcf": -20500000,
      "ocf": -11400000,
      "capex": -9100000,
      "gross_margin": 0.4691501746216531,
      "op_margin": -0.11020566550252231,
      "fcf_margin": -0.07954986418315871,
      "incr_op_margin_yoy": 0.34,
      "rev_growth_yoy": 0.08413967185527976,
      "rev_growth_yoy_accel": -0.0042897166181034285,
      "op_leverage_ratio": 1.2533262597682564,
      "fcf_margin_change": -0.3111585949834821
    },
    {
      "date": "2024-12-28T00:00:00",
      "quarter_label": "2024-12 (Q4)",
      "revenue": 267200000,
      "gross_profit": 122200000,
      "operating_income": -15200000,
      "net_income": 1800000,
      "opex": 137400000,
      "cogs": 145000000,
      "rd": 83300000,
      "sga": 49500000,
      "fcf": 18100000,
      "ocf": 22800000,
      "capex": -4700000,
      "gross_margin": 0.4573353293413174,
      "op_margin": -0.05688622754491018,
      "fcf_margin": 0.06773952095808383,
      "incr_op_margin_yoy": 0.08940397350993377,
      "rev_growth_yoy": 0.12742616033755275,
      "rev_growth_yoy_accel": 0.04328648848227298,
      "op_leverage_ratio": Infinity,
      "fcf_margin_change": 0.14728938514124254
    },
    {
      "date": "2025-03-29T00:00:00",
      "quarter_label": "2025-03 (Q1)",
      "revenue": 266600000,
      "gross_profit": 115800000,
      "operating_income": -26300000,
      "net_income": -21800000,
      "opex": 142100000,
      "cogs": 150800000,
      "rd": 88600000,
      "sga": 34700000,
      "fcf": 68000000,
      "ocf": 73400000,
      "capex": -5400000,
      "gross_margin": 0.43435858964741186,
      "op_margin": -0.0986496624156039,
      "fcf_margin": 0.2550637659414854,
      "incr_op_margin_yoy": -0.3037542662116041,
      "rev_growth_yoy": 0.123472397808681,
      "rev_growth_yoy_accel": -0.0039537625288717515,
      "fcf_margin_change": 0.18732424498340156
    },
    {
      "date": "2025-06-28T00:00:00",
      "quarter_label": "2025-06 (Q2)",
      "revenue": 282800000,
      "gross_profit": 121500000,
      "operating_income": -24200000,
      "net_income": -4700000,
      "opex": 145700000,
      "cogs": 161300000,
      "rd": 93600000,
      "sga": 46100000,
      "fcf": 50600000,
      "ocf": 57200000,
      "capex": -6600000,
      "gross_margin": 0.4296322489391796,
      "op_margin": -0.08557284299858557,
      "fcf_margin": 0.1789250353606789,
      "incr_op_margin_yoy": 0.19491525423728814,
      "rev_growth_yoy": 0.14308811641067098,
      "rev_growth_yoy_accel": 0.01961571860198999,
      "op_leverage_ratio": 2.398537134283571,
      "fcf_margin_change": -0.07613873058080647
    },
    {
      "date": "2025-09-27T00:00:00",
      "quarter_label": "2025-09 (Q3)",
      "revenue": 292500000,
      "gross_profit": 124600000,
      "operating_income": -23200000,
      "net_income": -20600000,
      "opex": 147800000,
      "cogs": 167900000,
      "rd": 94400000,
      "sga": 46200000,
      "fcf": 18000000,
      "ocf": 30200000,
      "capex": -12200000,
      "gross_margin": 0.425982905982906,
      "op_margin": -0.07931623931623932,
      "fcf_margin": 0.06153846153846154,
      "incr_op_margin_yoy": 0.14942528735632185,
      "rev_growth_yoy": 0.1350407450523865,
      "rev_growth_yoy_accel": -0.008047371358284483,
      "op_leverage_ratio": 2.379756853236344,
      "fcf_margin_change": -0.11738657382221737
    }
  ],
  "signals": [
    {
      "quarter": "2025-09 (Q3)",
      "signal": "OPERATING LEVERAGE",
      "detail": "Rev growth +3.4% vs OpEx growth +1.4% (leverage: 2.4x)",
      "severity": "MEDIUM"
    },
    {
      "quarter": "2025-06 (Q2)",
      "signal": "OPERATING LEVERAGE",
      "detail": "Rev growth +6.1% vs OpEx growth +2.5% (leverage: 2.4x)",
      "severity": "MEDIUM"
    },
    {
      "quarter": "2025-03 (Q1)",
      "signal": "FCF MARGIN EXPANSION",
      "detail": "FCF margin: +6.8% -> +25.5% (+18.7%)",
      "severity": "MEDIUM"
    },
    {
      "quarter": "2024-12 (Q4)",
      "signal": "FCF TURNED POSITIVE",
      "detail": "FCF margin: -8.0% -> +6.8%",
      "severity": "HIGH"
    },
    {
      "quarter": "2024-06 (Q2)",
      "signal": "FCF TURNED POSITIVE",
      "detail": "FCF margin: -9.6% -> +23.2%",
      "severity": "HIGH"
    },
    {
      "quarter": "2024-06 (Q2)",
      "signal": "YoY REVENUE GROWTH ACCELERATION",
      "detail": "YoY growth: +8.8% vs prior quarter YoY: -27.3% (accel: +36.2%)",
      "severity": "HIGH"
    },
    {
      "quarter": "2024-03 (Q1)",
      "signal": "YoY REVENUE GROWTH ACCELERATION",
      "detail": "YoY growth: -27.3% vs prior quarter YoY: -32.9% (accel: +5.5%)",
      "severity": "MEDIUM"
    },
    {
      "quarter": "2023-12 (Q4)",
      "signal": "YoY REVENUE GROWTH ACCELERATION",
      "detail": "YoY growth: -32.9% vs prior quarter YoY: -47.0% (accel: +14.1%)",
      "severity": "MEDIUM"
    },
    {
      "quarter": "2023-09 (Q3)",
      "signal": "OPERATING LEVERAGE",
      "detail": "Rev growth +4.6% vs OpEx growth +2.2% (leverage: 2.1x)",
      "severity": "MEDIUM"
    },
    {
      "quarter": "2023-09 (Q3)",
      "signal": "YoY REVENUE GROWTH ACCELERATION",
      "detail": "YoY growth: -47.0% vs prior quarter YoY: -52.3% (accel: +5.3%)",
      "severity": "MEDIUM"
    },
    {
      "quarter": "2023-06 (Q2)",
      "signal": "FCF MARGIN EXPANSION",
      "detail": "FCF margin: +29.0% -> +39.3% (+10.3%)",
      "severity": "MEDIUM"
    },
    {
      "quarter": "2023-06 (Q2)",
      "signal": "YoY REVENUE GROWTH DECELERATION",
      "detail": "YoY growth: -52.3% vs prior quarter YoY: -30.5% (decel: -21.8%)",
      "severity": "WARNING"
    },
    {
      "quarter": "2023-03 (Q1)",
      "signal": "FCF MARGIN EXPANSION",
      "detail": "FCF margin: +11.6% -> +29.0% (+17.4%)",
      "severity": "MEDIUM"
    },
    {
      "quarter": "2023-03 (Q1)",
      "signal": "YoY REVENUE GROWTH DECELERATION",
      "detail": "YoY growth: -30.5% vs prior quarter YoY: -16.0% (decel: -14.5%)",
      "severity": "WARNING"
    },
    {
      "quarter": "2023-03 (Q1)",
      "signal": "INCREMENTAL MARGIN (YoY)",
      "detail": "YoY Incr OPM: +37.6% vs year-ago OPM: +18.7%",
      "severity": "MEDIUM"
    },
    {
      "quarter": "2022-12 (Q4)",
      "signal": "YoY REVENUE GROWTH DECELERATION",
      "detail": "YoY growth: -16.0% vs prior quarter YoY: +20.2% (decel: -36.3%)",
      "severity": "WARNING"
    },
    {
      "quarter": "2022-12 (Q4)",
      "signal": "INCREMENTAL MARGIN (YoY)",
      "detail": "YoY Incr OPM: +46.7% vs year-ago OPM: +18.5%",
      "severity": "HIGH"
    },
    {
      "quarter": "2022-09 (Q3)",
      "signal": "YoY REVENUE GROWTH DECELERATION",
      "detail": "YoY growth: +20.2% vs prior quarter YoY: +45.3% (decel: -25.1%)",
      "severity": "WARNING"
    },
    {
      "quarter": "2022-09 (Q3)",
      "signal": "INCREMENTAL MARGIN (YoY)",
      "detail": "YoY Incr OPM: +68.2% vs year-ago OPM: +16.3%",
      "severity": "HIGH"
    },
    {
      "quarter": "2022-06 (Q2)",
      "signal": "FCF MARGIN EXPANSION",
      "detail": "FCF margin: +24.3% -> +31.5% (+7.3%)",
      "severity": "MEDIUM"
    },
    {
      "quarter": "2022-06 (Q2)",
      "signal": "INCREMENTAL MARGIN (YoY)",
      "detail": "YoY Incr OPM: +49.3% vs year-ago OPM: +15.5%",
      "severity": "HIGH"
    },
    {
      "quarter": "2022-03 (Q1)",
      "signal": "YoY REVENUE GROWTH ACCELERATION",
      "detail": "YoY growth: +44.3% vs prior quarter YoY: +17.6% (accel: +26.7%)",
      "severity": "HIGH"
    },
    {
      "quarter": "2022-03 (Q1)",
      "signal": "INCREMENTAL MARGIN (YoY)",
      "detail": "YoY Incr OPM: +39.2% vs year-ago OPM: +9.7%",
      "severity": "HIGH"
    },
    {
      "quarter": "2021-12 (Q4)",
      "signal": "FCF MARGIN EXPANSION",
      "detail": "FCF margin: +14.4% -> +27.1% (+12.7%)",
      "severity": "MEDIUM"
    },
    {
      "quarter": "2021-12 (Q4)",
      "signal": "OPERATING LEVERAGE",
      "detail": "Rev growth +12.8% vs OpEx growth +7.3% (leverage: 1.8x)",
      "severity": "MEDIUM"
    },
    {
      "quarter": "2021-12 (Q4)",
      "signal": "INCREMENTAL MARGIN (YoY)",
      "detail": "YoY Incr OPM: +30.4% vs year-ago OPM: +16.4%",
      "severity": "MEDIUM"
    },
    {
      "quarter": "2021-03 (Q1)",
      "signal": "FCF MARGIN EXPANSION",
      "detail": "FCF margin: +17.6% -> +40.9% (+23.2%)",
      "severity": "MEDIUM"
    }
  ],
  "data_quality": {
    "n_quarters": 20,
    "coverage": {
      "revenue": [
        20,
        20
      ],
      "gross_profit": [
        20,
        20
      ],
      "op_income": [
        20,
        20
      ],
      "fcf": [
        20,
        20
      ]
    },
    "gaps": [],
    "warnings": []
  },
  "market_cap": null,
  "source": "SEC EDGAR",
  "last_updated": "2026-02-02T21:19:20.688454"
}