{
  "ticker": "SYPR",
  "name": "Sypris Solutions, Inc.",
  "quarters": [
    {
      "date": "2020-12-31T00:00:00",
      "quarter_label": "2020-12 (Q4)",
      "revenue": 20614000,
      "gross_profit": 2550000,
      "operating_income": -171000,
      "net_income": -1174000,
      "opex": 2721000,
      "cogs": 18064000,
      "rd": null,
      "sga": 2721000,
      "fcf": 3179000,
      "ocf": 3570000,
      "capex": -391000,
      "gross_margin": 0.1237023382167459,
      "op_margin": -0.008295333268652371,
      "fcf_margin": 0.1542155816435432
    },
    {
      "date": "2021-04-04T00:00:00",
      "quarter_label": "2021-04 (Q2)",
      "revenue": 19982000,
      "gross_profit": 1816000,
      "operating_income": -1066000,
      "net_income": -1630000,
      "opex": 2882000,
      "cogs": 18166000,
      "rd": null,
      "sga": 2882000,
      "fcf": -1700000,
      "ocf": -910000,
      "capex": -790000,
      "gross_margin": 0.09088179361425283,
      "op_margin": -0.0533480132118907,
      "fcf_margin": -0.08507656891202083,
      "fcf_margin_change": -0.23929215055556402
    },
    {
      "date": "2021-07-04T00:00:00",
      "quarter_label": "2021-07 (Q3)",
      "revenue": 25969000,
      "gross_profit": 4309000,
      "operating_income": 893000,
      "net_income": 3823000,
      "opex": 3416000,
      "cogs": 21660000,
      "rd": null,
      "sga": 3416000,
      "fcf": 9093000,
      "ocf": 9516000,
      "capex": -423000,
      "gross_margin": 0.16592860718549038,
      "op_margin": 0.03438715391428241,
      "fcf_margin": 0.35014825368708846,
      "op_leverage_ratio": 1.6170484147343094,
      "fcf_margin_change": 0.4352248225991093
    },
    {
      "date": "2021-10-03T00:00:00",
      "quarter_label": "2021-10 (Q4)",
      "revenue": 25683000,
      "gross_profit": 3978000,
      "operating_income": 971000,
      "net_income": 294000,
      "opex": 3007000,
      "cogs": 21705000,
      "rd": null,
      "sga": 3007000,
      "fcf": -7065000,
      "ocf": -6449000,
      "capex": -616000,
      "gross_margin": 0.15488844761126036,
      "op_margin": 0.03780710976132072,
      "fcf_margin": -0.27508468636841493,
      "fcf_margin_change": -0.6252329400555034
    },
    {
      "date": "2021-12-31T00:00:00",
      "quarter_label": "2021-12 (Q4)",
      "revenue": 25800000,
      "gross_profit": 4403000,
      "operating_income": 1112000,
      "net_income": 436000,
      "opex": 3291000,
      "cogs": 21397000,
      "rd": null,
      "sga": 3291000,
      "fcf": 1086000,
      "ocf": 2081000,
      "capex": -995000,
      "gross_margin": 0.17065891472868217,
      "op_margin": 0.04310077519379845,
      "fcf_margin": 0.042093023255813954,
      "incr_op_margin_yoy": 0.24739683763979947,
      "rev_growth_yoy": 0.25157659842825264,
      "fcf_margin_change": 0.31717770962422887
    },
    {
      "date": "2022-04-03T00:00:00",
      "quarter_label": "2022-04 (Q2)",
      "revenue": 26166000,
      "gross_profit": 4509000,
      "operating_income": 1120000,
      "net_income": 237000,
      "opex": 3389000,
      "cogs": 21657000,
      "rd": null,
      "sga": 3389000,
      "fcf": -4154000,
      "ocf": -3253000,
      "capex": -901000,
      "gross_margin": 0.17232286172896125,
      "op_margin": 0.042803638309256285,
      "fcf_margin": -0.1587556370862952,
      "incr_op_margin_yoy": 0.3534928848641656,
      "rev_growth_yoy": 0.30947853067760983,
      "rev_growth_yoy_accel": 0.05790193224935719,
      "op_leverage_ratio": 0.476390602752729,
      "fcf_margin_change": -0.20084866034210916
    },
    {
      "date": "2022-07-03T00:00:00",
      "quarter_label": "2022-07 (Q3)",
      "revenue": 29044000,
      "gross_profit": 3780000,
      "operating_income": 43000,
      "net_income": -629000,
      "opex": 3737000,
      "cogs": 25264000,
      "rd": null,
      "sga": 3737000,
      "fcf": 305000,
      "ocf": 1244000,
      "capex": -939000,
      "gross_margin": 0.13014736262222834,
      "op_margin": 0.001480512326125878,
      "fcf_margin": 0.010501308359730064,
      "incr_op_margin_yoy": -0.2764227642276423,
      "rev_growth_yoy": 0.11841041241480227,
      "rev_growth_yoy_accel": -0.19106811826280756,
      "op_leverage_ratio": 1.0711388649480198,
      "fcf_margin_change": 0.16925694544602526
    },
    {
      "date": "2022-10-02T00:00:00",
      "quarter_label": "2022-10 (Q4)",
      "revenue": 25199000,
      "gross_profit": 1971000,
      "operating_income": -1603000,
      "net_income": -2242000,
      "opex": 3574000,
      "cogs": 23228000,
      "rd": null,
      "sga": 3574000,
      "fcf": 9333000,
      "ocf": 10304000,
      "capex": -971000,
      "gross_margin": 0.07821738957895155,
      "op_margin": -0.06361363546172467,
      "fcf_margin": 0.370371840152387,
      "rev_growth_yoy": -0.01884515048865008,
      "rev_growth_yoy_accel": -0.13725556290345234,
      "fcf_margin_change": 0.35987053179265693
    },
    {
      "date": "2022-12-31T00:00:00",
      "quarter_label": "2022-12 (Q4)",
      "revenue": 29712000,
      "gross_profit": 4593000,
      "operating_income": 804000,
      "net_income": 140000,
      "opex": 3789000,
      "cogs": 25119000,
      "rd": null,
      "sga": 3789000,
      "fcf": 5268000,
      "ocf": 5498000,
      "capex": -230000,
      "gross_margin": 0.15458400646203554,
      "op_margin": 0.02705977382875606,
      "fcf_margin": 0.1773021001615509,
      "incr_op_margin_yoy": -0.0787321063394683,
      "rev_growth_yoy": 0.1516279069767442,
      "rev_growth_yoy_accel": 0.17047305746539426,
      "op_leverage_ratio": 2.977132167481729,
      "fcf_margin_change": -0.1930697399908361
    },
    {
      "date": "2023-04-02T00:00:00",
      "quarter_label": "2023-04 (Q2)",
      "revenue": 32292000,
      "gross_profit": 4161000,
      "operating_income": 416000,
      "net_income": -175000,
      "opex": 3745000,
      "cogs": 28131000,
      "rd": null,
      "sga": 3745000,
      "fcf": -1949000,
      "ocf": -1241000,
      "capex": -708000,
      "gross_margin": 0.1288554440728354,
      "op_margin": 0.01288244766505636,
      "fcf_margin": -0.06035550600767992,
      "incr_op_margin_yoy": -0.1149200130590924,
      "rev_growth_yoy": 0.23412061453795002,
      "rev_growth_yoy_accel": 0.08249270756120583,
      "op_leverage_ratio": Infinity,
      "fcf_margin_change": -0.23765760616923082
    },
    {
      "date": "2023-07-02T00:00:00",
      "quarter_label": "2023-07 (Q3)",
      "revenue": 35615000,
      "gross_profit": 4670000,
      "operating_income": 966000,
      "net_income": 213000,
      "opex": 3704000,
      "cogs": 30945000,
      "rd": null,
      "sga": 3704000,
      "fcf": 4111000,
      "ocf": 4929000,
      "capex": -818000,
      "gross_margin": 0.13112452618278816,
      "op_margin": 0.027123403060508214,
      "fcf_margin": 0.11542889232065141,
      "incr_op_margin_yoy": 0.14046568254451378,
      "rev_growth_yoy": 0.2262429417435615,
      "rev_growth_yoy_accel": -0.00787767279438853,
      "op_leverage_ratio": Infinity,
      "fcf_margin_change": 0.17578439832833134
    },
    {
      "date": "2023-10-01T00:00:00",
      "quarter_label": "2023-10 (Q4)",
      "revenue": 33581000,
      "gross_profit": 4040000,
      "operating_income": -130000,
      "net_income": -555000,
      "opex": 4170000,
      "cogs": 29541000,
      "rd": null,
      "sga": 4170000,
      "fcf": -12221000,
      "ocf": -11857000,
      "capex": -364000,
      "gross_margin": 0.12030612548762694,
      "op_margin": -0.0038712367112355203,
      "fcf_margin": -0.3639260296000715,
      "incr_op_margin_yoy": 0.17573371510379385,
      "rev_growth_yoy": 0.33263224731140123,
      "rev_growth_yoy_accel": 0.10638930556783974,
      "fcf_margin_change": -0.4793549219207229
    },
    {
      "date": "2023-12-31T00:00:00",
      "quarter_label": "2023-12 (Q4)",
      "revenue": 34735000,
      "gross_profit": 4377000,
      "operating_income": -283000,
      "net_income": -1079000,
      "opex": 4660000,
      "cogs": 30358000,
      "rd": null,
      "sga": 4660000,
      "fcf": -3169000,
      "ocf": -2920000,
      "capex": -249000,
      "gross_margin": 0.12601122786814453,
      "op_margin": -0.008147401756153735,
      "fcf_margin": -0.09123362602562257,
      "incr_op_margin_yoy": -0.21640453912004778,
      "rev_growth_yoy": 0.1690562735595046,
      "rev_growth_yoy_accel": -0.16357597375189664,
      "op_leverage_ratio": 0.2924503591377291,
      "fcf_margin_change": 0.2726924035744489
    },
    {
      "date": "2024-03-31T00:00:00",
      "quarter_label": "2024-03 (Q1)",
      "revenue": 35553000,
      "gross_profit": 2884000,
      "operating_income": -1374000,
      "net_income": -2221000,
      "opex": 4258000,
      "cogs": 32669000,
      "rd": null,
      "sga": 4258000,
      "fcf": -2025000,
      "ocf": -1709000,
      "capex": -316000,
      "gross_margin": 0.08111833037999606,
      "op_margin": -0.03864652771917981,
      "fcf_margin": -0.05695721880010126,
      "incr_op_margin_yoy": -0.5489113768782582,
      "rev_growth_yoy": 0.10098476402824229,
      "rev_growth_yoy_accel": -0.0680715095312623,
      "op_leverage_ratio": Infinity,
      "fcf_margin_change": 0.03427640722552131
    },
    {
      "date": "2024-06-30T00:00:00",
      "quarter_label": "2024-06 (Q2)",
      "revenue": 35521000,
      "gross_profit": 5641000,
      "operating_income": 1273000,
      "net_income": 16000,
      "opex": 4368000,
      "cogs": 29880000,
      "rd": null,
      "sga": 4368000,
      "fcf": 5972000,
      "ocf": 6164000,
      "capex": -192000,
      "gross_margin": 0.1588074660060246,
      "op_margin": 0.0358379550125278,
      "fcf_margin": 0.16812589735649333,
      "rev_growth_yoy": -0.0026393373578548363,
      "rev_growth_yoy_accel": -0.10362410138609712,
      "fcf_margin_change": 0.2250831161565946
    },
    {
      "date": "2024-09-29T00:00:00",
      "quarter_label": "2024-09 (Q3)",
      "revenue": 35657000,
      "gross_profit": 5979000,
      "operating_income": 1729000,
      "net_income": 390000,
      "opex": 4250000,
      "cogs": 29678000,
      "rd": null,
      "sga": 4250000,
      "fcf": -4921000,
      "ocf": -4763000,
      "capex": -158000,
      "gross_margin": 0.16768096026025744,
      "op_margin": 0.048489777603275656,
      "fcf_margin": -0.13800936702470762,
      "incr_op_margin_yoy": 0.8954720616570327,
      "rev_growth_yoy": 0.061820672404038,
      "rev_growth_yoy_accel": 0.06446000976189284,
      "fcf_margin_change": -0.306135264381201
    },
    {
      "date": "2024-12-31T00:00:00",
      "quarter_label": "2024-12 (Q4)",
      "revenue": 33449000,
      "gross_profit": 5386000,
      "operating_income": 1299000,
      "net_income": 135000,
      "opex": 4087000,
      "cogs": 28063000,
      "rd": null,
      "sga": 4087000,
      "fcf": 1895000,
      "ocf": 2312000,
      "capex": -417000,
      "gross_margin": 0.16102125624084426,
      "op_margin": 0.038835241711261924,
      "fcf_margin": 0.056653412658076475,
      "incr_op_margin_yoy": -1.2301710730948678,
      "rev_growth_yoy": -0.037023175471426514,
      "rev_growth_yoy_accel": -0.09884384787546452,
      "fcf_margin_change": 0.1946627796827841
    },
    {
      "date": "2025-03-30T00:00:00",
      "quarter_label": "2025-03 (Q1)",
      "revenue": 29508000,
      "gross_profit": 3366000,
      "operating_income": -130000,
      "net_income": -899000,
      "opex": 3496000,
      "cogs": 26142000,
      "rd": null,
      "sga": 3496000,
      "fcf": -5537000,
      "ocf": -5534000,
      "capex": -3000,
      "gross_margin": 0.11407076047173648,
      "op_margin": -0.004405584926121729,
      "fcf_margin": -0.18764402873796937,
      "incr_op_margin_yoy": -0.20578990901571548,
      "rev_growth_yoy": -0.1700278457514134,
      "rev_growth_yoy_accel": -0.13300467027998686,
      "fcf_margin_change": -0.24429744139604584
    },
    {
      "date": "2025-06-29T00:00:00",
      "quarter_label": "2025-06 (Q2)",
      "revenue": 31426000,
      "gross_profit": 2584000,
      "operating_income": -1441000,
      "net_income": -2051000,
      "opex": 4025000,
      "cogs": 28842000,
      "rd": null,
      "sga": 4025000,
      "fcf": 941000,
      "ocf": 1099000,
      "capex": -158000,
      "gross_margin": 0.08222490931076179,
      "op_margin": -0.04585375167059123,
      "fcf_margin": 0.029943359002100173,
      "incr_op_margin_yoy": 0.6627594627594627,
      "rev_growth_yoy": -0.11528391655640326,
      "rev_growth_yoy_accel": 0.05474392919501013,
      "op_leverage_ratio": 0.4295607381343895,
      "fcf_margin_change": 0.21758738774006955
    },
    {
      "date": "2025-09-28T00:00:00",
      "quarter_label": "2025-09 (Q3)",
      "revenue": 28672000,
      "gross_profit": 2051000,
      "operating_income": -1738000,
      "net_income": 517000,
      "opex": 3789000,
      "cogs": 26621000,
      "rd": null,
      "sga": 3789000,
      "fcf": -390000,
      "ocf": -178000,
      "capex": -212000,
      "gross_margin": 0.071533203125,
      "op_margin": -0.06061662946428571,
      "fcf_margin": -0.013602120535714286,
      "incr_op_margin_yoy": 0.4963493199713672,
      "rev_growth_yoy": -0.19589421431976892,
      "rev_growth_yoy_accel": -0.08061029776336566,
      "fcf_margin_change": -0.04354547953781446
    }
  ],
  "signals": [
    {
      "quarter": "2025-09 (Q3)",
      "signal": "YoY REVENUE GROWTH DECELERATION",
      "detail": "YoY growth: -19.6% vs prior quarter YoY: -11.5% (decel: -8.1%)",
      "severity": "WARNING"
    },
    {
      "quarter": "2025-06 (Q2)",
      "signal": "FCF TURNED POSITIVE",
      "detail": "FCF margin: -18.8% -> +3.0%",
      "severity": "HIGH"
    },
    {
      "quarter": "2025-06 (Q2)",
      "signal": "YoY REVENUE GROWTH ACCELERATION",
      "detail": "YoY growth: -11.5% vs prior quarter YoY: -17.0% (accel: +5.5%)",
      "severity": "MEDIUM"
    },
    {
      "quarter": "2025-03 (Q1)",
      "signal": "YoY REVENUE GROWTH DECELERATION",
      "detail": "YoY growth: -17.0% vs prior quarter YoY: -3.7% (decel: -13.3%)",
      "severity": "WARNING"
    },
    {
      "quarter": "2024-12 (Q4)",
      "signal": "FCF TURNED POSITIVE",
      "detail": "FCF margin: -13.8% -> +5.7%",
      "severity": "HIGH"
    },
    {
      "quarter": "2024-12 (Q4)",
      "signal": "YoY REVENUE GROWTH DECELERATION",
      "detail": "YoY growth: -3.7% vs prior quarter YoY: +6.2% (decel: -9.9%)",
      "severity": "WARNING"
    },
    {
      "quarter": "2024-12 (Q4)",
      "signal": "OP MARGIN TURNED POSITIVE (YoY)",
      "detail": "Op margin: -0.8% (year-ago) -> +3.9%",
      "severity": "HIGH"
    },
    {
      "quarter": "2024-09 (Q3)",
      "signal": "YoY REVENUE GROWTH ACCELERATION",
      "detail": "YoY growth: +6.2% vs prior quarter YoY: -0.3% (accel: +6.4%)",
      "severity": "MEDIUM"
    },
    {
      "quarter": "2024-09 (Q3)",
      "signal": "OP MARGIN TURNED POSITIVE (YoY)",
      "detail": "Op margin: -0.4% (year-ago) -> +4.8%",
      "severity": "HIGH"
    },
    {
      "quarter": "2024-06 (Q2)",
      "signal": "FCF TURNED POSITIVE",
      "detail": "FCF margin: -5.7% -> +16.8%",
      "severity": "HIGH"
    },
    {
      "quarter": "2024-06 (Q2)",
      "signal": "GROSS MARGIN INFLECTION",
      "detail": "GM: +12.6% -> +8.1% -> +15.9% (reversal +7.8%)",
      "severity": "HIGH"
    },
    {
      "quarter": "2024-06 (Q2)",
      "signal": "YoY REVENUE GROWTH DECELERATION",
      "detail": "YoY growth: -0.3% vs prior quarter YoY: +10.1% (decel: -10.4%)",
      "severity": "WARNING"
    },
    {
      "quarter": "2024-06 (Q2)",
      "signal": "OP MARGIN TURNED POSITIVE (QoQ)",
      "detail": "Op margin: -3.9% -> +3.6%",
      "severity": "HIGH"
    },
    {
      "quarter": "2024-03 (Q1)",
      "signal": "YoY REVENUE GROWTH DECELERATION",
      "detail": "YoY growth: +10.1% vs prior quarter YoY: +16.9% (decel: -6.8%)",
      "severity": "WARNING"
    },
    {
      "quarter": "2023-12 (Q4)",
      "signal": "FCF MARGIN EXPANSION",
      "detail": "FCF margin: -36.4% -> -9.1% (+27.3%)",
      "severity": "MEDIUM"
    },
    {
      "quarter": "2023-12 (Q4)",
      "signal": "YoY REVENUE GROWTH DECELERATION",
      "detail": "YoY growth: +16.9% vs prior quarter YoY: +33.3% (decel: -16.4%)",
      "severity": "WARNING"
    },
    {
      "quarter": "2023-10 (Q4)",
      "signal": "YoY REVENUE GROWTH ACCELERATION",
      "detail": "YoY growth: +33.3% vs prior quarter YoY: +22.6% (accel: +10.6%)",
      "severity": "MEDIUM"
    },
    {
      "quarter": "2023-07 (Q3)",
      "signal": "FCF TURNED POSITIVE",
      "detail": "FCF margin: -6.0% -> +11.5%",
      "severity": "HIGH"
    },
    {
      "quarter": "2023-07 (Q3)",
      "signal": "INCREMENTAL MARGIN (YoY)",
      "detail": "YoY Incr OPM: +14.0% vs year-ago OPM: +0.1%",
      "severity": "MEDIUM"
    },
    {
      "quarter": "2023-04 (Q2)",
      "signal": "YoY REVENUE GROWTH ACCELERATION",
      "detail": "YoY growth: +23.4% vs prior quarter YoY: +15.2% (accel: +8.2%)",
      "severity": "MEDIUM"
    },
    {
      "quarter": "2022-12 (Q4)",
      "signal": "OPERATING LEVERAGE",
      "detail": "Rev growth +17.9% vs OpEx growth +6.0% (leverage: 3.0x)",
      "severity": "MEDIUM"
    },
    {
      "quarter": "2022-12 (Q4)",
      "signal": "GROSS MARGIN INFLECTION",
      "detail": "GM: +13.0% -> +7.8% -> +15.5% (reversal +7.6%)",
      "severity": "HIGH"
    },
    {
      "quarter": "2022-12 (Q4)",
      "signal": "YoY REVENUE GROWTH ACCELERATION",
      "detail": "YoY growth: +15.2% vs prior quarter YoY: -1.9% (accel: +17.0%)",
      "severity": "HIGH"
    },
    {
      "quarter": "2022-12 (Q4)",
      "signal": "OP MARGIN TURNED POSITIVE (QoQ)",
      "detail": "Op margin: -6.4% -> +2.7%",
      "severity": "HIGH"
    },
    {
      "quarter": "2022-10 (Q4)",
      "signal": "FCF MARGIN EXPANSION",
      "detail": "FCF margin: +1.1% -> +37.0% (+36.0%)",
      "severity": "MEDIUM"
    },
    {
      "quarter": "2022-10 (Q4)",
      "signal": "YoY REVENUE GROWTH DECELERATION",
      "detail": "YoY growth: -1.9% vs prior quarter YoY: +11.8% (decel: -13.7%)",
      "severity": "WARNING"
    },
    {
      "quarter": "2022-07 (Q3)",
      "signal": "FCF TURNED POSITIVE",
      "detail": "FCF margin: -15.9% -> +1.1%",
      "severity": "HIGH"
    },
    {
      "quarter": "2022-07 (Q3)",
      "signal": "YoY REVENUE GROWTH DECELERATION",
      "detail": "YoY growth: +11.8% vs prior quarter YoY: +30.9% (decel: -19.1%)",
      "severity": "WARNING"
    },
    {
      "quarter": "2022-04 (Q2)",
      "signal": "YoY REVENUE GROWTH ACCELERATION",
      "detail": "YoY growth: +30.9% vs prior quarter YoY: +25.2% (accel: +5.8%)",
      "severity": "MEDIUM"
    },
    {
      "quarter": "2022-04 (Q2)",
      "signal": "OP MARGIN TURNED POSITIVE (YoY)",
      "detail": "Op margin: -5.3% (year-ago) -> +4.3%",
      "severity": "HIGH"
    },
    {
      "quarter": "2021-12 (Q4)",
      "signal": "FCF TURNED POSITIVE",
      "detail": "FCF margin: -27.5% -> +4.2%",
      "severity": "HIGH"
    },
    {
      "quarter": "2021-12 (Q4)",
      "signal": "OP MARGIN TURNED POSITIVE (YoY)",
      "detail": "Op margin: -0.8% (year-ago) -> +4.3%",
      "severity": "HIGH"
    },
    {
      "quarter": "2021-07 (Q3)",
      "signal": "FCF TURNED POSITIVE",
      "detail": "FCF margin: -8.5% -> +35.0%",
      "severity": "HIGH"
    },
    {
      "quarter": "2021-07 (Q3)",
      "signal": "OPERATING LEVERAGE",
      "detail": "Rev growth +30.0% vs OpEx growth +18.5% (leverage: 1.6x)",
      "severity": "MEDIUM"
    },
    {
      "quarter": "2021-07 (Q3)",
      "signal": "GROSS MARGIN INFLECTION",
      "detail": "GM: +12.4% -> +9.1% -> +16.6% (reversal +7.5%)",
      "severity": "HIGH"
    },
    {
      "quarter": "2021-07 (Q3)",
      "signal": "OP MARGIN TURNED POSITIVE (QoQ)",
      "detail": "Op margin: -5.3% -> +3.4%",
      "severity": "HIGH"
    }
  ],
  "data_quality": {
    "n_quarters": 20,
    "coverage": {
      "revenue": [
        20,
        20
      ],
      "gross_profit": [
        20,
        20
      ],
      "op_income": [
        20,
        20
      ],
      "fcf": [
        20,
        20
      ]
    },
    "gaps": [],
    "warnings": []
  },
  "market_cap": null,
  "source": "SEC EDGAR",
  "last_updated": "2026-02-02T23:29:08.620090"
}