{
  "ticker": "TACT",
  "name": "TRANSACT TECHNOLOGIES INC",
  "quarters": [
    {
      "date": "2020-12-31T00:00:00",
      "quarter_label": "2020-12 (Q4)",
      "revenue": 7763000,
      "gross_profit": 2372000,
      "operating_income": -2661000,
      "net_income": -1918000,
      "opex": 5033000,
      "cogs": 5391000,
      "rd": 1506000,
      "sga": null,
      "fcf": 612000,
      "ocf": 722000,
      "capex": -110000,
      "gross_margin": 0.30555197732835243,
      "op_margin": -0.34277985314955556,
      "fcf_margin": 0.07883550173901842
    },
    {
      "date": "2021-03-31T00:00:00",
      "quarter_label": "2021-03 (Q1)",
      "revenue": 8301000,
      "gross_profit": 3189000,
      "operating_income": -2666000,
      "net_income": -2206000,
      "opex": 5855000,
      "cogs": 5112000,
      "rd": 1803000,
      "sga": null,
      "fcf": -3162000,
      "ocf": -3094000,
      "capex": -68000,
      "gross_margin": 0.3841705818576075,
      "op_margin": -0.3211661245633056,
      "fcf_margin": -0.3809179616913625,
      "op_leverage_ratio": 0.4243339717726454,
      "fcf_margin_change": -0.4597534634303809
    },
    {
      "date": "2021-06-30T00:00:00",
      "quarter_label": "2021-06 (Q2)",
      "revenue": 9325000,
      "gross_profit": 3325000,
      "operating_income": -2755000,
      "net_income": -2114000,
      "opex": 6080000,
      "cogs": 6000000,
      "rd": 1804000,
      "sga": null,
      "fcf": -916000,
      "ocf": -825000,
      "capex": -91000,
      "gross_margin": 0.35656836461126007,
      "op_margin": -0.29544235924932977,
      "fcf_margin": -0.09823056300268096,
      "op_leverage_ratio": 3.210065721666733,
      "fcf_margin_change": 0.28268739868868153
    },
    {
      "date": "2021-09-30T00:00:00",
      "quarter_label": "2021-09 (Q3)",
      "revenue": 10637000,
      "gross_profit": 4317000,
      "operating_income": -1604000,
      "net_income": 910000,
      "opex": 5921000,
      "cogs": 6320000,
      "rd": 1876000,
      "sga": null,
      "fcf": -665000,
      "ocf": -20000,
      "capex": -645000,
      "gross_margin": 0.4058475133966344,
      "op_margin": -0.1507943969164238,
      "fcf_margin": -0.06251762715051236,
      "op_leverage_ratio": Infinity,
      "fcf_margin_change": 0.0357129358521686
    },
    {
      "date": "2021-12-31T00:00:00",
      "quarter_label": "2021-12 (Q4)",
      "revenue": 11123000,
      "gross_profit": 4418000,
      "operating_income": -2597000,
      "net_income": -735000,
      "opex": 6903000,
      "cogs": 6817000,
      "rd": 1992000,
      "sga": null,
      "fcf": 849000,
      "ocf": 1429000,
      "capex": -580000,
      "gross_margin": 0.39719500134855706,
      "op_margin": -0.23348017621145375,
      "fcf_margin": 0.07632832868830351,
      "incr_op_margin_yoy": 0.01904761904761905,
      "rev_growth_yoy": 0.4328223624887286,
      "op_leverage_ratio": 0.27548672954393716,
      "fcf_margin_change": 0.13884595583881587
    },
    {
      "date": "2022-03-31T00:00:00",
      "quarter_label": "2022-03 (Q1)",
      "revenue": 9702000,
      "gross_profit": 2994000,
      "operating_income": -5176000,
      "net_income": -4013000,
      "opex": 8170000,
      "cogs": 6708000,
      "rd": 2283000,
      "sga": null,
      "fcf": -7315000,
      "ocf": -6819000,
      "capex": -496000,
      "gross_margin": 0.3085961657390229,
      "op_margin": -0.533498247783962,
      "fcf_margin": -0.753968253968254,
      "incr_op_margin_yoy": -1.7915774446823698,
      "rev_growth_yoy": 0.16877484640404772,
      "rev_growth_yoy_accel": -0.26404751608468086,
      "fcf_margin_change": -0.8302965826565575
    },
    {
      "date": "2022-06-30T00:00:00",
      "quarter_label": "2022-06 (Q2)",
      "revenue": 12623000,
      "gross_profit": 5434000,
      "operating_income": -2954000,
      "net_income": -2376000,
      "opex": 8388000,
      "cogs": 7189000,
      "rd": 2172000,
      "sga": null,
      "fcf": -8017000,
      "ocf": -7769000,
      "capex": -248000,
      "gross_margin": 0.43048403707518024,
      "op_margin": -0.23401727006258416,
      "fcf_margin": -0.6351105125564446,
      "incr_op_margin_yoy": -0.060339599757428745,
      "rev_growth_yoy": 0.35367292225201075,
      "rev_growth_yoy_accel": 0.18489807584796303,
      "op_leverage_ratio": 11.283292577525865,
      "fcf_margin_change": 0.11885774141180938
    },
    {
      "date": "2022-09-30T00:00:00",
      "quarter_label": "2022-09 (Q3)",
      "revenue": 17856000,
      "gross_profit": 8193000,
      "operating_income": 387000,
      "net_income": 528000,
      "opex": 7806000,
      "cogs": 9663000,
      "rd": 1985000,
      "sga": null,
      "fcf": 163000,
      "ocf": 374000,
      "capex": -211000,
      "gross_margin": 0.45883736559139787,
      "op_margin": 0.021673387096774195,
      "fcf_margin": 0.00912858422939068,
      "incr_op_margin_yoy": 0.27579997229533176,
      "rev_growth_yoy": 0.6786687975933063,
      "rev_growth_yoy_accel": 0.3249958753412956,
      "op_leverage_ratio": Infinity,
      "fcf_margin_change": 0.6442390967858352
    },
    {
      "date": "2022-12-31T00:00:00",
      "quarter_label": "2022-12 (Q4)",
      "revenue": 17958000,
      "gross_profit": 8219000,
      "operating_income": 494000,
      "net_income": 260000,
      "opex": 7725000,
      "cogs": 9739000,
      "rd": 2130000,
      "sga": null,
      "fcf": 1650000,
      "ocf": 1994000,
      "capex": -344000,
      "gross_margin": 0.457679028845083,
      "op_margin": 0.02750863125069607,
      "fcf_margin": 0.09188105579685933,
      "incr_op_margin_yoy": 0.4522311631309437,
      "rev_growth_yoy": 0.6144924930324552,
      "rev_growth_yoy_accel": -0.0641763045608511,
      "fcf_margin_change": 0.08275247156746865
    },
    {
      "date": "2023-03-31T00:00:00",
      "quarter_label": "2023-03 (Q1)",
      "revenue": 22270000,
      "gross_profit": 12255000,
      "operating_income": 3813000,
      "net_income": 3139000,
      "opex": 8442000,
      "cogs": 10015000,
      "rd": 2269000,
      "sga": null,
      "fcf": -1135000,
      "ocf": -757000,
      "capex": -378000,
      "gross_margin": 0.5502918724741805,
      "op_margin": 0.1712168837000449,
      "fcf_margin": -0.050965424337674,
      "incr_op_margin_yoy": 0.7152291534054742,
      "rev_growth_yoy": 1.295403009688724,
      "rev_growth_yoy_accel": 0.6809105166562687,
      "op_leverage_ratio": 2.587021972701529,
      "fcf_margin_change": -0.14284648013453333
    },
    {
      "date": "2023-06-30T00:00:00",
      "quarter_label": "2023-06 (Q2)",
      "revenue": 19906000,
      "gross_profit": 10858000,
      "operating_income": 1224000,
      "net_income": 765000,
      "opex": 9634000,
      "cogs": 9048000,
      "rd": 2505000,
      "sga": null,
      "fcf": 4136000,
      "ocf": 4447000,
      "capex": -311000,
      "gross_margin": 0.5454636792926756,
      "op_margin": 0.06148899829197227,
      "fcf_margin": 0.20777654978398472,
      "incr_op_margin_yoy": 0.5736646986132088,
      "rev_growth_yoy": 0.5769626871583617,
      "rev_growth_yoy_accel": -0.7184403225303622,
      "fcf_margin_change": 0.2587419741216587
    },
    {
      "date": "2023-09-30T00:00:00",
      "quarter_label": "2023-09 (Q3)",
      "revenue": 17190000,
      "gross_profit": 8916000,
      "operating_income": 1191000,
      "net_income": 906000,
      "opex": 7725000,
      "cogs": 8274000,
      "rd": 2509000,
      "sga": null,
      "fcf": 802000,
      "ocf": 901000,
      "capex": -99000,
      "gross_margin": 0.518673647469459,
      "op_margin": 0.06928446771378709,
      "fcf_margin": 0.04665503199534613,
      "rev_growth_yoy": -0.037298387096774195,
      "rev_growth_yoy_accel": -0.614261074255136,
      "fcf_margin_change": -0.1611215177886386
    },
    {
      "date": "2023-12-31T00:00:00",
      "quarter_label": "2023-12 (Q4)",
      "revenue": 13265000,
      "gross_profit": 6371000,
      "operating_income": -522000,
      "net_income": -62000,
      "opex": 6893000,
      "cogs": 6894000,
      "rd": 2159000,
      "sga": null,
      "fcf": 803000,
      "ocf": 916000,
      "capex": -113000,
      "gross_margin": 0.48028646814926496,
      "op_margin": -0.0393516773464003,
      "fcf_margin": 0.0605352431209951,
      "incr_op_margin_yoy": 0.21649264862561263,
      "rev_growth_yoy": -0.2613319968816126,
      "rev_growth_yoy_accel": -0.22403360978483844,
      "fcf_margin_change": 0.013880211125648967
    },
    {
      "date": "2024-03-31T00:00:00",
      "quarter_label": "2024-03 (Q1)",
      "revenue": 10687000,
      "gross_profit": 5624000,
      "operating_income": -1301000,
      "net_income": -1036000,
      "opex": 6925000,
      "cogs": 5063000,
      "rd": 1966000,
      "sga": null,
      "fcf": -1596000,
      "ocf": -1490000,
      "capex": -106000,
      "gross_margin": 0.5262468419575185,
      "op_margin": -0.12173668943576307,
      "fcf_margin": -0.14934032001497147,
      "incr_op_margin_yoy": 0.4415091081757748,
      "rev_growth_yoy": -0.5201167489896722,
      "rev_growth_yoy_accel": -0.25878475210805957,
      "fcf_margin_change": -0.20987556313596656
    },
    {
      "date": "2024-06-30T00:00:00",
      "quarter_label": "2024-06 (Q2)",
      "revenue": 11599000,
      "gross_profit": 6110000,
      "operating_income": -438000,
      "net_income": -319000,
      "opex": 6548000,
      "cogs": 5489000,
      "rd": 1799000,
      "sga": null,
      "fcf": 499000,
      "ocf": 636000,
      "capex": -137000,
      "gross_margin": 0.5267695490990603,
      "op_margin": -0.03776187602379515,
      "fcf_margin": 0.04302095008190361,
      "incr_op_margin_yoy": 0.20007222824124232,
      "rev_growth_yoy": -0.41731136340801767,
      "rev_growth_yoy_accel": 0.10280538558165453,
      "op_leverage_ratio": Infinity,
      "fcf_margin_change": 0.1923612700968751
    },
    {
      "date": "2024-09-30T00:00:00",
      "quarter_label": "2024-09 (Q3)",
      "revenue": 10867000,
      "gross_profit": 5227000,
      "operating_income": -837000,
      "net_income": -551000,
      "opex": 6064000,
      "cogs": 5640000,
      "rd": 1640000,
      "sga": null,
      "fcf": 259000,
      "ocf": 327000,
      "capex": -68000,
      "gross_margin": 0.4809975154136376,
      "op_margin": -0.07702217723382718,
      "fcf_margin": 0.023833624735437563,
      "incr_op_margin_yoy": 0.32073382887869684,
      "rev_growth_yoy": -0.3678301337987202,
      "rev_growth_yoy_accel": 0.04948122960929746,
      "fcf_margin_change": -0.01918732534646605
    },
    {
      "date": "2024-12-31T00:00:00",
      "quarter_label": "2024-12 (Q4)",
      "revenue": 10231000,
      "gross_profit": 4521000,
      "operating_income": -1050000,
      "net_income": -7957000,
      "opex": 5571000,
      "cogs": 5710000,
      "rd": 1572000,
      "sga": null,
      "fcf": 2377000,
      "ocf": 2388000,
      "capex": -11000,
      "gross_margin": 0.44189228814387643,
      "op_margin": -0.10262926400156387,
      "fcf_margin": 0.23233310526830223,
      "incr_op_margin_yoy": 0.17402768622280818,
      "rev_growth_yoy": -0.22872220128156803,
      "rev_growth_yoy_accel": 0.13910793251715217,
      "fcf_margin_change": 0.20849948053286466
    },
    {
      "date": "2025-03-31T00:00:00",
      "quarter_label": "2025-03 (Q1)",
      "revenue": 13053000,
      "gross_profit": 6359000,
      "operating_income": -15000,
      "net_income": 19000,
      "opex": 6374000,
      "cogs": 6694000,
      "rd": 1635000,
      "sga": null,
      "fcf": -171000,
      "ocf": -161000,
      "capex": -10000,
      "gross_margin": 0.48716770091166783,
      "op_margin": -0.0011491611123879567,
      "fcf_margin": -0.013100436681222707,
      "incr_op_margin_yoy": 0.5435333896872359,
      "rev_growth_yoy": 0.22139047440815945,
      "rev_growth_yoy_accel": 0.45011267568972746,
      "op_leverage_ratio": 1.9136236863691565,
      "fcf_margin_change": -0.24543354194952494
    },
    {
      "date": "2025-06-30T00:00:00",
      "quarter_label": "2025-06 (Q2)",
      "revenue": 13798000,
      "gross_profit": 6652000,
      "operating_income": -258000,
      "net_income": -143000,
      "opex": 6910000,
      "cogs": 7146000,
      "rd": 1725000,
      "sga": null,
      "fcf": 3576000,
      "ocf": 3595000,
      "capex": -19000,
      "gross_margin": 0.48209885490650817,
      "op_margin": -0.01869836208146108,
      "fcf_margin": 0.25916799536164664,
      "incr_op_margin_yoy": 0.08185538881309687,
      "rev_growth_yoy": 0.18958530907836882,
      "rev_growth_yoy_accel": -0.031805165329790636,
      "op_leverage_ratio": 0.6787239966565701,
      "fcf_margin_change": 0.2722684320428693
    },
    {
      "date": "2025-09-30T00:00:00",
      "quarter_label": "2025-09 (Q3)",
      "revenue": 13176000,
      "gross_profit": 6556000,
      "operating_income": 14000,
      "net_income": 15000,
      "opex": 6542000,
      "cogs": 6620000,
      "rd": 1656000,
      "sga": null,
      "fcf": 3570000,
      "ocf": 3630000,
      "capex": -60000,
      "gross_margin": 0.49757134183363694,
      "op_margin": 0.0010625379477838493,
      "fcf_margin": 0.2709471766848816,
      "incr_op_margin_yoy": 0.36855781723689907,
      "rev_growth_yoy": 0.21247814484218275,
      "rev_growth_yoy_accel": 0.02289283576381393,
      "fcf_margin_change": 0.011779181323234966
    }
  ],
  "signals": [
    {
      "quarter": "2025-09 (Q3)",
      "signal": "OP MARGIN TURNED POSITIVE (YoY)",
      "detail": "Op margin: -7.7% (year-ago) -> +0.1%",
      "severity": "HIGH"
    },
    {
      "quarter": "2025-09 (Q3)",
      "signal": "OP MARGIN TURNED POSITIVE (QoQ)",
      "detail": "Op margin: -1.9% -> +0.1%",
      "severity": "HIGH"
    },
    {
      "quarter": "2025-06 (Q2)",
      "signal": "FCF TURNED POSITIVE",
      "detail": "FCF margin: -1.3% -> +25.9%",
      "severity": "HIGH"
    },
    {
      "quarter": "2025-03 (Q1)",
      "signal": "OPERATING LEVERAGE",
      "detail": "Rev growth +27.6% vs OpEx growth +14.4% (leverage: 1.9x)",
      "severity": "MEDIUM"
    },
    {
      "quarter": "2025-03 (Q1)",
      "signal": "GROSS MARGIN INFLECTION",
      "detail": "GM: +48.1% -> +44.2% -> +48.7% (reversal +4.5%)",
      "severity": "MEDIUM"
    },
    {
      "quarter": "2025-03 (Q1)",
      "signal": "YoY REVENUE GROWTH ACCELERATION",
      "detail": "YoY growth: +22.1% vs prior quarter YoY: -22.9% (accel: +45.0%)",
      "severity": "HIGH"
    },
    {
      "quarter": "2024-12 (Q4)",
      "signal": "FCF MARGIN EXPANSION",
      "detail": "FCF margin: +2.4% -> +23.2% (+20.8%)",
      "severity": "MEDIUM"
    },
    {
      "quarter": "2024-12 (Q4)",
      "signal": "YoY REVENUE GROWTH ACCELERATION",
      "detail": "YoY growth: -22.9% vs prior quarter YoY: -36.8% (accel: +13.9%)",
      "severity": "MEDIUM"
    },
    {
      "quarter": "2024-06 (Q2)",
      "signal": "FCF TURNED POSITIVE",
      "detail": "FCF margin: -14.9% -> +4.3%",
      "severity": "HIGH"
    },
    {
      "quarter": "2024-06 (Q2)",
      "signal": "YoY REVENUE GROWTH ACCELERATION",
      "detail": "YoY growth: -41.7% vs prior quarter YoY: -52.0% (accel: +10.3%)",
      "severity": "MEDIUM"
    },
    {
      "quarter": "2024-03 (Q1)",
      "signal": "GROSS MARGIN INFLECTION",
      "detail": "GM: +51.9% -> +48.0% -> +52.6% (reversal +4.6%)",
      "severity": "MEDIUM"
    },
    {
      "quarter": "2024-03 (Q1)",
      "signal": "YoY REVENUE GROWTH DECELERATION",
      "detail": "YoY growth: -52.0% vs prior quarter YoY: -26.1% (decel: -25.9%)",
      "severity": "WARNING"
    },
    {
      "quarter": "2023-12 (Q4)",
      "signal": "YoY REVENUE GROWTH DECELERATION",
      "detail": "YoY growth: -26.1% vs prior quarter YoY: -3.7% (decel: -22.4%)",
      "severity": "WARNING"
    },
    {
      "quarter": "2023-09 (Q3)",
      "signal": "YoY REVENUE GROWTH DECELERATION",
      "detail": "YoY growth: -3.7% vs prior quarter YoY: +57.7% (decel: -61.4%)",
      "severity": "WARNING"
    },
    {
      "quarter": "2023-06 (Q2)",
      "signal": "FCF TURNED POSITIVE",
      "detail": "FCF margin: -5.1% -> +20.8%",
      "severity": "HIGH"
    },
    {
      "quarter": "2023-06 (Q2)",
      "signal": "YoY REVENUE GROWTH DECELERATION",
      "detail": "YoY growth: +57.7% vs prior quarter YoY: +129.5% (decel: -71.8%)",
      "severity": "WARNING"
    },
    {
      "quarter": "2023-06 (Q2)",
      "signal": "OP MARGIN TURNED POSITIVE (YoY)",
      "detail": "Op margin: -23.4% (year-ago) -> +6.1%",
      "severity": "HIGH"
    },
    {
      "quarter": "2023-03 (Q1)",
      "signal": "OPERATING LEVERAGE",
      "detail": "Rev growth +24.0% vs OpEx growth +9.3% (leverage: 2.6x)",
      "severity": "MEDIUM"
    },
    {
      "quarter": "2023-03 (Q1)",
      "signal": "GROSS MARGIN INFLECTION",
      "detail": "GM: +45.9% -> +45.8% -> +55.0% (reversal +9.3%)",
      "severity": "HIGH"
    },
    {
      "quarter": "2023-03 (Q1)",
      "signal": "YoY REVENUE GROWTH ACCELERATION",
      "detail": "YoY growth: +129.5% vs prior quarter YoY: +61.4% (accel: +68.1%)",
      "severity": "HIGH"
    },
    {
      "quarter": "2023-03 (Q1)",
      "signal": "OP MARGIN TURNED POSITIVE (YoY)",
      "detail": "Op margin: -53.3% (year-ago) -> +17.1%",
      "severity": "HIGH"
    },
    {
      "quarter": "2022-12 (Q4)",
      "signal": "FCF MARGIN EXPANSION",
      "detail": "FCF margin: +0.9% -> +9.2% (+8.3%)",
      "severity": "MEDIUM"
    },
    {
      "quarter": "2022-12 (Q4)",
      "signal": "YoY REVENUE GROWTH DECELERATION",
      "detail": "YoY growth: +61.4% vs prior quarter YoY: +67.9% (decel: -6.4%)",
      "severity": "WARNING"
    },
    {
      "quarter": "2022-12 (Q4)",
      "signal": "OP MARGIN TURNED POSITIVE (YoY)",
      "detail": "Op margin: -23.3% (year-ago) -> +2.8%",
      "severity": "HIGH"
    },
    {
      "quarter": "2022-09 (Q3)",
      "signal": "FCF TURNED POSITIVE",
      "detail": "FCF margin: -63.5% -> +0.9%",
      "severity": "HIGH"
    },
    {
      "quarter": "2022-09 (Q3)",
      "signal": "YoY REVENUE GROWTH ACCELERATION",
      "detail": "YoY growth: +67.9% vs prior quarter YoY: +35.4% (accel: +32.5%)",
      "severity": "HIGH"
    },
    {
      "quarter": "2022-09 (Q3)",
      "signal": "OP MARGIN TURNED POSITIVE (YoY)",
      "detail": "Op margin: -15.1% (year-ago) -> +2.2%",
      "severity": "HIGH"
    },
    {
      "quarter": "2022-09 (Q3)",
      "signal": "OP MARGIN TURNED POSITIVE (QoQ)",
      "detail": "Op margin: -23.4% -> +2.2%",
      "severity": "HIGH"
    },
    {
      "quarter": "2022-06 (Q2)",
      "signal": "FCF MARGIN EXPANSION",
      "detail": "FCF margin: -75.4% -> -63.5% (+11.9%)",
      "severity": "MEDIUM"
    },
    {
      "quarter": "2022-06 (Q2)",
      "signal": "OPERATING LEVERAGE",
      "detail": "Rev growth +30.1% vs OpEx growth +2.7% (leverage: 11.3x)",
      "severity": "MEDIUM"
    },
    {
      "quarter": "2022-06 (Q2)",
      "signal": "GROSS MARGIN INFLECTION",
      "detail": "GM: +39.7% -> +30.9% -> +43.0% (reversal +12.2%)",
      "severity": "HIGH"
    },
    {
      "quarter": "2022-06 (Q2)",
      "signal": "YoY REVENUE GROWTH ACCELERATION",
      "detail": "YoY growth: +35.4% vs prior quarter YoY: +16.9% (accel: +18.5%)",
      "severity": "HIGH"
    },
    {
      "quarter": "2022-03 (Q1)",
      "signal": "YoY REVENUE GROWTH DECELERATION",
      "detail": "YoY growth: +16.9% vs prior quarter YoY: +43.3% (decel: -26.4%)",
      "severity": "WARNING"
    },
    {
      "quarter": "2021-12 (Q4)",
      "signal": "FCF TURNED POSITIVE",
      "detail": "FCF margin: -6.3% -> +7.6%",
      "severity": "HIGH"
    },
    {
      "quarter": "2021-09 (Q3)",
      "signal": "GROSS MARGIN INFLECTION",
      "detail": "GM: +38.4% -> +35.7% -> +40.6% (reversal +4.9%)",
      "severity": "MEDIUM"
    },
    {
      "quarter": "2021-06 (Q2)",
      "signal": "FCF MARGIN EXPANSION",
      "detail": "FCF margin: -38.1% -> -9.8% (+28.3%)",
      "severity": "MEDIUM"
    },
    {
      "quarter": "2021-06 (Q2)",
      "signal": "OPERATING LEVERAGE",
      "detail": "Rev growth +12.3% vs OpEx growth +3.8% (leverage: 3.2x)",
      "severity": "MEDIUM"
    }
  ],
  "data_quality": {
    "n_quarters": 20,
    "coverage": {
      "revenue": [
        20,
        20
      ],
      "gross_profit": [
        20,
        20
      ],
      "op_income": [
        20,
        20
      ],
      "fcf": [
        20,
        20
      ]
    },
    "gaps": [],
    "warnings": []
  },
  "market_cap": null,
  "source": "SEC EDGAR",
  "last_updated": "2026-02-02T23:46:41.638523"
}