{
  "ticker": "TALKW",
  "name": "Talkspace, Inc.",
  "quarters": [
    {
      "date": "2020-12-31T00:00:00",
      "quarter_label": "2020-12 (Q4)",
      "revenue": 25688000,
      "gross_profit": 16729000,
      "operating_income": -32954000,
      "net_income": -11132000,
      "opex": 27739000,
      "cogs": 8959000,
      "rd": 2256000,
      "sga": null,
      "fcf": -8595000,
      "ocf": -8512000,
      "capex": -83000,
      "gross_margin": 0.6512379321083774,
      "op_margin": -1.2828558081594519,
      "fcf_margin": -0.3345920274057926
    },
    {
      "date": "2021-03-31T00:00:00",
      "quarter_label": "2021-03 (Q1)",
      "revenue": 27157000,
      "gross_profit": 17343000,
      "operating_income": -728422,
      "net_income": 10361129,
      "opex": 29900000,
      "cogs": 9814000,
      "rd": 2964000,
      "sga": null,
      "fcf": -4198000,
      "ocf": -3879000,
      "capex": -319000,
      "gross_margin": 0.638619877011452,
      "op_margin": -0.026822624001178335,
      "fcf_margin": -0.1545826122178444,
      "op_leverage_ratio": 0.7340532011158426,
      "fcf_margin_change": 0.1800094151879482
    },
    {
      "date": "2021-06-30T00:00:00",
      "quarter_label": "2021-06 (Q2)",
      "revenue": 30983000,
      "gross_profit": 19286000,
      "operating_income": -27561000,
      "net_income": -30441000,
      "opex": 46847000,
      "cogs": 11697000,
      "rd": 4781000,
      "sga": null,
      "fcf": -14038000,
      "ocf": -13908000,
      "capex": -130000,
      "gross_margin": 0.6224703869864119,
      "op_margin": -0.8895523351515348,
      "fcf_margin": -0.45308717683891164,
      "op_leverage_ratio": 0.24856589051050745,
      "fcf_margin_change": -0.2985045646210672
    },
    {
      "date": "2021-09-30T00:00:00",
      "quarter_label": "2021-09 (Q3)",
      "revenue": 26359000,
      "gross_profit": 14172000,
      "operating_income": 25227000,
      "net_income": 1505000,
      "opex": 39399000,
      "cogs": 12187000,
      "rd": 4278000,
      "sga": null,
      "fcf": -23495000,
      "ocf": -23322000,
      "capex": -173000,
      "gross_margin": 0.5376531734891309,
      "op_margin": 0.9570545164839334,
      "fcf_margin": -0.8913464091961,
      "fcf_margin_change": -0.43825923235718833
    },
    {
      "date": "2021-12-31T00:00:00",
      "quarter_label": "2021-12 (Q4)",
      "revenue": 29172000,
      "gross_profit": 15971000,
      "operating_income": -159268000,
      "net_income": -21068000,
      "opex": 44549000,
      "cogs": 13201000,
      "rd": 3896000,
      "sga": null,
      "fcf": -24643000,
      "ocf": -24602000,
      "capex": -41000,
      "gross_margin": 0.5474770327711505,
      "op_margin": -5.459618812559989,
      "fcf_margin": -0.8447483888660359,
      "incr_op_margin_yoy": -36.25545350172216,
      "rev_growth_yoy": 0.13562753036437247,
      "op_leverage_ratio": 0.8164296566784911,
      "fcf_margin_change": 0.046598020330064105
    },
    {
      "date": "2022-03-31T00:00:00",
      "quarter_label": "2022-03 (Q1)",
      "revenue": 30150000,
      "gross_profit": 15021000,
      "operating_income": -21208000,
      "net_income": -20360000,
      "opex": 36229000,
      "cogs": 15129000,
      "rd": 5035000,
      "sga": null,
      "fcf": -15234000,
      "ocf": -15146000,
      "capex": -88000,
      "gross_margin": 0.4982089552238806,
      "op_margin": -0.7034162520729685,
      "fcf_margin": -0.505273631840796,
      "incr_op_margin_yoy": -6.8424918142332105,
      "rev_growth_yoy": 0.11021099532348934,
      "rev_growth_yoy_accel": -0.025416535040883134,
      "op_leverage_ratio": Infinity,
      "fcf_margin_change": 0.3394747570252399
    },
    {
      "date": "2022-06-30T00:00:00",
      "quarter_label": "2022-06 (Q2)",
      "revenue": 29844000,
      "gross_profit": 14547000,
      "operating_income": -21068000,
      "net_income": -23022000,
      "opex": 35615000,
      "cogs": 15297000,
      "rd": 5576000,
      "sga": null,
      "fcf": -18037000,
      "ocf": -17965000,
      "capex": -72000,
      "gross_margin": 0.4874346602332127,
      "op_margin": -0.7059375418844659,
      "fcf_margin": -0.6043760889961132,
      "incr_op_margin_yoy": -5.700614574187884,
      "rev_growth_yoy": -0.036762095342607236,
      "rev_growth_yoy_accel": -0.14697309066609657,
      "fcf_margin_change": -0.09910245715531718
    },
    {
      "date": "2022-09-30T00:00:00",
      "quarter_label": "2022-09 (Q3)",
      "revenue": 29332000,
      "gross_profit": 14595000,
      "operating_income": 19851000,
      "net_income": -17983000,
      "opex": 34446000,
      "cogs": 14737000,
      "rd": 6182000,
      "sga": null,
      "fcf": -13839000,
      "ocf": -13745000,
      "capex": -94000,
      "gross_margin": 0.4975794354288831,
      "op_margin": 0.6767693986090276,
      "fcf_margin": -0.47180553661530067,
      "incr_op_margin_yoy": -1.8082744702320888,
      "rev_growth_yoy": 0.11278880078910429,
      "rev_growth_yoy_accel": 0.14955089613171152,
      "fcf_margin_change": 0.1325705523808125
    },
    {
      "date": "2022-12-31T00:00:00",
      "quarter_label": "2022-12 (Q4)",
      "revenue": 30241000,
      "gross_profit": 16175000,
      "operating_income": -145285000,
      "net_income": -18307000,
      "opex": 37206000,
      "cogs": 14066000,
      "rd": 4866000,
      "sga": null,
      "fcf": -14317000,
      "ocf": -14221000,
      "capex": -96000,
      "gross_margin": 0.5348698786415793,
      "op_margin": -4.80423927780166,
      "fcf_margin": -0.4734301114381138,
      "incr_op_margin_yoy": 13.08044901777362,
      "rev_growth_yoy": 0.03664472782119841,
      "rev_growth_yoy_accel": -0.07614407296790587,
      "op_leverage_ratio": 0.386769235558138,
      "fcf_margin_change": -0.0016245748228131407
    },
    {
      "date": "2023-03-31T00:00:00",
      "quarter_label": "2023-03 (Q1)",
      "revenue": 33336000,
      "gross_profit": 16748000,
      "operating_income": 9039000,
      "net_income": -8758000,
      "opex": 25787000,
      "cogs": 16588000,
      "rd": 5353000,
      "sga": null,
      "fcf": -14046000,
      "ocf": -14037000,
      "capex": -9000,
      "gross_margin": 0.5023998080153588,
      "op_margin": 0.2711483081353492,
      "fcf_margin": -0.4213462922966163,
      "incr_op_margin_yoy": 9.493722536095417,
      "rev_growth_yoy": 0.10567164179104478,
      "rev_growth_yoy_accel": 0.06902691396984637,
      "op_leverage_ratio": Infinity,
      "fcf_margin_change": 0.05208381914149751
    },
    {
      "date": "2023-06-30T00:00:00",
      "quarter_label": "2023-06 (Q2)",
      "revenue": 35645000,
      "gross_profit": 17812000,
      "operating_income": 6408000,
      "net_income": -4704000,
      "opex": 24220000,
      "cogs": 17833000,
      "rd": 4171000,
      "sga": null,
      "fcf": 288000,
      "ocf": 289000,
      "capex": -1000,
      "gross_margin": 0.4997054285313508,
      "op_margin": 0.17977275915275634,
      "fcf_margin": 0.008079674568663207,
      "incr_op_margin_yoy": 4.736424754352698,
      "rev_growth_yoy": 0.19437742929902158,
      "rev_growth_yoy_accel": 0.0887057875079768,
      "op_leverage_ratio": Infinity,
      "fcf_margin_change": 0.4294259668652795
    },
    {
      "date": "2023-09-30T00:00:00",
      "quarter_label": "2023-09 (Q3)",
      "revenue": 38646000,
      "gross_profit": 18849000,
      "operating_income": 5179000,
      "net_income": -4414000,
      "opex": 24028000,
      "cogs": 19797000,
      "rd": 4180000,
      "sga": null,
      "fcf": -1125000,
      "ocf": -1115000,
      "capex": -10000,
      "gross_margin": 0.48773482378512656,
      "op_margin": 0.13401128189204575,
      "fcf_margin": -0.029110386585933862,
      "incr_op_margin_yoy": -1.5752630448786773,
      "rev_growth_yoy": 0.31753716078003547,
      "rev_growth_yoy_accel": 0.12315973148101389,
      "op_leverage_ratio": Infinity,
      "fcf_margin_change": -0.03719006115459707
    },
    {
      "date": "2023-12-31T00:00:00",
      "quarter_label": "2023-12 (Q4)",
      "revenue": -82327000,
      "gross_profit": 20971000,
      "operating_income": -43835000,
      "net_income": -1306000,
      "opex": 23554000,
      "cogs": 21447000,
      "rd": 3867000,
      "sga": null,
      "fcf": -1661000,
      "ocf": -1530000,
      "capex": -131000,
      "gross_margin": -0.2547280964932525,
      "op_margin": 0.5324498645644806,
      "fcf_margin": 0.020175641041213697,
      "incr_op_margin_yoy": -0.9012330324781466,
      "rev_growth_yoy": -3.7223636784497867,
      "rev_growth_yoy_accel": -4.039900839229822,
      "fcf_margin_change": 0.04928602762714756
    },
    {
      "date": "2024-03-31T00:00:00",
      "quarter_label": "2024-03 (Q1)",
      "revenue": 45416000,
      "gross_profit": 21731000,
      "operating_income": 1679000,
      "net_income": -1466000,
      "opex": 23410000,
      "cogs": 23685000,
      "rd": 3739000,
      "sga": null,
      "fcf": -3776000,
      "ocf": -3391000,
      "capex": -385000,
      "gross_margin": 0.47848775761846046,
      "op_margin": 0.03696935000880747,
      "fcf_margin": -0.0831425048441078,
      "incr_op_margin_yoy": -0.609271523178808,
      "rev_growth_yoy": 0.36237101031917446,
      "rev_growth_yoy_accel": 4.084734688768961,
      "fcf_margin_change": -0.1033181458853215
    },
    {
      "date": "2024-06-30T00:00:00",
      "quarter_label": "2024-06 (Q2)",
      "revenue": 46058000,
      "gross_profit": 20951000,
      "operating_income": -3486000,
      "net_income": -474000,
      "opex": 24437000,
      "cogs": 25107000,
      "rd": 2163000,
      "sga": null,
      "fcf": 5154000,
      "ocf": 4809000,
      "capex": 345000,
      "gross_margin": 0.45488297364192976,
      "op_margin": -0.07568717703764818,
      "fcf_margin": 0.1119023839506709,
      "incr_op_margin_yoy": -0.9501584557764333,
      "rev_growth_yoy": 0.29213073362322906,
      "rev_growth_yoy_accel": -0.0702402766959454,
      "op_leverage_ratio": 0.32222343047391044,
      "fcf_margin_change": 0.19504488879477871
    },
    {
      "date": "2024-09-30T00:00:00",
      "quarter_label": "2024-09 (Q3)",
      "revenue": 47399000,
      "gross_profit": 21621000,
      "operating_income": 99000,
      "net_income": 1874000,
      "opex": 21522000,
      "cogs": 25778000,
      "rd": 2352000,
      "sga": null,
      "fcf": 6205000,
      "ocf": 6205000,
      "capex": null,
      "gross_margin": 0.4561488639000823,
      "op_margin": 0.002088651659317707,
      "fcf_margin": 0.13090993480875124,
      "incr_op_margin_yoy": -0.5803724437335771,
      "rev_growth_yoy": 0.22649174558815918,
      "rev_growth_yoy_accel": -0.06563898803506987,
      "op_leverage_ratio": Infinity,
      "fcf_margin_change": 0.01900755085808034
    },
    {
      "date": "2024-12-31T00:00:00",
      "quarter_label": "2024-12 (Q4)",
      "revenue": -111273000,
      "gross_profit": 21533000,
      "operating_income": 569000,
      "net_income": 1214000,
      "opex": 20964000,
      "cogs": 27187000,
      "rd": 2256000,
      "sga": null,
      "fcf": 4081000,
      "ocf": 4081000,
      "capex": null,
      "gross_margin": -0.19351504857422736,
      "op_margin": -0.005113549558293566,
      "fcf_margin": -0.03667556370368373,
      "incr_op_margin_yoy": -1.534028881365301,
      "fcf_margin_change": -0.16758549851243498
    },
    {
      "date": "2025-03-31T00:00:00",
      "quarter_label": "2025-03 (Q1)",
      "revenue": 52182000,
      "gross_profit": 23281000,
      "operating_income": -1085000,
      "net_income": 318000,
      "opex": 24366000,
      "cogs": 28901000,
      "rd": 3319000,
      "sga": null,
      "fcf": -1239000,
      "ocf": -1239000,
      "capex": null,
      "gross_margin": 0.44615001341458743,
      "op_margin": -0.020792610478709134,
      "fcf_margin": -0.023743819707945268,
      "incr_op_margin_yoy": -0.40851315400532073,
      "rev_growth_yoy": 0.14897833362691562,
      "fcf_margin_change": 0.012931743995738463
    },
    {
      "date": "2025-06-30T00:00:00",
      "quarter_label": "2025-06 (Q2)",
      "revenue": 54310000,
      "gross_profit": null,
      "operating_income": -1790000,
      "net_income": -541000,
      "opex": 56100000,
      "cogs": null,
      "rd": 2563000,
      "sga": null,
      "fcf": -351000,
      "ocf": -351000,
      "capex": null,
      "gross_margin": null,
      "op_margin": -0.0329589394218376,
      "fcf_margin": -0.0064628981771312835,
      "incr_op_margin_yoy": 0.20552593310712555,
      "rev_growth_yoy": 0.17916540014763993,
      "rev_growth_yoy_accel": 0.03018706652072431,
      "op_leverage_ratio": 0.03131196519962611,
      "fcf_margin_change": 0.017280921530813984
    },
    {
      "date": "2025-09-30T00:00:00",
      "quarter_label": "2025-09 (Q3)",
      "revenue": 59381000,
      "gross_profit": null,
      "operating_income": 2198000,
      "net_income": 3251000,
      "opex": 57183000,
      "cogs": null,
      "rd": 1784000,
      "sga": null,
      "fcf": 4748000,
      "ocf": 4748000,
      "capex": null,
      "gross_margin": null,
      "op_margin": 0.03701520688435695,
      "fcf_margin": 0.07995823579932976,
      "incr_op_margin_yoy": 0.17517943582039727,
      "rev_growth_yoy": 0.25279014325196736,
      "rev_growth_yoy_accel": 0.07362474310432743,
      "op_leverage_ratio": 4.836689549222657,
      "fcf_margin_change": 0.08642113397646103
    }
  ],
  "signals": [
    {
      "quarter": "2025-09 (Q3)",
      "signal": "FCF TURNED POSITIVE",
      "detail": "FCF margin: -0.6% -> +8.0%",
      "severity": "HIGH"
    },
    {
      "quarter": "2025-09 (Q3)",
      "signal": "OPERATING LEVERAGE",
      "detail": "Rev growth +9.3% vs OpEx growth +1.9% (leverage: 4.8x)",
      "severity": "MEDIUM"
    },
    {
      "quarter": "2025-09 (Q3)",
      "signal": "YoY REVENUE GROWTH ACCELERATION",
      "detail": "YoY growth: +25.3% vs prior quarter YoY: +17.9% (accel: +7.4%)",
      "severity": "MEDIUM"
    },
    {
      "quarter": "2025-09 (Q3)",
      "signal": "INCREMENTAL MARGIN (YoY)",
      "detail": "YoY Incr OPM: +17.5% vs year-ago OPM: +0.2%",
      "severity": "MEDIUM"
    },
    {
      "quarter": "2025-09 (Q3)",
      "signal": "OP MARGIN TURNED POSITIVE (QoQ)",
      "detail": "Op margin: -3.3% -> +3.7%",
      "severity": "HIGH"
    },
    {
      "quarter": "2025-03 (Q1)",
      "signal": "GROSS MARGIN INFLECTION",
      "detail": "GM: +45.6% -> -19.4% -> +44.6% (reversal +64.0%)",
      "severity": "HIGH"
    },
    {
      "quarter": "2024-09 (Q3)",
      "signal": "YoY REVENUE GROWTH DECELERATION",
      "detail": "YoY growth: +22.6% vs prior quarter YoY: +29.2% (decel: -6.6%)",
      "severity": "WARNING"
    },
    {
      "quarter": "2024-09 (Q3)",
      "signal": "OP MARGIN TURNED POSITIVE (QoQ)",
      "detail": "Op margin: -7.6% -> +0.2%",
      "severity": "HIGH"
    },
    {
      "quarter": "2024-06 (Q2)",
      "signal": "FCF TURNED POSITIVE",
      "detail": "FCF margin: -8.3% -> +11.2%",
      "severity": "HIGH"
    },
    {
      "quarter": "2024-06 (Q2)",
      "signal": "YoY REVENUE GROWTH DECELERATION",
      "detail": "YoY growth: +29.2% vs prior quarter YoY: +36.2% (decel: -7.0%)",
      "severity": "WARNING"
    },
    {
      "quarter": "2024-03 (Q1)",
      "signal": "GROSS MARGIN INFLECTION",
      "detail": "GM: +48.8% -> -25.5% -> +47.8% (reversal +73.3%)",
      "severity": "HIGH"
    },
    {
      "quarter": "2024-03 (Q1)",
      "signal": "YoY REVENUE GROWTH ACCELERATION",
      "detail": "YoY growth: +36.2% vs prior quarter YoY: -372.2% (accel: +408.5%)",
      "severity": "HIGH"
    },
    {
      "quarter": "2023-12 (Q4)",
      "signal": "FCF TURNED POSITIVE",
      "detail": "FCF margin: -2.9% -> +2.0%",
      "severity": "HIGH"
    },
    {
      "quarter": "2023-12 (Q4)",
      "signal": "YoY REVENUE GROWTH DECELERATION",
      "detail": "YoY growth: -372.2% vs prior quarter YoY: +31.8% (decel: -404.0%)",
      "severity": "WARNING"
    },
    {
      "quarter": "2023-12 (Q4)",
      "signal": "OP MARGIN TURNED POSITIVE (YoY)",
      "detail": "Op margin: -480.4% (year-ago) -> +53.2%",
      "severity": "HIGH"
    },
    {
      "quarter": "2023-09 (Q3)",
      "signal": "YoY REVENUE GROWTH ACCELERATION",
      "detail": "YoY growth: +31.8% vs prior quarter YoY: +19.4% (accel: +12.3%)",
      "severity": "MEDIUM"
    },
    {
      "quarter": "2023-06 (Q2)",
      "signal": "FCF TURNED POSITIVE",
      "detail": "FCF margin: -42.1% -> +0.8%",
      "severity": "HIGH"
    },
    {
      "quarter": "2023-06 (Q2)",
      "signal": "YoY REVENUE GROWTH ACCELERATION",
      "detail": "YoY growth: +19.4% vs prior quarter YoY: +10.6% (accel: +8.9%)",
      "severity": "MEDIUM"
    },
    {
      "quarter": "2023-06 (Q2)",
      "signal": "OP MARGIN TURNED POSITIVE (YoY)",
      "detail": "Op margin: -70.6% (year-ago) -> +18.0%",
      "severity": "HIGH"
    },
    {
      "quarter": "2023-03 (Q1)",
      "signal": "FCF MARGIN EXPANSION",
      "detail": "FCF margin: -47.3% -> -42.1% (+5.2%)",
      "severity": "MEDIUM"
    },
    {
      "quarter": "2023-03 (Q1)",
      "signal": "YoY REVENUE GROWTH ACCELERATION",
      "detail": "YoY growth: +10.6% vs prior quarter YoY: +3.7% (accel: +6.9%)",
      "severity": "MEDIUM"
    },
    {
      "quarter": "2023-03 (Q1)",
      "signal": "OP MARGIN TURNED POSITIVE (YoY)",
      "detail": "Op margin: -70.3% (year-ago) -> +27.1%",
      "severity": "HIGH"
    },
    {
      "quarter": "2023-03 (Q1)",
      "signal": "OP MARGIN TURNED POSITIVE (QoQ)",
      "detail": "Op margin: -480.4% -> +27.1%",
      "severity": "HIGH"
    },
    {
      "quarter": "2022-12 (Q4)",
      "signal": "YoY REVENUE GROWTH DECELERATION",
      "detail": "YoY growth: +3.7% vs prior quarter YoY: +11.3% (decel: -7.6%)",
      "severity": "WARNING"
    },
    {
      "quarter": "2022-09 (Q3)",
      "signal": "FCF MARGIN EXPANSION",
      "detail": "FCF margin: -60.4% -> -47.2% (+13.3%)",
      "severity": "MEDIUM"
    },
    {
      "quarter": "2022-09 (Q3)",
      "signal": "YoY REVENUE GROWTH ACCELERATION",
      "detail": "YoY growth: +11.3% vs prior quarter YoY: -3.7% (accel: +15.0%)",
      "severity": "MEDIUM"
    },
    {
      "quarter": "2022-09 (Q3)",
      "signal": "OP MARGIN TURNED POSITIVE (QoQ)",
      "detail": "Op margin: -70.6% -> +67.7%",
      "severity": "HIGH"
    },
    {
      "quarter": "2022-06 (Q2)",
      "signal": "YoY REVENUE GROWTH DECELERATION",
      "detail": "YoY growth: -3.7% vs prior quarter YoY: +11.0% (decel: -14.7%)",
      "severity": "WARNING"
    },
    {
      "quarter": "2022-03 (Q1)",
      "signal": "FCF MARGIN EXPANSION",
      "detail": "FCF margin: -84.5% -> -50.5% (+33.9%)",
      "severity": "MEDIUM"
    },
    {
      "quarter": "2021-09 (Q3)",
      "signal": "OP MARGIN TURNED POSITIVE (QoQ)",
      "detail": "Op margin: -89.0% -> +95.7%",
      "severity": "HIGH"
    },
    {
      "quarter": "2021-03 (Q1)",
      "signal": "FCF MARGIN EXPANSION",
      "detail": "FCF margin: -33.5% -> -15.5% (+18.0%)",
      "severity": "MEDIUM"
    }
  ],
  "data_quality": {
    "n_quarters": 20,
    "coverage": {
      "revenue": [
        20,
        20
      ],
      "gross_profit": [
        18,
        20
      ],
      "op_income": [
        20,
        20
      ],
      "fcf": [
        20,
        20
      ]
    },
    "gaps": [],
    "warnings": []
  },
  "market_cap": null,
  "source": "SEC EDGAR",
  "last_updated": "2026-02-03T01:17:55.791516"
}