{
  "ticker": "TAP-A",
  "name": "Molson Coors Beverage Company",
  "quarters": [
    {
      "date": "2020-12-31T00:00:00",
      "quarter_label": "2020-12 (Q4)",
      "revenue": 2777800000,
      "gross_profit": 895200000,
      "operating_income": -1282700000,
      "net_income": -1369800000,
      "opex": 2177900000,
      "cogs": 1399100000,
      "rd": null,
      "sga": 648300000,
      "fcf": 202500000,
      "ocf": 202500000,
      "capex": null,
      "gross_margin": 0.32226942184462526,
      "op_margin": -0.46176830585355316,
      "fcf_margin": 0.07289941680466556
    },
    {
      "date": "2021-03-31T00:00:00",
      "quarter_label": "2021-03 (Q1)",
      "revenue": 2256100000,
      "gross_profit": 731000000,
      "operating_income": 177200000,
      "net_income": 84100000,
      "opex": 553800000,
      "cogs": 1167400000,
      "rd": null,
      "sga": 542900000,
      "fcf": -190900000,
      "ocf": -190900000,
      "capex": null,
      "gross_margin": 0.3240104605292319,
      "op_margin": 0.07854261779176455,
      "fcf_margin": -0.08461504365941226,
      "fcf_margin_change": -0.15751446046407783
    },
    {
      "date": "2021-06-30T00:00:00",
      "quarter_label": "2021-06 (Q2)",
      "revenue": 3564000000,
      "gross_profit": 1271500000,
      "operating_income": 580800000,
      "net_income": 388600000,
      "opex": 690700000,
      "cogs": 1667900000,
      "rd": null,
      "sga": 681700000,
      "fcf": 939400000,
      "ocf": 939400000,
      "capex": null,
      "gross_margin": 0.35676206509539843,
      "op_margin": 0.16296296296296298,
      "fcf_margin": 0.26358024691358023,
      "op_leverage_ratio": 2.3451233858022897,
      "fcf_margin_change": 0.3481952905729925
    },
    {
      "date": "2021-09-30T00:00:00",
      "quarter_label": "2021-09 (Q3)",
      "revenue": 3435400000,
      "gross_profit": 1193600000,
      "operating_income": 531400000,
      "net_income": 453000000,
      "opex": 662200000,
      "cogs": 1629100000,
      "rd": null,
      "sga": 664800000,
      "fcf": 519200000,
      "ocf": 519200000,
      "capex": null,
      "gross_margin": 0.3474413459859114,
      "op_margin": 0.15468358851953193,
      "fcf_margin": 0.1511323281131746,
      "fcf_margin_change": -0.11244791880040564
    },
    {
      "date": "2021-12-31T00:00:00",
      "quarter_label": "2021-12 (Q4)",
      "revenue": 3194400000,
      "gross_profit": 857300000,
      "operating_income": 165000000,
      "net_income": 80000000,
      "opex": 692300000,
      "cogs": 1761900000,
      "rd": null,
      "sga": 665100000,
      "fcf": 305800000,
      "ocf": 305800000,
      "capex": null,
      "gross_margin": 0.26837590783871773,
      "op_margin": 0.05165289256198347,
      "fcf_margin": 0.09573002754820936,
      "incr_op_margin_yoy": 3.4750360057609218,
      "rev_growth_yoy": 0.1499748002015984,
      "fcf_margin_change": -0.05540230056496523
    },
    {
      "date": "2022-03-31T00:00:00",
      "quarter_label": "2022-03 (Q1)",
      "revenue": 2643300000,
      "gross_profit": 927800000,
      "operating_income": 224400000,
      "net_income": 151500000,
      "opex": 703400000,
      "cogs": 1286800000,
      "rd": null,
      "sga": 675700000,
      "fcf": -119300000,
      "ocf": -119300000,
      "capex": null,
      "gross_margin": 0.3510006431354746,
      "op_margin": 0.08489388264669163,
      "fcf_margin": -0.04513297771724738,
      "incr_op_margin_yoy": 0.12190082644628099,
      "rev_growth_yoy": 0.17162359824475865,
      "rev_growth_yoy_accel": 0.02164879804316025,
      "fcf_margin_change": -0.14086300526545675
    },
    {
      "date": "2022-06-30T00:00:00",
      "quarter_label": "2022-06 (Q2)",
      "revenue": 3501400000,
      "gross_profit": 820000000,
      "operating_income": 114500000,
      "net_income": 47300000,
      "opex": 705500000,
      "cogs": 2101700000,
      "rd": null,
      "sga": 707600000,
      "fcf": 786100000,
      "ocf": 786100000,
      "capex": null,
      "gross_margin": 0.234192037470726,
      "op_margin": 0.03270120523219284,
      "fcf_margin": 0.22451019592163135,
      "incr_op_margin_yoy": 7.44888178913738,
      "rev_growth_yoy": -0.0175645342312009,
      "rev_growth_yoy_accel": -0.18918813247595956,
      "op_leverage_ratio": 108.7362910359165,
      "fcf_margin_change": 0.26964317363887874
    },
    {
      "date": "2022-09-30T00:00:00",
      "quarter_label": "2022-09 (Q3)",
      "revenue": 3517400000,
      "gross_profit": 983700000,
      "operating_income": 330100000,
      "net_income": 216400000,
      "opex": 653600000,
      "cogs": 1951500000,
      "rd": null,
      "sga": 660000000,
      "fcf": 450700000,
      "ocf": 450700000,
      "capex": null,
      "gross_margin": 0.2796667993404219,
      "op_margin": 0.09384772843577642,
      "fcf_margin": 0.12813441746744755,
      "incr_op_margin_yoy": -2.454878048780488,
      "rev_growth_yoy": 0.023869127321418177,
      "rev_growth_yoy_accel": 0.04143366155261907,
      "fcf_margin_change": -0.0963757784541838
    },
    {
      "date": "2022-12-31T00:00:00",
      "quarter_label": "2022-12 (Q4)",
      "revenue": 3145400000,
      "gross_profit": 923700000,
      "operating_income": -511500000,
      "net_income": -590500000,
      "opex": 1435200000,
      "cogs": 1705800000,
      "rd": null,
      "sga": 575500000,
      "fcf": 384500000,
      "ocf": 384500000,
      "capex": null,
      "gross_margin": 0.29366694220130984,
      "op_margin": -0.16261842690913716,
      "fcf_margin": 0.12224200419660457,
      "incr_op_margin_yoy": 13.806122448979592,
      "rev_growth_yoy": -0.015339343851740546,
      "rev_growth_yoy_accel": -0.039208471173158725,
      "fcf_margin_change": -0.005892413270842986
    },
    {
      "date": "2023-03-31T00:00:00",
      "quarter_label": "2023-03 (Q1)",
      "revenue": 2774800000,
      "gross_profit": 770700000,
      "operating_income": 158200000,
      "net_income": 72500000,
      "opex": 612500000,
      "cogs": 1575600000,
      "rd": null,
      "sga": 615000000,
      "fcf": 3400000,
      "ocf": 3400000,
      "capex": null,
      "gross_margin": 0.2777497477295661,
      "op_margin": 0.05701311806256307,
      "fcf_margin": 0.0012253135361107107,
      "incr_op_margin_yoy": -0.5034220532319391,
      "rev_growth_yoy": 0.04974842053493739,
      "rev_growth_yoy_accel": 0.06508776438667793,
      "fcf_margin_change": -0.12101669066049385
    },
    {
      "date": "2023-06-30T00:00:00",
      "quarter_label": "2023-06 (Q2)",
      "revenue": 3871100000,
      "gross_profit": 1218900000,
      "operating_income": 488500000,
      "net_income": 342400000,
      "opex": 730400000,
      "cogs": 2047700000,
      "rd": null,
      "sga": 734900000,
      "fcf": 891000000,
      "ocf": 891000000,
      "capex": null,
      "gross_margin": 0.31487174188215233,
      "op_margin": 0.1261915217896722,
      "fcf_margin": 0.23016713595618815,
      "incr_op_margin_yoy": 1.0116310522044902,
      "rev_growth_yoy": 0.1055863368938139,
      "rev_growth_yoy_accel": 0.05583791635887651,
      "op_leverage_ratio": 2.0525323757755336,
      "fcf_margin_change": 0.22894182242007743
    },
    {
      "date": "2023-09-30T00:00:00",
      "quarter_label": "2023-09 (Q3)",
      "revenue": 3905600000,
      "gross_profit": 1346200000,
      "operating_income": 592200000,
      "net_income": 430700000,
      "opex": 754000000,
      "cogs": 1952200000,
      "rd": null,
      "sga": 746800000,
      "fcf": 710100000,
      "ocf": 710100000,
      "capex": null,
      "gross_margin": 0.34468455551003685,
      "op_margin": 0.15162843097091355,
      "fcf_margin": 0.18181585415813192,
      "incr_op_margin_yoy": 0.6751674394641937,
      "rev_growth_yoy": 0.11036561096264286,
      "rev_growth_yoy_accel": 0.0047792740688289564,
      "fcf_margin_change": -0.04835128179805623
    },
    {
      "date": "2023-12-31T00:00:00",
      "quarter_label": "2023-12 (Q4)",
      "revenue": 3333100000,
      "gross_profit": 1033000000,
      "operating_income": 199300000,
      "net_income": 103300000,
      "opex": 833700000,
      "cogs": 1757800000,
      "rd": null,
      "sga": 683200000,
      "fcf": 474500000,
      "ocf": 474500000,
      "capex": null,
      "gross_margin": 0.3099216945186163,
      "op_margin": 0.05979418559299151,
      "fcf_margin": 0.14235996519756383,
      "incr_op_margin_yoy": 3.786893979754928,
      "rev_growth_yoy": 0.05967444522159344,
      "rev_growth_yoy_accel": -0.05069116574104942,
      "fcf_margin_change": -0.03945588896056809
    },
    {
      "date": "2024-03-31T00:00:00",
      "quarter_label": "2024-03 (Q1)",
      "revenue": 3049300000,
      "gross_profit": 963500000,
      "operating_income": 314300000,
      "net_income": 207800000,
      "opex": 649200000,
      "cogs": 1632900000,
      "rd": null,
      "sga": 654600000,
      "fcf": 25400000,
      "ocf": 25400000,
      "capex": null,
      "gross_margin": 0.3159741580034762,
      "op_margin": 0.10307283638867937,
      "fcf_margin": 0.008329780605384843,
      "incr_op_margin_yoy": 0.5686703096539162,
      "rev_growth_yoy": 0.09892604872423237,
      "rev_growth_yoy_accel": 0.03925160350263893,
      "fcf_margin_change": -0.134030184592179
    },
    {
      "date": "2024-06-30T00:00:00",
      "quarter_label": "2024-06 (Q2)",
      "revenue": 3838100000,
      "gross_profit": 1329900000,
      "operating_income": 599600000,
      "net_income": 427000000,
      "opex": 730300000,
      "cogs": 1922400000,
      "rd": null,
      "sga": 728500000,
      "fcf": 869200000,
      "ocf": 869200000,
      "capex": null,
      "gross_margin": 0.34649957009978893,
      "op_margin": 0.1562231312368099,
      "fcf_margin": 0.2264662202652354,
      "incr_op_margin_yoy": -3.3666666666666667,
      "rev_growth_yoy": -0.00852470873911808,
      "rev_growth_yoy_accel": -0.10745075746335045,
      "op_leverage_ratio": 2.070734432672648,
      "fcf_margin_change": 0.21813643965985058
    },
    {
      "date": "2024-09-30T00:00:00",
      "quarter_label": "2024-09 (Q3)",
      "revenue": 3603300000,
      "gross_profit": 1202500000,
      "operating_income": 451200000,
      "net_income": 199800000,
      "opex": 751300000,
      "cogs": 1840200000,
      "rd": null,
      "sga": 684700000,
      "fcf": 521200000,
      "ocf": 521200000,
      "capex": null,
      "gross_margin": 0.33372186606721616,
      "op_margin": 0.1252185496628091,
      "fcf_margin": 0.14464518635695056,
      "incr_op_margin_yoy": 0.4664240820377109,
      "rev_growth_yoy": -0.07740167963949202,
      "rev_growth_yoy_accel": -0.06887697090037394,
      "fcf_margin_change": -0.08182103390828485
    },
    {
      "date": "2024-12-31T00:00:00",
      "quarter_label": "2024-12 (Q4)",
      "revenue": 3243600000,
      "gross_profit": 1037500000,
      "operating_income": 388100000,
      "net_income": 287800000,
      "opex": 649400000,
      "cogs": 1698100000,
      "rd": null,
      "sga": 649700000,
      "fcf": 494500000,
      "ocf": 494500000,
      "capex": null,
      "gross_margin": 0.3198606486619805,
      "op_margin": 0.1196510050561105,
      "fcf_margin": 0.15245406338636083,
      "incr_op_margin_yoy": -2.1094972067039106,
      "rev_growth_yoy": -0.02685187963157421,
      "rev_growth_yoy_accel": 0.050549800007917804,
      "fcf_margin_change": 0.007808877029410272
    },
    {
      "date": "2025-03-31T00:00:00",
      "quarter_label": "2025-03 (Q1)",
      "revenue": 2690200000,
      "gross_profit": 850900000,
      "operating_income": 186300000,
      "net_income": 121000000,
      "opex": 664600000,
      "cogs": 1453200000,
      "rd": null,
      "sga": 653200000,
      "fcf": -90700000,
      "ocf": -90700000,
      "capex": null,
      "gross_margin": 0.31629618615716304,
      "op_margin": 0.06925135677644785,
      "fcf_margin": -0.03371496543007955,
      "incr_op_margin_yoy": 0.3564466722361459,
      "rev_growth_yoy": -0.11776473288951562,
      "rev_growth_yoy_accel": -0.0909128532579414,
      "fcf_margin_change": -0.18616902881644037
    },
    {
      "date": "2025-06-30T00:00:00",
      "quarter_label": "2025-06 (Q2)",
      "revenue": 3740000000,
      "gross_profit": 1281900000,
      "operating_income": 583600000,
      "net_income": 428700000,
      "opex": 698300000,
      "cogs": 1918900000,
      "rd": null,
      "sga": 693100000,
      "fcf": 718300000,
      "ocf": 718300000,
      "capex": null,
      "gross_margin": 0.3427540106951872,
      "op_margin": 0.1560427807486631,
      "fcf_margin": 0.19205882352941175,
      "incr_op_margin_yoy": 0.16309887869520898,
      "rev_growth_yoy": -0.02555952163831062,
      "rev_growth_yoy_accel": 0.09220521125120501,
      "op_leverage_ratio": 7.695776317028925,
      "fcf_margin_change": 0.2257737889594913
    },
    {
      "date": "2025-09-30T00:00:00",
      "quarter_label": "2025-09 (Q3)",
      "revenue": 3484300000,
      "gross_profit": 1173500000,
      "operating_income": -3431100000,
      "net_income": -2927600000,
      "opex": 4604600000,
      "cogs": 1800000000,
      "rd": null,
      "sga": 686700000,
      "fcf": 616100000,
      "ocf": 616100000,
      "capex": null,
      "gross_margin": 0.3367964870992739,
      "op_margin": -0.9847315099159085,
      "fcf_margin": 0.17682174324828517,
      "incr_op_margin_yoy": 32.62436974789916,
      "rev_growth_yoy": -0.033025282380040516,
      "rev_growth_yoy_accel": -0.007465760741729895,
      "fcf_margin_change": -0.01523708028112658
    }
  ],
  "signals": [
    {
      "quarter": "2025-06 (Q2)",
      "signal": "FCF TURNED POSITIVE",
      "detail": "FCF margin: -3.4% -> +19.2%",
      "severity": "HIGH"
    },
    {
      "quarter": "2025-06 (Q2)",
      "signal": "OPERATING LEVERAGE",
      "detail": "Rev growth +39.0% vs OpEx growth +5.1% (leverage: 7.7x)",
      "severity": "MEDIUM"
    },
    {
      "quarter": "2025-06 (Q2)",
      "signal": "GROSS MARGIN INFLECTION",
      "detail": "GM: +32.0% -> +31.6% -> +34.3% (reversal +2.6%)",
      "severity": "MEDIUM"
    },
    {
      "quarter": "2025-06 (Q2)",
      "signal": "YoY REVENUE GROWTH ACCELERATION",
      "detail": "YoY growth: -2.6% vs prior quarter YoY: -11.8% (accel: +9.2%)",
      "severity": "MEDIUM"
    },
    {
      "quarter": "2025-03 (Q1)",
      "signal": "YoY REVENUE GROWTH DECELERATION",
      "detail": "YoY growth: -11.8% vs prior quarter YoY: -2.7% (decel: -9.1%)",
      "severity": "WARNING"
    },
    {
      "quarter": "2025-03 (Q1)",
      "signal": "INCREMENTAL MARGIN (YoY)",
      "detail": "YoY Incr OPM: +35.6% vs year-ago OPM: +10.3%",
      "severity": "HIGH"
    },
    {
      "quarter": "2024-12 (Q4)",
      "signal": "YoY REVENUE GROWTH ACCELERATION",
      "detail": "YoY growth: -2.7% vs prior quarter YoY: -7.7% (accel: +5.1%)",
      "severity": "MEDIUM"
    },
    {
      "quarter": "2024-09 (Q3)",
      "signal": "YoY REVENUE GROWTH DECELERATION",
      "detail": "YoY growth: -7.7% vs prior quarter YoY: -0.9% (decel: -6.9%)",
      "severity": "WARNING"
    },
    {
      "quarter": "2024-09 (Q3)",
      "signal": "INCREMENTAL MARGIN (YoY)",
      "detail": "YoY Incr OPM: +46.6% vs year-ago OPM: +15.2%",
      "severity": "HIGH"
    },
    {
      "quarter": "2024-06 (Q2)",
      "signal": "FCF MARGIN EXPANSION",
      "detail": "FCF margin: +0.8% -> +22.6% (+21.8%)",
      "severity": "MEDIUM"
    },
    {
      "quarter": "2024-06 (Q2)",
      "signal": "OPERATING LEVERAGE",
      "detail": "Rev growth +25.9% vs OpEx growth +12.5% (leverage: 2.1x)",
      "severity": "MEDIUM"
    },
    {
      "quarter": "2024-06 (Q2)",
      "signal": "YoY REVENUE GROWTH DECELERATION",
      "detail": "YoY growth: -0.9% vs prior quarter YoY: +9.9% (decel: -10.7%)",
      "severity": "WARNING"
    },
    {
      "quarter": "2024-03 (Q1)",
      "signal": "INCREMENTAL MARGIN (YoY)",
      "detail": "YoY Incr OPM: +56.9% vs year-ago OPM: +5.7%",
      "severity": "HIGH"
    },
    {
      "quarter": "2023-12 (Q4)",
      "signal": "YoY REVENUE GROWTH DECELERATION",
      "detail": "YoY growth: +6.0% vs prior quarter YoY: +11.0% (decel: -5.1%)",
      "severity": "WARNING"
    },
    {
      "quarter": "2023-12 (Q4)",
      "signal": "OP MARGIN TURNED POSITIVE (YoY)",
      "detail": "Op margin: -16.3% (year-ago) -> +6.0%",
      "severity": "HIGH"
    },
    {
      "quarter": "2023-09 (Q3)",
      "signal": "INCREMENTAL MARGIN (YoY)",
      "detail": "YoY Incr OPM: +67.5% vs year-ago OPM: +9.4%",
      "severity": "HIGH"
    },
    {
      "quarter": "2023-06 (Q2)",
      "signal": "FCF MARGIN EXPANSION",
      "detail": "FCF margin: +0.1% -> +23.0% (+22.9%)",
      "severity": "MEDIUM"
    },
    {
      "quarter": "2023-06 (Q2)",
      "signal": "OPERATING LEVERAGE",
      "detail": "Rev growth +39.5% vs OpEx growth +19.2% (leverage: 2.1x)",
      "severity": "MEDIUM"
    },
    {
      "quarter": "2023-06 (Q2)",
      "signal": "GROSS MARGIN INFLECTION",
      "detail": "GM: +29.4% -> +27.8% -> +31.5% (reversal +3.7%)",
      "severity": "MEDIUM"
    },
    {
      "quarter": "2023-06 (Q2)",
      "signal": "YoY REVENUE GROWTH ACCELERATION",
      "detail": "YoY growth: +10.6% vs prior quarter YoY: +5.0% (accel: +5.6%)",
      "severity": "MEDIUM"
    },
    {
      "quarter": "2023-06 (Q2)",
      "signal": "INCREMENTAL MARGIN (YoY)",
      "detail": "YoY Incr OPM: +101.2% vs year-ago OPM: +3.3%",
      "severity": "HIGH"
    },
    {
      "quarter": "2023-03 (Q1)",
      "signal": "YoY REVENUE GROWTH ACCELERATION",
      "detail": "YoY growth: +5.0% vs prior quarter YoY: -1.5% (accel: +6.5%)",
      "severity": "MEDIUM"
    },
    {
      "quarter": "2023-03 (Q1)",
      "signal": "OP MARGIN TURNED POSITIVE (QoQ)",
      "detail": "Op margin: -16.3% -> +5.7%",
      "severity": "HIGH"
    },
    {
      "quarter": "2022-09 (Q3)",
      "signal": "GROSS MARGIN INFLECTION",
      "detail": "GM: +35.1% -> +23.4% -> +28.0% (reversal +4.5%)",
      "severity": "MEDIUM"
    },
    {
      "quarter": "2022-06 (Q2)",
      "signal": "FCF TURNED POSITIVE",
      "detail": "FCF margin: -4.5% -> +22.5%",
      "severity": "HIGH"
    },
    {
      "quarter": "2022-06 (Q2)",
      "signal": "OPERATING LEVERAGE",
      "detail": "Rev growth +32.5% vs OpEx growth +0.3% (leverage: 108.7x)",
      "severity": "MEDIUM"
    },
    {
      "quarter": "2022-06 (Q2)",
      "signal": "YoY REVENUE GROWTH DECELERATION",
      "detail": "YoY growth: -1.8% vs prior quarter YoY: +17.2% (decel: -18.9%)",
      "severity": "WARNING"
    },
    {
      "quarter": "2022-06 (Q2)",
      "signal": "INCREMENTAL MARGIN (YoY)",
      "detail": "YoY Incr OPM: +744.9% vs year-ago OPM: +16.3%",
      "severity": "HIGH"
    },
    {
      "quarter": "2022-03 (Q1)",
      "signal": "GROSS MARGIN INFLECTION",
      "detail": "GM: +34.7% -> +26.8% -> +35.1% (reversal +8.3%)",
      "severity": "HIGH"
    },
    {
      "quarter": "2021-12 (Q4)",
      "signal": "OP MARGIN TURNED POSITIVE (YoY)",
      "detail": "Op margin: -46.2% (year-ago) -> +5.2%",
      "severity": "HIGH"
    },
    {
      "quarter": "2021-06 (Q2)",
      "signal": "FCF TURNED POSITIVE",
      "detail": "FCF margin: -8.5% -> +26.4%",
      "severity": "HIGH"
    },
    {
      "quarter": "2021-06 (Q2)",
      "signal": "OPERATING LEVERAGE",
      "detail": "Rev growth +58.0% vs OpEx growth +24.7% (leverage: 2.3x)",
      "severity": "MEDIUM"
    },
    {
      "quarter": "2021-03 (Q1)",
      "signal": "OP MARGIN TURNED POSITIVE (QoQ)",
      "detail": "Op margin: -46.2% -> +7.9%",
      "severity": "HIGH"
    }
  ],
  "data_quality": {
    "n_quarters": 20,
    "coverage": {
      "revenue": [
        20,
        20
      ],
      "gross_profit": [
        20,
        20
      ],
      "op_income": [
        20,
        20
      ],
      "fcf": [
        20,
        20
      ]
    },
    "gaps": [],
    "warnings": []
  },
  "market_cap": null,
  "source": "SEC EDGAR",
  "last_updated": "2026-02-03T00:54:23.054653"
}