{
  "ticker": "TARS",
  "name": "TARSUS PHARMACEUTICALS, INC.",
  "sector": "Healthcare",
  "industry": "Biotechnology",
  "quarters": [
    {
      "date": "2021-03-31T00:00:00",
      "quarter_label": "2021-03 (Q1)",
      "revenue": 33432000,
      "gross_profit": null,
      "operating_income": 10714000,
      "net_income": 10376000,
      "opex": 22718000,
      "cogs": null,
      "rd": 16261000,
      "sga": null,
      "fcf": -11969000,
      "ocf": -11794000,
      "capex": -175000,
      "gross_margin": null,
      "op_margin": 0.32047140464225893,
      "fcf_margin": -0.3580102895429529
    },
    {
      "date": "2021-06-30T00:00:00",
      "quarter_label": "2021-06 (Q2)",
      "revenue": 22017000,
      "gross_profit": null,
      "operating_income": 7282000,
      "net_income": 6345000,
      "opex": 14735000,
      "cogs": null,
      "rd": 7204000,
      "sga": null,
      "fcf": 20535000,
      "ocf": 20551000,
      "capex": -16000,
      "gross_margin": null,
      "op_margin": 0.3307444247626834,
      "fcf_margin": 0.9326883771631013,
      "fcf_margin_change": 1.2906986667060543
    },
    {
      "date": "2021-09-30T00:00:00",
      "quarter_label": "2021-09 (Q3)",
      "revenue": 1240000,
      "gross_profit": 1175000,
      "operating_income": -15705000,
      "net_income": -15697000,
      "opex": 16945000,
      "cogs": 65000,
      "rd": 10209000,
      "sga": null,
      "fcf": 6991000,
      "ocf": 7112000,
      "capex": -121000,
      "gross_margin": 0.9475806451612904,
      "op_margin": -12.665322580645162,
      "fcf_margin": 5.637903225806451,
      "fcf_margin_change": 4.70521484864335
    },
    {
      "date": "2021-12-31T00:00:00",
      "quarter_label": "2021-12 (Q4)",
      "revenue": 338000,
      "gross_profit": null,
      "operating_income": -14448000,
      "net_income": -14851000,
      "opex": 14786000,
      "cogs": null,
      "rd": 8038000,
      "sga": null,
      "fcf": -12395000,
      "ocf": -12121000,
      "capex": -274000,
      "gross_margin": null,
      "op_margin": -42.74556213017752,
      "fcf_margin": -36.671597633136095,
      "fcf_margin_change": -42.30950085894255
    },
    {
      "date": "2022-03-31T00:00:00",
      "quarter_label": "2022-03 (Q1)",
      "revenue": 539000,
      "gross_profit": 506000,
      "operating_income": -19521000,
      "net_income": -20238000,
      "opex": 20060000,
      "cogs": 33000,
      "rd": 12081000,
      "sga": null,
      "fcf": -15447000,
      "ocf": -15286000,
      "capex": -161000,
      "gross_margin": 0.9387755102040817,
      "op_margin": -36.217068645640076,
      "fcf_margin": -28.658627087198514,
      "incr_op_margin_yoy": 0.9191925333657617,
      "rev_growth_yoy": -0.9838777219430486,
      "op_leverage_ratio": 1.667208568101191,
      "fcf_margin_change": 8.01297054593758
    },
    {
      "date": "2022-06-30T00:00:00",
      "quarter_label": "2022-06 (Q2)",
      "revenue": 15277000,
      "gross_profit": 14755000,
      "operating_income": -5224000,
      "net_income": -5743000,
      "opex": 20501000,
      "cogs": 522000,
      "rd": 9603000,
      "sga": null,
      "fcf": -4381000,
      "ocf": -4259000,
      "capex": -122000,
      "gross_margin": 0.9658309877593768,
      "op_margin": -0.341951953917654,
      "fcf_margin": -0.28677096288538323,
      "incr_op_margin_yoy": 1.8554896142433235,
      "rev_growth_yoy": -0.30612708361720486,
      "rev_growth_yoy_accel": 0.6777506383258437,
      "op_leverage_ratio": 1243.7758677991915,
      "fcf_margin_change": 28.37185612431313
    },
    {
      "date": "2022-09-30T00:00:00",
      "quarter_label": "2022-09 (Q3)",
      "revenue": 0,
      "gross_profit": 0,
      "operating_income": -22906000,
      "net_income": -22511000,
      "opex": 22906000,
      "cogs": 0,
      "rd": 10912000,
      "sga": null,
      "fcf": -18707000,
      "ocf": -18611000,
      "capex": -96000,
      "gross_margin": null,
      "op_margin": null,
      "fcf_margin": null,
      "incr_op_margin_yoy": 5.807258064516129,
      "rev_growth_yoy": -1.0,
      "rev_growth_yoy_accel": -0.6938729163827951
    },
    {
      "date": "2022-12-31T00:00:00",
      "quarter_label": "2022-12 (Q4)",
      "revenue": 10000000,
      "gross_profit": null,
      "operating_income": -15061000,
      "net_income": -13599000,
      "opex": 25061000,
      "cogs": null,
      "rd": 10028000,
      "sga": null,
      "fcf": -11001000,
      "ocf": -10874000,
      "capex": -127000,
      "gross_margin": null,
      "op_margin": -1.5061,
      "fcf_margin": -1.1001,
      "incr_op_margin_yoy": -0.06344442144483543,
      "rev_growth_yoy": 28.585798816568047,
      "rev_growth_yoy_accel": 29.585798816568047
    },
    {
      "date": "2023-03-31T00:00:00",
      "quarter_label": "2023-03 (Q1)",
      "revenue": 2500000,
      "gross_profit": 2500000,
      "operating_income": -24952000,
      "net_income": -23419000,
      "opex": 27452000,
      "cogs": 0,
      "rd": 12356000,
      "sga": null,
      "fcf": -22310000,
      "ocf": -21970000,
      "capex": -340000,
      "gross_margin": 1.0,
      "op_margin": -9.9808,
      "fcf_margin": -8.924,
      "incr_op_margin_yoy": -2.769505354411015,
      "rev_growth_yoy": 3.6382189239332097,
      "rev_growth_yoy_accel": -24.947579892634838,
      "fcf_margin_change": -7.823899999999999
    },
    {
      "date": "2023-06-30T00:00:00",
      "quarter_label": "2023-06 (Q2)",
      "revenue": 0,
      "gross_profit": 0,
      "operating_income": -32821000,
      "net_income": -31424000,
      "opex": 32821000,
      "cogs": 0,
      "rd": 12546000,
      "sga": null,
      "fcf": -24613000,
      "ocf": -23826000,
      "capex": -787000,
      "gross_margin": null,
      "op_margin": null,
      "fcf_margin": null,
      "incr_op_margin_yoy": 1.806441055180991,
      "rev_growth_yoy": -1.0,
      "rev_growth_yoy_accel": -4.638218923933209
    },
    {
      "date": "2023-09-30T00:00:00",
      "quarter_label": "2023-09 (Q3)",
      "revenue": 1871000,
      "gross_profit": null,
      "operating_income": -40935000,
      "net_income": -39148000,
      "opex": 42806000,
      "cogs": null,
      "rd": 12105000,
      "sga": null,
      "fcf": -32737000,
      "ocf": -32362000,
      "capex": -375000,
      "gross_margin": null,
      "op_margin": -21.878674505611972,
      "fcf_margin": -17.497060395510424,
      "incr_op_margin_yoy": -9.636023516835916
    },
    {
      "date": "2023-12-31T00:00:00",
      "quarter_label": "2023-12 (Q4)",
      "revenue": 13076000,
      "gross_profit": null,
      "operating_income": -44450000,
      "net_income": -41902000,
      "opex": 57526000,
      "cogs": null,
      "rd": 13305000,
      "sga": null,
      "fcf": -39335000,
      "ocf": -39335000,
      "capex": null,
      "gross_margin": null,
      "op_margin": -3.3993576017130622,
      "fcf_margin": -3.008182930559804,
      "incr_op_margin_yoy": -9.554291287386215,
      "rev_growth_yoy": 0.3076,
      "op_leverage_ratio": 17.41545841272977,
      "fcf_margin_change": 14.488877464950619
    },
    {
      "date": "2024-03-31T00:00:00",
      "quarter_label": "2024-03 (Q1)",
      "revenue": 27614000,
      "gross_profit": null,
      "operating_income": -37684000,
      "net_income": -35731000,
      "opex": 65298000,
      "cogs": null,
      "rd": 12066000,
      "sga": 51578000,
      "fcf": -37963000,
      "ocf": -37789000,
      "capex": -174000,
      "gross_margin": null,
      "op_margin": -1.364670094879409,
      "fcf_margin": -1.3747736655319764,
      "incr_op_margin_yoy": -0.5069682248944811,
      "rev_growth_yoy": 10.0456,
      "rev_growth_yoy_accel": 9.738,
      "op_leverage_ratio": 8.229266702741185,
      "fcf_margin_change": 1.6334092650278276
    },
    {
      "date": "2024-06-30T00:00:00",
      "quarter_label": "2024-06 (Q2)",
      "revenue": 40813000,
      "gross_profit": null,
      "operating_income": -33302000,
      "net_income": -33290000,
      "opex": 74115000,
      "cogs": null,
      "rd": 12319000,
      "sga": 58792000,
      "fcf": -15443000,
      "ocf": -14404000,
      "capex": -1039000,
      "gross_margin": null,
      "op_margin": -0.8159655011883469,
      "fcf_margin": -0.3783843383235734,
      "incr_op_margin_yoy": -0.011785460515031975,
      "op_leverage_ratio": 3.5398979905084857,
      "fcf_margin_change": 0.996389327208403
    },
    {
      "date": "2024-09-30T00:00:00",
      "quarter_label": "2024-09 (Q3)",
      "revenue": 48118000,
      "gross_profit": null,
      "operating_income": -25162000,
      "net_income": -23420000,
      "opex": 73280000,
      "cogs": null,
      "rd": 12128000,
      "sga": 57910000,
      "fcf": -8934000,
      "ocf": -8652000,
      "capex": -282000,
      "gross_margin": null,
      "op_margin": -0.5229228147470801,
      "fcf_margin": -0.18566856477825347,
      "incr_op_margin_yoy": 0.34105996064609595,
      "rev_growth_yoy": 24.717797969000536,
      "op_leverage_ratio": null,
      "fcf_margin_change": 0.1927157735453199
    },
    {
      "date": "2024-12-31T00:00:00",
      "quarter_label": "2024-12 (Q4)",
      "revenue": 66408000,
      "gross_profit": null,
      "operating_income": -24421000,
      "net_income": -23113000,
      "opex": 90829000,
      "cogs": null,
      "rd": 16873000,
      "sga": 69030000,
      "fcf": -22254000,
      "ocf": -22182000,
      "capex": -72000,
      "gross_margin": null,
      "op_margin": -0.367741838332731,
      "fcf_margin": -0.33511022768341164,
      "incr_op_margin_yoy": 0.3755531388284707,
      "rev_growth_yoy": 4.078617314163353,
      "rev_growth_yoy_accel": -20.639180654837183,
      "op_leverage_ratio": 1.5872276643526182,
      "fcf_margin_change": -0.14944166290515817
    },
    {
      "date": "2025-03-31T00:00:00",
      "quarter_label": "2025-03 (Q1)",
      "revenue": 78335000,
      "gross_profit": null,
      "operating_income": -26280000,
      "net_income": -25120000,
      "opex": 104615000,
      "cogs": null,
      "rd": 14409000,
      "sga": 84995000,
      "fcf": -21241000,
      "ocf": -20651000,
      "capex": -590000,
      "gross_margin": null,
      "op_margin": -0.3354822237824727,
      "fcf_margin": -0.2711559328524925,
      "incr_op_margin_yoy": 0.22483783837069457,
      "rev_growth_yoy": 1.836785688418918,
      "rev_growth_yoy_accel": -2.2418316257444344,
      "op_leverage_ratio": 1.1833060282746615,
      "fcf_margin_change": 0.06395429483091913
    },
    {
      "date": "2025-06-30T00:00:00",
      "quarter_label": "2025-06 (Q2)",
      "revenue": 102660000,
      "gross_profit": null,
      "operating_income": -22184000,
      "net_income": -20340000,
      "opex": 124844000,
      "cogs": null,
      "rd": 15594000,
      "sga": 103013000,
      "fcf": -30388000,
      "ocf": -29387000,
      "capex": -1001000,
      "gross_margin": null,
      "op_margin": -0.2160919540229885,
      "fcf_margin": -0.29600623417105004,
      "incr_op_margin_yoy": 0.17976619722864487,
      "rev_growth_yoy": 1.5153750030627495,
      "rev_growth_yoy_accel": -0.32141068535616846,
      "op_leverage_ratio": 1.6058927823178926,
      "fcf_margin_change": -0.024850301318557533
    },
    {
      "date": "2025-09-30T00:00:00",
      "quarter_label": "2025-09 (Q3)",
      "revenue": 118697000,
      "gross_profit": null,
      "operating_income": -14529000,
      "net_income": -12585000,
      "opex": 133226000,
      "cogs": null,
      "rd": 16284000,
      "sga": 108633000,
      "fcf": 16347000,
      "ocf": 18257000,
      "capex": -1910000,
      "gross_margin": null,
      "op_margin": -0.12240410456877596,
      "fcf_margin": 0.1377204141637952,
      "incr_op_margin_yoy": 0.15065387721560236,
      "rev_growth_yoy": 1.4667899746456627,
      "rev_growth_yoy_accel": -0.048585028417086784,
      "op_leverage_ratio": 2.326708025133222,
      "fcf_margin_change": 0.43372664833484526
    },
    {
      "date": "2025-12-31T00:00:00",
      "quarter_label": "2025-12 (Q4)",
      "revenue": 151668000,
      "gross_profit": null,
      "operating_income": -7976000,
      "net_income": -8373000,
      "opex": 159644000,
      "cogs": null,
      "rd": 18035000,
      "sga": 130682000,
      "fcf": 12972000,
      "ocf": 19330000,
      "capex": -6358000,
      "gross_margin": null,
      "op_margin": -0.05258854867209958,
      "fcf_margin": 0.08552891842709075,
      "incr_op_margin_yoy": 0.1928806005160685,
      "rev_growth_yoy": 1.2838814600650523,
      "rev_growth_yoy_accel": -0.18290851458061042,
      "op_leverage_ratio": 1.40081708425078,
      "fcf_margin_change": -0.052191495736704466
    }
  ],
  "signals": [
    {
      "quarter": "2025-12 (Q4)",
      "signal": "YoY REVENUE GROWTH DECELERATION",
      "detail": "YoY growth: +128.4% vs prior quarter YoY: +146.7% (decel: -18.3%)",
      "severity": "WARNING"
    },
    {
      "quarter": "2025-09 (Q3)",
      "signal": "FCF TURNED POSITIVE",
      "detail": "FCF margin: -29.6% -> +13.8%",
      "severity": "HIGH"
    },
    {
      "quarter": "2025-09 (Q3)",
      "signal": "OPERATING LEVERAGE",
      "detail": "Rev growth +15.6% vs OpEx growth +6.7% (leverage: 2.3x)",
      "severity": "MEDIUM"
    },
    {
      "quarter": "2025-06 (Q2)",
      "signal": "OPERATING LEVERAGE",
      "detail": "Rev growth +31.1% vs OpEx growth +19.3% (leverage: 1.6x)",
      "severity": "MEDIUM"
    },
    {
      "quarter": "2025-06 (Q2)",
      "signal": "YoY REVENUE GROWTH DECELERATION",
      "detail": "YoY growth: +151.5% vs prior quarter YoY: +183.7% (decel: -32.1%)",
      "severity": "WARNING"
    },
    {
      "quarter": "2025-03 (Q1)",
      "signal": "FCF MARGIN EXPANSION",
      "detail": "FCF margin: -33.5% -> -27.1% (+6.4%)",
      "severity": "MEDIUM"
    },
    {
      "quarter": "2025-03 (Q1)",
      "signal": "YoY REVENUE GROWTH DECELERATION",
      "detail": "YoY growth: +183.7% vs prior quarter YoY: +407.9% (decel: -224.2%)",
      "severity": "WARNING"
    },
    {
      "quarter": "2024-12 (Q4)",
      "signal": "OPERATING LEVERAGE",
      "detail": "Rev growth +38.0% vs OpEx growth +23.9% (leverage: 1.6x)",
      "severity": "MEDIUM"
    },
    {
      "quarter": "2024-12 (Q4)",
      "signal": "YoY REVENUE GROWTH DECELERATION",
      "detail": "YoY growth: +407.9% vs prior quarter YoY: +2471.8% (decel: -2063.9%)",
      "severity": "WARNING"
    },
    {
      "quarter": "2024-09 (Q3)",
      "signal": "FCF MARGIN EXPANSION",
      "detail": "FCF margin: -37.8% -> -18.6% (+19.3%)",
      "severity": "MEDIUM"
    },
    {
      "quarter": "2024-06 (Q2)",
      "signal": "FCF MARGIN EXPANSION",
      "detail": "FCF margin: -137.5% -> -37.8% (+99.6%)",
      "severity": "MEDIUM"
    },
    {
      "quarter": "2024-06 (Q2)",
      "signal": "OPERATING LEVERAGE",
      "detail": "Rev growth +47.8% vs OpEx growth +13.5% (leverage: 3.5x)",
      "severity": "MEDIUM"
    },
    {
      "quarter": "2024-03 (Q1)",
      "signal": "FCF MARGIN EXPANSION",
      "detail": "FCF margin: -300.8% -> -137.5% (+163.3%)",
      "severity": "MEDIUM"
    },
    {
      "quarter": "2024-03 (Q1)",
      "signal": "OPERATING LEVERAGE",
      "detail": "Rev growth +111.2% vs OpEx growth +13.5% (leverage: 8.2x)",
      "severity": "MEDIUM"
    },
    {
      "quarter": "2024-03 (Q1)",
      "signal": "YoY REVENUE GROWTH ACCELERATION",
      "detail": "YoY growth: +1004.6% vs prior quarter YoY: +30.8% (accel: +973.8%)",
      "severity": "HIGH"
    },
    {
      "quarter": "2023-12 (Q4)",
      "signal": "FCF MARGIN EXPANSION",
      "detail": "FCF margin: -1749.7% -> -300.8% (+1448.9%)",
      "severity": "MEDIUM"
    },
    {
      "quarter": "2023-12 (Q4)",
      "signal": "OPERATING LEVERAGE",
      "detail": "Rev growth +598.9% vs OpEx growth +34.4% (leverage: 17.4x)",
      "severity": "MEDIUM"
    },
    {
      "quarter": "2023-06 (Q2)",
      "signal": "YoY REVENUE GROWTH DECELERATION",
      "detail": "YoY growth: -100.0% vs prior quarter YoY: +363.8% (decel: -463.8%)",
      "severity": "WARNING"
    },
    {
      "quarter": "2023-03 (Q1)",
      "signal": "YoY REVENUE GROWTH DECELERATION",
      "detail": "YoY growth: +363.8% vs prior quarter YoY: +2858.6% (decel: -2494.8%)",
      "severity": "WARNING"
    },
    {
      "quarter": "2022-12 (Q4)",
      "signal": "YoY REVENUE GROWTH ACCELERATION",
      "detail": "YoY growth: +2858.6% vs prior quarter YoY: -100.0% (accel: +2958.6%)",
      "severity": "HIGH"
    },
    {
      "quarter": "2022-09 (Q3)",
      "signal": "YoY REVENUE GROWTH DECELERATION",
      "detail": "YoY growth: -100.0% vs prior quarter YoY: -30.6% (decel: -69.4%)",
      "severity": "WARNING"
    },
    {
      "quarter": "2022-06 (Q2)",
      "signal": "FCF MARGIN EXPANSION",
      "detail": "FCF margin: -2865.9% -> -28.7% (+2837.2%)",
      "severity": "MEDIUM"
    },
    {
      "quarter": "2022-06 (Q2)",
      "signal": "OPERATING LEVERAGE",
      "detail": "Rev growth +2734.3% vs OpEx growth +2.2% (leverage: 1243.8x)",
      "severity": "MEDIUM"
    },
    {
      "quarter": "2022-06 (Q2)",
      "signal": "YoY REVENUE GROWTH ACCELERATION",
      "detail": "YoY growth: -30.6% vs prior quarter YoY: -98.4% (accel: +67.8%)",
      "severity": "HIGH"
    },
    {
      "quarter": "2022-03 (Q1)",
      "signal": "FCF MARGIN EXPANSION",
      "detail": "FCF margin: -3667.2% -> -2865.9% (+801.3%)",
      "severity": "MEDIUM"
    },
    {
      "quarter": "2022-03 (Q1)",
      "signal": "OPERATING LEVERAGE",
      "detail": "Rev growth +59.5% vs OpEx growth +35.7% (leverage: 1.7x)",
      "severity": "MEDIUM"
    },
    {
      "quarter": "2021-09 (Q3)",
      "signal": "FCF MARGIN EXPANSION",
      "detail": "FCF margin: +93.3% -> +563.8% (+470.5%)",
      "severity": "MEDIUM"
    },
    {
      "quarter": "2021-06 (Q2)",
      "signal": "FCF TURNED POSITIVE",
      "detail": "FCF margin: -35.8% -> +93.3%",
      "severity": "HIGH"
    }
  ],
  "data_quality": {
    "n_quarters": 20,
    "coverage": {
      "revenue": [
        20,
        20
      ],
      "gross_profit": [
        6,
        20
      ],
      "op_income": [
        20,
        20
      ],
      "fcf": [
        20,
        20
      ]
    },
    "gaps": [],
    "warnings": [
      "gross_profit: 6/20Q"
    ]
  },
  "market_cap": null,
  "source": "SEC EDGAR",
  "last_updated": "2026-02-24T10:05:40.545843"
}