{
  "ticker": "TASK",
  "name": "TaskUs, Inc.",
  "quarters": [
    {
      "date": "2020-12-31T00:00:00",
      "quarter_label": "2020-12 (Q4)",
      "revenue": 138792000,
      "gross_profit": 59578000,
      "operating_income": 18081000,
      "net_income": 13554000,
      "opex": 120711000,
      "cogs": 79214000,
      "rd": null,
      "sga": 29889000,
      "fcf": 6247000,
      "ocf": 13244000,
      "capex": -6997000,
      "gross_margin": 0.4292610525102311,
      "op_margin": 0.13027407919764827,
      "fcf_margin": 0.04500979883566776
    },
    {
      "date": "2021-03-31T00:00:00",
      "quarter_label": "2021-03 (Q1)",
      "revenue": 152871000,
      "gross_profit": 64841000,
      "operating_income": 22401000,
      "net_income": 16507000,
      "opex": 130470000,
      "cogs": 88030000,
      "rd": null,
      "sga": 31498000,
      "fcf": 29795000,
      "ocf": 39922000,
      "capex": -10127000,
      "gross_margin": 0.42415500650875576,
      "op_margin": 0.146535314088349,
      "fcf_margin": 0.19490289198082042,
      "op_leverage_ratio": 1.2547260210038231,
      "fcf_margin_change": 0.14989309314515264
    },
    {
      "date": "2021-06-30T00:00:00",
      "quarter_label": "2021-06 (Q2)",
      "revenue": 180022000,
      "gross_profit": 76224000,
      "operating_income": -113028000,
      "net_income": -105943000,
      "opex": 293050000,
      "cogs": 103798000,
      "rd": null,
      "sga": 177810000,
      "fcf": -7571000,
      "ocf": 5755000,
      "capex": -13326000,
      "gross_margin": 0.42341491595471664,
      "op_margin": -0.6278565953050183,
      "fcf_margin": -0.04205597093688549,
      "op_leverage_ratio": 0.14252933747808608,
      "fcf_margin_change": -0.2369588629177059
    },
    {
      "date": "2021-09-30T00:00:00",
      "quarter_label": "2021-09 (Q3)",
      "revenue": 201053000,
      "gross_profit": 88630000,
      "operating_income": 16129000,
      "net_income": 11636000,
      "opex": 184924000,
      "cogs": 112423000,
      "rd": null,
      "sga": 60342000,
      "fcf": -124253000,
      "ocf": -109103000,
      "capex": -15150000,
      "gross_margin": 0.44082903513004035,
      "op_margin": 0.08022262786429449,
      "fcf_margin": -0.6180111711837177,
      "op_leverage_ratio": Infinity,
      "fcf_margin_change": -0.5759552002468322
    },
    {
      "date": "2021-12-31T00:00:00",
      "quarter_label": "2021-12 (Q4)",
      "revenue": 226757000,
      "gross_profit": 99272000,
      "operating_income": 20216000,
      "net_income": 19102000,
      "opex": 206541000,
      "cogs": 127485000,
      "rd": null,
      "sga": 65662000,
      "fcf": 9992000,
      "ocf": 30752000,
      "capex": -20760000,
      "gross_margin": 0.4377902335980808,
      "op_margin": 0.08915270531890968,
      "fcf_margin": 0.044064791825610676,
      "incr_op_margin_yoy": 0.02427101688171432,
      "rev_growth_yoy": 0.6337901319960805,
      "op_leverage_ratio": 1.09367431065255,
      "fcf_margin_change": 0.6620759630093284
    },
    {
      "date": "2022-03-31T00:00:00",
      "quarter_label": "2022-03 (Q1)",
      "revenue": 239680000,
      "gross_profit": 98398000,
      "operating_income": 20554000,
      "net_income": 11586000,
      "opex": 219126000,
      "cogs": 141282000,
      "rd": null,
      "sga": 64247000,
      "fcf": 19120000,
      "ocf": 36890000,
      "capex": -17770000,
      "gross_margin": 0.4105390520694259,
      "op_margin": 0.08575600801068091,
      "fcf_margin": 0.07977303070761015,
      "incr_op_margin_yoy": -0.02127659574468085,
      "rev_growth_yoy": 0.5678578670905535,
      "rev_growth_yoy_accel": -0.06593226490552695,
      "op_leverage_ratio": 0.9353102573828946,
      "fcf_margin_change": 0.03570823888199947
    },
    {
      "date": "2022-06-30T00:00:00",
      "quarter_label": "2022-06 (Q2)",
      "revenue": 246459000,
      "gross_profit": 102921000,
      "operating_income": 19373000,
      "net_income": 7729000,
      "opex": 227086000,
      "cogs": 143538000,
      "rd": null,
      "sga": 68919000,
      "fcf": 24489000,
      "ocf": 36076000,
      "capex": -11587000,
      "gross_margin": 0.41759887040035054,
      "op_margin": 0.07860536640982882,
      "fcf_margin": 0.0993633829561915,
      "incr_op_margin_yoy": 1.9928804732302783,
      "rev_growth_yoy": 0.3690493384141938,
      "rev_growth_yoy_accel": -0.19880852867635973,
      "op_leverage_ratio": 0.7786005052381398,
      "fcf_margin_change": 0.019590352248581355
    },
    {
      "date": "2022-09-30T00:00:00",
      "quarter_label": "2022-09 (Q3)",
      "revenue": 232130000,
      "gross_profit": 97586000,
      "operating_income": 20731000,
      "net_income": 5365000,
      "opex": 211399000,
      "cogs": 134544000,
      "rd": null,
      "sga": 62348000,
      "fcf": 34845000,
      "ocf": 41498000,
      "capex": -6653000,
      "gross_margin": 0.42039374488433207,
      "op_margin": 0.08930771550424331,
      "fcf_margin": 0.1501098522379701,
      "incr_op_margin_yoy": 0.1480837918718023,
      "rev_growth_yoy": 0.1545711827229636,
      "rev_growth_yoy_accel": -0.2144781556912302,
      "fcf_margin_change": 0.0507464692817786
    },
    {
      "date": "2022-12-31T00:00:00",
      "quarter_label": "2022-12 (Q4)",
      "revenue": 242220000,
      "gross_profit": 102823000,
      "operating_income": 23239000,
      "net_income": 15742000,
      "opex": 218981000,
      "cogs": 139397000,
      "rd": null,
      "sga": 64489000,
      "fcf": 24883000,
      "ocf": 32631000,
      "capex": -7748000,
      "gross_margin": 0.4245025183717282,
      "op_margin": 0.09594170588720997,
      "fcf_margin": 0.10272892411856989,
      "incr_op_margin_yoy": 0.19549893293668757,
      "rev_growth_yoy": 0.06819194115286407,
      "rev_growth_yoy_accel": -0.08637924157009953,
      "op_leverage_ratio": 1.2119342060883915,
      "fcf_margin_change": -0.047380928119400215
    },
    {
      "date": "2023-03-31T00:00:00",
      "quarter_label": "2023-03 (Q1)",
      "revenue": 235306000,
      "gross_profit": 97544000,
      "operating_income": 18400000,
      "net_income": 9509000,
      "opex": 216906000,
      "cogs": 137762000,
      "rd": null,
      "sga": 64294000,
      "fcf": 38439000,
      "ocf": 43683000,
      "capex": -5244000,
      "gross_margin": 0.4145410656761834,
      "op_margin": 0.07819605109941948,
      "fcf_margin": 0.16335750044622746,
      "incr_op_margin_yoy": 0.4924554183813443,
      "rev_growth_yoy": -0.018249332443257677,
      "rev_growth_yoy_accel": -0.08644127359612175,
      "fcf_margin_change": 0.06062857632765757
    },
    {
      "date": "2023-06-30T00:00:00",
      "quarter_label": "2023-06 (Q2)",
      "revenue": 229169000,
      "gross_profit": 95615000,
      "operating_income": 22169000,
      "net_income": 10132000,
      "opex": 207000000,
      "cogs": 133554000,
      "rd": null,
      "sga": 58175000,
      "fcf": 28729000,
      "ocf": 38530000,
      "capex": -9801000,
      "gross_margin": 0.41722484280160055,
      "op_margin": 0.09673646959230961,
      "fcf_margin": 0.12536163268155814,
      "incr_op_margin_yoy": -0.16171197223828804,
      "rev_growth_yoy": -0.07015365638909514,
      "rev_growth_yoy_accel": -0.051904323945837466,
      "fcf_margin_change": -0.03799586776466932
    },
    {
      "date": "2023-09-30T00:00:00",
      "quarter_label": "2023-09 (Q3)",
      "revenue": 225626000,
      "gross_profit": 95487000,
      "operating_income": 22944000,
      "net_income": 9772000,
      "opex": 202682000,
      "cogs": 130139000,
      "rd": null,
      "sga": 57114000,
      "fcf": 13823000,
      "ocf": 21682000,
      "capex": -7859000,
      "gross_margin": 0.42320920461294353,
      "op_margin": 0.10169040802035226,
      "fcf_margin": 0.061265102426138834,
      "incr_op_margin_yoy": -0.34025215252152524,
      "rev_growth_yoy": -0.028018782578727437,
      "rev_growth_yoy_accel": 0.04213487381036771,
      "fcf_margin_change": -0.06409653025541931
    },
    {
      "date": "2023-12-31T00:00:00",
      "quarter_label": "2023-12 (Q4)",
      "revenue": 234264000,
      "gross_profit": 96974000,
      "operating_income": 31525000,
      "net_income": 16277000,
      "opex": 202739000,
      "cogs": 137290000,
      "rd": null,
      "sga": 48940000,
      "fcf": 31684000,
      "ocf": 39775000,
      "capex": -8091000,
      "gross_margin": 0.41395178089676604,
      "op_margin": 0.13457039920773145,
      "fcf_margin": 0.1352491206502066,
      "incr_op_margin_yoy": -1.041478129713424,
      "rev_growth_yoy": -0.03284617290066881,
      "rev_growth_yoy_accel": -0.004827390321941374,
      "op_leverage_ratio": Infinity,
      "fcf_margin_change": 0.07398401822406778
    },
    {
      "date": "2024-03-31T00:00:00",
      "quarter_label": "2024-03 (Q1)",
      "revenue": 227470000,
      "gross_profit": 92059000,
      "operating_income": 23558000,
      "net_income": 11714000,
      "opex": 203912000,
      "cogs": 135411000,
      "rd": null,
      "sga": 52904000,
      "fcf": 47605000,
      "ocf": 51177000,
      "capex": -3572000,
      "gross_margin": 0.4047083131841562,
      "op_margin": 0.10356530531498659,
      "fcf_margin": 0.2092803446608344,
      "incr_op_margin_yoy": -0.6582440020418581,
      "rev_growth_yoy": -0.03330131828342669,
      "rev_growth_yoy_accel": -0.000455145382757878,
      "fcf_margin_change": 0.07403122401062778
    },
    {
      "date": "2024-06-30T00:00:00",
      "quarter_label": "2024-06 (Q2)",
      "revenue": 237928000,
      "gross_profit": 94052000,
      "operating_income": 22722000,
      "net_income": 12598000,
      "opex": 215206000,
      "cogs": 143876000,
      "rd": null,
      "sga": 56276000,
      "fcf": 25518000,
      "ocf": 30034000,
      "capex": -4516000,
      "gross_margin": 0.3952960559496991,
      "op_margin": 0.09549947883393295,
      "fcf_margin": 0.1072509330553781,
      "incr_op_margin_yoy": 0.06313506108003197,
      "rev_growth_yoy": 0.03822070175285488,
      "rev_growth_yoy_accel": 0.07152202003628157,
      "op_leverage_ratio": 0.8300791603520338,
      "fcf_margin_change": -0.1020294116054563
    },
    {
      "date": "2024-09-30T00:00:00",
      "quarter_label": "2024-09 (Q3)",
      "revenue": 255345000,
      "gross_profit": 101580000,
      "operating_income": 24194000,
      "net_income": 12699000,
      "opex": 231151000,
      "cogs": 153765000,
      "rd": null,
      "sga": 62650000,
      "fcf": 6286000,
      "ocf": 17019000,
      "capex": -10733000,
      "gross_margin": 0.3978147212594725,
      "op_margin": 0.09475023987154634,
      "fcf_margin": 0.02461767412716129,
      "incr_op_margin_yoy": 0.04206063461085501,
      "rev_growth_yoy": 0.13171797576520436,
      "rev_growth_yoy_accel": 0.09349727401234947,
      "op_leverage_ratio": 0.9880016040858821,
      "fcf_margin_change": -0.08263325892821681
    },
    {
      "date": "2024-12-31T00:00:00",
      "quarter_label": "2024-12 (Q4)",
      "revenue": 274242000,
      "gross_profit": 104396000,
      "operating_income": 21950000,
      "net_income": 8859000,
      "opex": 252292000,
      "cogs": 169846000,
      "rd": null,
      "sga": 67755000,
      "fcf": 20375000,
      "ocf": 40658000,
      "capex": -20283000,
      "gross_margin": 0.3806710861210172,
      "op_margin": 0.08003879785007402,
      "fcf_margin": 0.07429569504306416,
      "incr_op_margin_yoy": -0.23950672870078543,
      "rev_growth_yoy": 0.17065362155516853,
      "rev_growth_yoy_accel": 0.03893564578996417,
      "op_leverage_ratio": 0.8091625144102639,
      "fcf_margin_change": 0.04967802091590287
    },
    {
      "date": "2025-03-31T00:00:00",
      "quarter_label": "2025-03 (Q1)",
      "revenue": 277792000,
      "gross_profit": 106611000,
      "operating_income": 34238000,
      "net_income": 21148000,
      "opex": 243554000,
      "cogs": 171181000,
      "rd": null,
      "sga": 57424000,
      "fcf": 21796000,
      "ocf": 36276000,
      "capex": -14480000,
      "gross_margin": 0.3837799504665361,
      "op_margin": 0.12325048957493376,
      "fcf_margin": 0.07846158276696233,
      "incr_op_margin_yoy": 0.21223321807559317,
      "rev_growth_yoy": 0.2212247768936563,
      "rev_growth_yoy_accel": 0.05057115533848777,
      "op_leverage_ratio": Infinity,
      "fcf_margin_change": 0.004165887723898171
    },
    {
      "date": "2025-06-30T00:00:00",
      "quarter_label": "2025-06 (Q2)",
      "revenue": 294086000,
      "gross_profit": 113518000,
      "operating_income": 30362000,
      "net_income": 20047000,
      "opex": 263724000,
      "cogs": 180568000,
      "rd": null,
      "sga": 68406000,
      "fcf": 38000,
      "ocf": 17009000,
      "capex": -16971000,
      "gross_margin": 0.386002733894167,
      "op_margin": 0.10324190882939004,
      "fcf_margin": 0.00012921390341600757,
      "incr_op_margin_yoy": 0.13604473093771147,
      "rev_growth_yoy": 0.23602938704145793,
      "rev_growth_yoy_accel": 0.014804610147801628,
      "op_leverage_ratio": 0.708267551951712,
      "fcf_margin_change": -0.07833236886354632
    },
    {
      "date": "2025-09-30T00:00:00",
      "quarter_label": "2025-09 (Q3)",
      "revenue": 298713000,
      "gross_profit": 113293000,
      "operating_income": 37941000,
      "net_income": 31375000,
      "opex": 260772000,
      "cogs": 185420000,
      "rd": null,
      "sga": 59699000,
      "fcf": 41962000,
      "ocf": 54264000,
      "capex": -12302000,
      "gross_margin": 0.3792704033637639,
      "op_margin": 0.12701489389480872,
      "fcf_margin": 0.14047597526722974,
      "incr_op_margin_yoy": 0.3169848736395499,
      "rev_growth_yoy": 0.1698408036186336,
      "rev_growth_yoy_accel": -0.06618858342282433,
      "op_leverage_ratio": Infinity,
      "fcf_margin_change": 0.14034676136381374
    }
  ],
  "signals": [
    {
      "quarter": "2025-09 (Q3)",
      "signal": "FCF MARGIN EXPANSION",
      "detail": "FCF margin: +0.0% -> +14.0% (+14.0%)",
      "severity": "MEDIUM"
    },
    {
      "quarter": "2025-09 (Q3)",
      "signal": "YoY REVENUE GROWTH DECELERATION",
      "detail": "YoY growth: +17.0% vs prior quarter YoY: +23.6% (decel: -6.6%)",
      "severity": "WARNING"
    },
    {
      "quarter": "2025-09 (Q3)",
      "signal": "INCREMENTAL MARGIN (YoY)",
      "detail": "YoY Incr OPM: +31.7% vs year-ago OPM: +9.5%",
      "severity": "HIGH"
    },
    {
      "quarter": "2025-03 (Q1)",
      "signal": "YoY REVENUE GROWTH ACCELERATION",
      "detail": "YoY growth: +22.1% vs prior quarter YoY: +17.1% (accel: +5.1%)",
      "severity": "MEDIUM"
    },
    {
      "quarter": "2025-03 (Q1)",
      "signal": "INCREMENTAL MARGIN (YoY)",
      "detail": "YoY Incr OPM: +21.2% vs year-ago OPM: +10.4%",
      "severity": "MEDIUM"
    },
    {
      "quarter": "2024-09 (Q3)",
      "signal": "YoY REVENUE GROWTH ACCELERATION",
      "detail": "YoY growth: +13.2% vs prior quarter YoY: +3.8% (accel: +9.3%)",
      "severity": "MEDIUM"
    },
    {
      "quarter": "2024-06 (Q2)",
      "signal": "YoY REVENUE GROWTH ACCELERATION",
      "detail": "YoY growth: +3.8% vs prior quarter YoY: -3.3% (accel: +7.2%)",
      "severity": "MEDIUM"
    },
    {
      "quarter": "2024-03 (Q1)",
      "signal": "FCF MARGIN EXPANSION",
      "detail": "FCF margin: +13.5% -> +20.9% (+7.4%)",
      "severity": "MEDIUM"
    },
    {
      "quarter": "2023-12 (Q4)",
      "signal": "FCF MARGIN EXPANSION",
      "detail": "FCF margin: +6.1% -> +13.5% (+7.4%)",
      "severity": "MEDIUM"
    },
    {
      "quarter": "2023-12 (Q4)",
      "signal": "OPERATING LEVERAGE",
      "detail": "Rev growth +3.8% vs OpEx growth +0.0% (leverage: 136.1x)",
      "severity": "MEDIUM"
    },
    {
      "quarter": "2023-06 (Q2)",
      "signal": "YoY REVENUE GROWTH DECELERATION",
      "detail": "YoY growth: -7.0% vs prior quarter YoY: -1.8% (decel: -5.2%)",
      "severity": "WARNING"
    },
    {
      "quarter": "2023-03 (Q1)",
      "signal": "FCF MARGIN EXPANSION",
      "detail": "FCF margin: +10.3% -> +16.3% (+6.1%)",
      "severity": "MEDIUM"
    },
    {
      "quarter": "2023-03 (Q1)",
      "signal": "YoY REVENUE GROWTH DECELERATION",
      "detail": "YoY growth: -1.8% vs prior quarter YoY: +6.8% (decel: -8.6%)",
      "severity": "WARNING"
    },
    {
      "quarter": "2023-03 (Q1)",
      "signal": "INCREMENTAL MARGIN (YoY)",
      "detail": "YoY Incr OPM: +49.2% vs year-ago OPM: +8.6%",
      "severity": "HIGH"
    },
    {
      "quarter": "2022-12 (Q4)",
      "signal": "YoY REVENUE GROWTH DECELERATION",
      "detail": "YoY growth: +6.8% vs prior quarter YoY: +15.5% (decel: -8.6%)",
      "severity": "WARNING"
    },
    {
      "quarter": "2022-12 (Q4)",
      "signal": "INCREMENTAL MARGIN (YoY)",
      "detail": "YoY Incr OPM: +19.5% vs year-ago OPM: +8.9%",
      "severity": "MEDIUM"
    },
    {
      "quarter": "2022-09 (Q3)",
      "signal": "FCF MARGIN EXPANSION",
      "detail": "FCF margin: +9.9% -> +15.0% (+5.1%)",
      "severity": "MEDIUM"
    },
    {
      "quarter": "2022-09 (Q3)",
      "signal": "YoY REVENUE GROWTH DECELERATION",
      "detail": "YoY growth: +15.5% vs prior quarter YoY: +36.9% (decel: -21.4%)",
      "severity": "WARNING"
    },
    {
      "quarter": "2022-06 (Q2)",
      "signal": "YoY REVENUE GROWTH DECELERATION",
      "detail": "YoY growth: +36.9% vs prior quarter YoY: +56.8% (decel: -19.9%)",
      "severity": "WARNING"
    },
    {
      "quarter": "2022-06 (Q2)",
      "signal": "OP MARGIN TURNED POSITIVE (YoY)",
      "detail": "Op margin: -62.8% (year-ago) -> +7.9%",
      "severity": "HIGH"
    },
    {
      "quarter": "2022-03 (Q1)",
      "signal": "YoY REVENUE GROWTH DECELERATION",
      "detail": "YoY growth: +56.8% vs prior quarter YoY: +63.4% (decel: -6.6%)",
      "severity": "WARNING"
    },
    {
      "quarter": "2021-12 (Q4)",
      "signal": "FCF TURNED POSITIVE",
      "detail": "FCF margin: -61.8% -> +4.4%",
      "severity": "HIGH"
    },
    {
      "quarter": "2021-09 (Q3)",
      "signal": "OP MARGIN TURNED POSITIVE (QoQ)",
      "detail": "Op margin: -62.8% -> +8.0%",
      "severity": "HIGH"
    },
    {
      "quarter": "2021-03 (Q1)",
      "signal": "FCF MARGIN EXPANSION",
      "detail": "FCF margin: +4.5% -> +19.5% (+15.0%)",
      "severity": "MEDIUM"
    }
  ],
  "data_quality": {
    "n_quarters": 20,
    "coverage": {
      "revenue": [
        20,
        20
      ],
      "gross_profit": [
        20,
        20
      ],
      "op_income": [
        20,
        20
      ],
      "fcf": [
        20,
        20
      ]
    },
    "gaps": [],
    "warnings": []
  },
  "market_cap": null,
  "source": "SEC EDGAR",
  "last_updated": "2026-02-02T22:01:35.243969"
}