{
  "ticker": "TAYD",
  "name": "Taylor Devices, Inc.",
  "quarters": [
    {
      "date": "2021-02-28T00:00:00",
      "quarter_label": "2021-02 (Q1)",
      "revenue": 4772371,
      "gross_profit": 403587,
      "operating_income": -819688,
      "net_income": 182318,
      "opex": 1223275,
      "cogs": 4368784,
      "rd": null,
      "sga": 1223275,
      "fcf": 1094817,
      "ocf": 1463030,
      "capex": -368213,
      "gross_margin": 0.08456739846923049,
      "op_margin": -0.17175697363008868,
      "fcf_margin": 0.22940735328414325
    },
    {
      "date": "2021-05-31T00:00:00",
      "quarter_label": "2021-05 (Q2)",
      "revenue": 7260216,
      "gross_profit": 640148,
      "operating_income": -1053944,
      "net_income": 59276,
      "opex": 1694092,
      "cogs": 6620068,
      "rd": null,
      "sga": 1694092,
      "fcf": 4472469,
      "ocf": 5005217,
      "capex": -532748,
      "gross_margin": 0.08817203234724696,
      "op_margin": -0.1451670308431595,
      "fcf_margin": 0.6160242339897325,
      "op_leverage_ratio": 1.3544440993112625,
      "fcf_margin_change": 0.38661688070558925
    },
    {
      "date": "2021-08-31T00:00:00",
      "quarter_label": "2021-08 (Q3)",
      "revenue": 7307737,
      "gross_profit": 1590239,
      "operating_income": 118140,
      "net_income": 181877,
      "opex": 1472099,
      "cogs": 5717498,
      "rd": 281940,
      "sga": 1472099,
      "fcf": -432753,
      "ocf": 29200,
      "capex": -461953,
      "gross_margin": 0.21761032177266368,
      "op_margin": 0.016166427445322675,
      "fcf_margin": -0.0592184694112555,
      "fcf_margin_change": -0.675242703400988
    },
    {
      "date": "2021-11-30T00:00:00",
      "quarter_label": "2021-11 (Q4)",
      "revenue": 7757986,
      "gross_profit": 2389246,
      "operating_income": 780386,
      "net_income": 659804,
      "opex": 1608860,
      "cogs": 5368740,
      "rd": 201277,
      "sga": 1608860,
      "fcf": -1501617,
      "ocf": -1403411,
      "capex": -98206,
      "gross_margin": 0.307972455737868,
      "op_margin": 0.10059131326094169,
      "fcf_margin": -0.1935575805370105,
      "op_leverage_ratio": 0.6632001226737956,
      "fcf_margin_change": -0.134339111125755
    },
    {
      "date": "2022-02-28T00:00:00",
      "quarter_label": "2022-02 (Q1)",
      "revenue": 6143329,
      "gross_profit": 1173573,
      "operating_income": -191091,
      "net_income": -117293,
      "opex": 1364664,
      "cogs": 4969756,
      "rd": 201277,
      "sga": 1364664,
      "fcf": 1600445,
      "ocf": 1762255,
      "capex": -161810,
      "gross_margin": 0.19103209351151468,
      "op_margin": -0.031105447876875875,
      "fcf_margin": 0.2605175467568154,
      "incr_op_margin_yoy": 0.45850930517200383,
      "rev_growth_yoy": 0.2872697868627565,
      "fcf_margin_change": 0.4540751272938259
    },
    {
      "date": "2022-05-31T00:00:00",
      "quarter_label": "2022-05 (Q2)",
      "revenue": 9657530,
      "gross_profit": 3474454,
      "operating_income": 1765342,
      "net_income": 1515035,
      "opex": 1709112,
      "cogs": 6183076,
      "rd": 528506,
      "sga": 1709112,
      "fcf": 2250873,
      "ocf": 2920481,
      "capex": -669608,
      "gross_margin": 0.3597663170603664,
      "op_margin": 0.18279435839184555,
      "fcf_margin": 0.23306922163327476,
      "incr_op_margin_yoy": 1.1760186608846401,
      "rev_growth_yoy": 0.3301987158508783,
      "rev_growth_yoy_accel": 0.042928928988121784,
      "op_leverage_ratio": 2.2663390993259465,
      "fcf_margin_change": -0.027448325123540618
    },
    {
      "date": "2022-08-31T00:00:00",
      "quarter_label": "2022-08 (Q3)",
      "revenue": 9090699,
      "gross_profit": 3384757,
      "operating_income": 1178373,
      "net_income": 1002371,
      "opex": 2206384,
      "cogs": 5705942,
      "rd": 375346,
      "sga": 1831038,
      "fcf": -864350,
      "ocf": -30886,
      "capex": -833464,
      "gross_margin": 0.37233187458962175,
      "op_margin": 0.12962402561123187,
      "fcf_margin": -0.09508069731491495,
      "incr_op_margin_yoy": 0.5946469975243444,
      "rev_growth_yoy": 0.24398278153688344,
      "rev_growth_yoy_accel": -0.08621593431399485,
      "fcf_margin_change": -0.3281499189481897
    },
    {
      "date": "2022-11-30T00:00:00",
      "quarter_label": "2022-11 (Q4)",
      "revenue": 10497366,
      "gross_profit": 4093825,
      "operating_income": 1756463,
      "net_income": 1559508,
      "opex": 2337362,
      "cogs": 6403541,
      "rd": 315301,
      "sga": 2022061,
      "fcf": -674913,
      "ocf": -117546,
      "capex": -557367,
      "gross_margin": 0.3899859259932444,
      "op_margin": 0.16732416493813781,
      "fcf_margin": -0.06429355706945913,
      "incr_op_margin_yoy": 0.35631310734545774,
      "rev_growth_yoy": 0.353104529964349,
      "rev_growth_yoy_accel": 0.10912174842746555,
      "op_leverage_ratio": 2.6066142542937345,
      "fcf_margin_change": 0.030787140245455813
    },
    {
      "date": "2023-02-28T00:00:00",
      "quarter_label": "2023-02 (Q1)",
      "revenue": 9891272,
      "gross_profit": 4020749,
      "operating_income": 1804946,
      "net_income": 1658887,
      "opex": 2215803,
      "cogs": 5870523,
      "rd": 190688,
      "sga": 2025115,
      "fcf": 497397,
      "ocf": 1489080,
      "capex": -991683,
      "gross_margin": 0.4064946348659707,
      "op_margin": 0.18247865390821322,
      "fcf_margin": 0.05028645456317448,
      "incr_op_margin_yoy": 0.5325686649983737,
      "rev_growth_yoy": 0.6100833928965875,
      "rev_growth_yoy_accel": 0.25697886293223854,
      "fcf_margin_change": 0.11458001163263362
    },
    {
      "date": "2023-05-31T00:00:00",
      "quarter_label": "2023-05 (Q2)",
      "revenue": 10720017,
      "gross_profit": 4566711,
      "operating_income": 2069284,
      "net_income": 2066592,
      "opex": 2497427,
      "cogs": 6153306,
      "rd": 215472,
      "sga": 2281955,
      "fcf": 5389150,
      "ocf": 6366131,
      "capex": -976981,
      "gross_margin": 0.4259984848904624,
      "op_margin": 0.19302991776971995,
      "fcf_margin": 0.5027184191965367,
      "incr_op_margin_yoy": 0.28606655893201516,
      "rev_growth_yoy": 0.11001643277318321,
      "rev_growth_yoy_accel": -0.5000669601234043,
      "op_leverage_ratio": 0.6592198255078998,
      "fcf_margin_change": 0.4524319646333622
    },
    {
      "date": "2023-08-31T00:00:00",
      "quarter_label": "2023-08 (Q3)",
      "revenue": 9923628,
      "gross_profit": 4384576,
      "operating_income": 1919545,
      "net_income": 1847863,
      "opex": 2465031,
      "cogs": 5539052,
      "rd": 129074,
      "sga": 2335957,
      "fcf": 2610468,
      "ocf": 3038120,
      "capex": -427652,
      "gross_margin": 0.4418319590375617,
      "op_margin": 0.19343177716859197,
      "fcf_margin": 0.2630558098308401,
      "rev_growth_yoy": 0.09162430743774488,
      "rev_growth_yoy_accel": -0.018392125335438325,
      "fcf_margin_change": -0.2396626093656966
    },
    {
      "date": "2023-11-30T00:00:00",
      "quarter_label": "2023-11 (Q4)",
      "revenue": 10339875,
      "gross_profit": 4810667,
      "operating_income": 2053660,
      "net_income": 1981348,
      "opex": 2757007,
      "cogs": 5529208,
      "rd": 84081,
      "sga": 2672926,
      "fcf": 4207352,
      "ocf": 4324501,
      "capex": -117149,
      "gross_margin": 0.46525388363012127,
      "op_margin": 0.1986155538630786,
      "fcf_margin": 0.4069054993411429,
      "rev_growth_yoy": -0.015002906443387799,
      "rev_growth_yoy_accel": -0.10662721388113268,
      "op_leverage_ratio": 0.35412441605615885,
      "fcf_margin_change": 0.1438496895103028
    },
    {
      "date": "2024-02-29T00:00:00",
      "quarter_label": "2024-02 (Q1)",
      "revenue": 12254093,
      "gross_profit": 5752866,
      "operating_income": 2993214,
      "net_income": 2696921,
      "opex": 2759652,
      "cogs": 6501227,
      "rd": 108363,
      "sga": 2651289,
      "fcf": -895515,
      "ocf": -684977,
      "capex": -210538,
      "gross_margin": 0.46946485553847195,
      "op_margin": 0.24426238645324463,
      "fcf_margin": -0.07307884802245258,
      "incr_op_margin_yoy": 0.5029022511650268,
      "rev_growth_yoy": 0.23887938780775617,
      "rev_growth_yoy_accel": 0.25388229425114395,
      "op_leverage_ratio": Infinity,
      "fcf_margin_change": -0.47998434736359546
    },
    {
      "date": "2024-05-31T00:00:00",
      "quarter_label": "2024-05 (Q2)",
      "revenue": 12065211,
      "gross_profit": 5891144,
      "operating_income": 2513000,
      "net_income": 2472630,
      "opex": 3378144,
      "cogs": 6174067,
      "rd": 66958,
      "sga": 3311186,
      "fcf": 6147231,
      "ocf": 6541280,
      "capex": -394049,
      "gross_margin": 0.48827525685211803,
      "op_margin": 0.20828479501933286,
      "fcf_margin": 0.5095004969245875,
      "incr_op_margin_yoy": 0.3298527944668204,
      "rev_growth_yoy": 0.12548431592972287,
      "rev_growth_yoy_accel": -0.1133950718780333,
      "fcf_margin_change": 0.5825793449470401
    },
    {
      "date": "2024-08-31T00:00:00",
      "quarter_label": "2024-08 (Q3)",
      "revenue": 11617856,
      "gross_profit": 5503630,
      "operating_income": 2904901,
      "net_income": 2666655,
      "opex": 2598729,
      "cogs": 6114226,
      "rd": 69192,
      "sga": 2529537,
      "fcf": -3836459,
      "ocf": -3589497,
      "capex": -246962,
      "gross_margin": 0.4737216574211283,
      "op_margin": 0.2500376145133835,
      "fcf_margin": -0.33022091167251516,
      "incr_op_margin_yoy": 0.5815958654915395,
      "rev_growth_yoy": 0.17072667375278477,
      "rev_growth_yoy_accel": 0.04524235782306191,
      "fcf_margin_change": -0.8397214085971028
    },
    {
      "date": "2024-11-30T00:00:00",
      "quarter_label": "2024-11 (Q4)",
      "revenue": 8548881,
      "gross_profit": 3886100,
      "operating_income": 944185,
      "net_income": 1056160,
      "opex": 2941915,
      "cogs": 4662781,
      "rd": 102922,
      "sga": 2838993,
      "fcf": -620488,
      "ocf": 103119,
      "capex": -723607,
      "gross_margin": 0.4545741132669878,
      "op_margin": 0.11044544894238205,
      "fcf_margin": -0.07258119512951461,
      "incr_op_margin_yoy": 0.6194744371002918,
      "rev_growth_yoy": -0.1732123454103652,
      "rev_growth_yoy_accel": -0.34393901916314995,
      "fcf_margin_change": 0.25763971654300055
    },
    {
      "date": "2025-02-28T00:00:00",
      "quarter_label": "2025-02 (Q1)",
      "revenue": 10564834,
      "gross_profit": 4528873,
      "operating_income": 2019602,
      "net_income": 2002245,
      "opex": 2509271,
      "cogs": 6035961,
      "rd": 146749,
      "sga": 2362522,
      "fcf": 8835462,
      "ocf": 9022889,
      "capex": -187427,
      "gross_margin": 0.42867431707871606,
      "op_margin": 0.19116268177995036,
      "fcf_margin": 0.836308644319447,
      "incr_op_margin_yoy": 0.5763544844218678,
      "rev_growth_yoy": -0.13785263421780788,
      "rev_growth_yoy_accel": 0.03535971119255732,
      "op_leverage_ratio": Infinity,
      "fcf_margin_change": 0.9088898394489615
    },
    {
      "date": "2025-05-31T00:00:00",
      "quarter_label": "2025-05 (Q2)",
      "revenue": 15561154,
      "gross_profit": 7559541,
      "operating_income": 3758639,
      "net_income": 3688076,
      "opex": 3800902,
      "cogs": 8001613,
      "rd": 125137,
      "sga": 3675765,
      "fcf": 491332,
      "ocf": 1935424,
      "capex": -1444092,
      "gross_margin": 0.48579565500090804,
      "op_margin": 0.24153986266057131,
      "fcf_margin": 0.031574264993457425,
      "incr_op_margin_yoy": 0.3563098711849707,
      "rev_growth_yoy": 0.28975398772553584,
      "rev_growth_yoy_accel": 0.42760662194334376,
      "op_leverage_ratio": 0.918748569580576,
      "fcf_margin_change": -0.8047343793259896
    },
    {
      "date": "2025-08-31T00:00:00",
      "quarter_label": "2025-08 (Q3)",
      "revenue": 9918350,
      "gross_profit": 4438744,
      "operating_income": 2245267,
      "net_income": 2190084,
      "opex": 2193477,
      "cogs": 5479606,
      "rd": 80817,
      "sga": 2112660,
      "fcf": 298641,
      "ocf": 483628,
      "capex": -184987,
      "gross_margin": 0.4475284699572005,
      "op_margin": 0.22637505230204621,
      "fcf_margin": 0.0301099477231596,
      "incr_op_margin_yoy": 0.38813278682158225,
      "rev_growth_yoy": -0.14628396151579087,
      "rev_growth_yoy_accel": -0.4360379492413267,
      "fcf_margin_change": -0.0014643172702978255
    },
    {
      "date": "2025-11-30T00:00:00",
      "quarter_label": "2025-11 (Q4)",
      "revenue": 11603472,
      "gross_profit": 5459351,
      "operating_income": 2229293,
      "net_income": 2008624,
      "opex": 3230058,
      "cogs": 6144121,
      "rd": 214370,
      "sga": 3015688,
      "fcf": 4439734,
      "ocf": 5745880,
      "capex": -1306146,
      "gross_margin": 0.4704928835093496,
      "op_margin": 0.19212292665505634,
      "fcf_margin": 0.38262116718168493,
      "incr_op_margin_yoy": 0.42071360781197875,
      "rev_growth_yoy": 0.35730886884494006,
      "rev_growth_yoy_accel": 0.5035928303607309,
      "op_leverage_ratio": 0.35951892757622317,
      "fcf_margin_change": 0.3525112194585253
    }
  ],
  "signals": [
    {
      "quarter": "2025-11 (Q4)",
      "signal": "FCF MARGIN EXPANSION",
      "detail": "FCF margin: +3.0% -> +38.3% (+35.3%)",
      "severity": "MEDIUM"
    },
    {
      "quarter": "2025-11 (Q4)",
      "signal": "GROSS MARGIN INFLECTION",
      "detail": "GM: +48.6% -> +44.8% -> +47.0% (reversal +2.3%)",
      "severity": "MEDIUM"
    },
    {
      "quarter": "2025-11 (Q4)",
      "signal": "YoY REVENUE GROWTH ACCELERATION",
      "detail": "YoY growth: +35.7% vs prior quarter YoY: -14.6% (accel: +50.4%)",
      "severity": "HIGH"
    },
    {
      "quarter": "2025-11 (Q4)",
      "signal": "INCREMENTAL MARGIN (YoY)",
      "detail": "YoY Incr OPM: +42.1% vs year-ago OPM: +11.0%",
      "severity": "HIGH"
    },
    {
      "quarter": "2025-08 (Q3)",
      "signal": "YoY REVENUE GROWTH DECELERATION",
      "detail": "YoY growth: -14.6% vs prior quarter YoY: +29.0% (decel: -43.6%)",
      "severity": "WARNING"
    },
    {
      "quarter": "2025-08 (Q3)",
      "signal": "INCREMENTAL MARGIN (YoY)",
      "detail": "YoY Incr OPM: +38.8% vs year-ago OPM: +25.0%",
      "severity": "MEDIUM"
    },
    {
      "quarter": "2025-05 (Q2)",
      "signal": "GROSS MARGIN INFLECTION",
      "detail": "GM: +45.5% -> +42.9% -> +48.6% (reversal +5.7%)",
      "severity": "HIGH"
    },
    {
      "quarter": "2025-05 (Q2)",
      "signal": "YoY REVENUE GROWTH ACCELERATION",
      "detail": "YoY growth: +29.0% vs prior quarter YoY: -13.8% (accel: +42.8%)",
      "severity": "HIGH"
    },
    {
      "quarter": "2025-05 (Q2)",
      "signal": "INCREMENTAL MARGIN (YoY)",
      "detail": "YoY Incr OPM: +35.6% vs year-ago OPM: +20.8%",
      "severity": "MEDIUM"
    },
    {
      "quarter": "2025-02 (Q1)",
      "signal": "FCF TURNED POSITIVE",
      "detail": "FCF margin: -7.3% -> +83.6%",
      "severity": "HIGH"
    },
    {
      "quarter": "2025-02 (Q1)",
      "signal": "INCREMENTAL MARGIN (YoY)",
      "detail": "YoY Incr OPM: +57.6% vs year-ago OPM: +24.4%",
      "severity": "HIGH"
    },
    {
      "quarter": "2024-11 (Q4)",
      "signal": "FCF MARGIN EXPANSION",
      "detail": "FCF margin: -33.0% -> -7.3% (+25.8%)",
      "severity": "MEDIUM"
    },
    {
      "quarter": "2024-11 (Q4)",
      "signal": "YoY REVENUE GROWTH DECELERATION",
      "detail": "YoY growth: -17.3% vs prior quarter YoY: +17.1% (decel: -34.4%)",
      "severity": "WARNING"
    },
    {
      "quarter": "2024-11 (Q4)",
      "signal": "INCREMENTAL MARGIN (YoY)",
      "detail": "YoY Incr OPM: +61.9% vs year-ago OPM: +19.9%",
      "severity": "HIGH"
    },
    {
      "quarter": "2024-08 (Q3)",
      "signal": "INCREMENTAL MARGIN (YoY)",
      "detail": "YoY Incr OPM: +58.2% vs year-ago OPM: +19.3%",
      "severity": "HIGH"
    },
    {
      "quarter": "2024-05 (Q2)",
      "signal": "FCF TURNED POSITIVE",
      "detail": "FCF margin: -7.3% -> +51.0%",
      "severity": "HIGH"
    },
    {
      "quarter": "2024-05 (Q2)",
      "signal": "YoY REVENUE GROWTH DECELERATION",
      "detail": "YoY growth: +12.5% vs prior quarter YoY: +23.9% (decel: -11.3%)",
      "severity": "WARNING"
    },
    {
      "quarter": "2024-05 (Q2)",
      "signal": "INCREMENTAL MARGIN (YoY)",
      "detail": "YoY Incr OPM: +33.0% vs year-ago OPM: +19.3%",
      "severity": "MEDIUM"
    },
    {
      "quarter": "2024-02 (Q1)",
      "signal": "OPERATING LEVERAGE",
      "detail": "Rev growth +18.5% vs OpEx growth +0.1% (leverage: 193.0x)",
      "severity": "MEDIUM"
    },
    {
      "quarter": "2024-02 (Q1)",
      "signal": "YoY REVENUE GROWTH ACCELERATION",
      "detail": "YoY growth: +23.9% vs prior quarter YoY: -1.5% (accel: +25.4%)",
      "severity": "HIGH"
    },
    {
      "quarter": "2024-02 (Q1)",
      "signal": "INCREMENTAL MARGIN (YoY)",
      "detail": "YoY Incr OPM: +50.3% vs year-ago OPM: +18.2%",
      "severity": "HIGH"
    },
    {
      "quarter": "2023-11 (Q4)",
      "signal": "FCF MARGIN EXPANSION",
      "detail": "FCF margin: +26.3% -> +40.7% (+14.4%)",
      "severity": "MEDIUM"
    },
    {
      "quarter": "2023-11 (Q4)",
      "signal": "YoY REVENUE GROWTH DECELERATION",
      "detail": "YoY growth: -1.5% vs prior quarter YoY: +9.2% (decel: -10.7%)",
      "severity": "WARNING"
    },
    {
      "quarter": "2023-05 (Q2)",
      "signal": "FCF MARGIN EXPANSION",
      "detail": "FCF margin: +5.0% -> +50.3% (+45.2%)",
      "severity": "MEDIUM"
    },
    {
      "quarter": "2023-05 (Q2)",
      "signal": "YoY REVENUE GROWTH DECELERATION",
      "detail": "YoY growth: +11.0% vs prior quarter YoY: +61.0% (decel: -50.0%)",
      "severity": "WARNING"
    },
    {
      "quarter": "2023-05 (Q2)",
      "signal": "INCREMENTAL MARGIN (YoY)",
      "detail": "YoY Incr OPM: +28.6% vs year-ago OPM: +18.3%",
      "severity": "MEDIUM"
    },
    {
      "quarter": "2023-02 (Q1)",
      "signal": "FCF TURNED POSITIVE",
      "detail": "FCF margin: -6.4% -> +5.0%",
      "severity": "HIGH"
    },
    {
      "quarter": "2023-02 (Q1)",
      "signal": "YoY REVENUE GROWTH ACCELERATION",
      "detail": "YoY growth: +61.0% vs prior quarter YoY: +35.3% (accel: +25.7%)",
      "severity": "HIGH"
    },
    {
      "quarter": "2023-02 (Q1)",
      "signal": "OP MARGIN TURNED POSITIVE (YoY)",
      "detail": "Op margin: -3.1% (year-ago) -> +18.2%",
      "severity": "HIGH"
    },
    {
      "quarter": "2022-11 (Q4)",
      "signal": "OPERATING LEVERAGE",
      "detail": "Rev growth +15.5% vs OpEx growth +5.9% (leverage: 2.6x)",
      "severity": "MEDIUM"
    },
    {
      "quarter": "2022-11 (Q4)",
      "signal": "YoY REVENUE GROWTH ACCELERATION",
      "detail": "YoY growth: +35.3% vs prior quarter YoY: +24.4% (accel: +10.9%)",
      "severity": "MEDIUM"
    },
    {
      "quarter": "2022-11 (Q4)",
      "signal": "INCREMENTAL MARGIN (YoY)",
      "detail": "YoY Incr OPM: +35.6% vs year-ago OPM: +10.1%",
      "severity": "HIGH"
    },
    {
      "quarter": "2022-08 (Q3)",
      "signal": "YoY REVENUE GROWTH DECELERATION",
      "detail": "YoY growth: +24.4% vs prior quarter YoY: +33.0% (decel: -8.6%)",
      "severity": "WARNING"
    },
    {
      "quarter": "2022-08 (Q3)",
      "signal": "INCREMENTAL MARGIN (YoY)",
      "detail": "YoY Incr OPM: +59.5% vs year-ago OPM: +1.6%",
      "severity": "HIGH"
    },
    {
      "quarter": "2022-05 (Q2)",
      "signal": "OPERATING LEVERAGE",
      "detail": "Rev growth +57.2% vs OpEx growth +25.2% (leverage: 2.3x)",
      "severity": "MEDIUM"
    },
    {
      "quarter": "2022-05 (Q2)",
      "signal": "GROSS MARGIN INFLECTION",
      "detail": "GM: +30.8% -> +19.1% -> +36.0% (reversal +16.9%)",
      "severity": "HIGH"
    },
    {
      "quarter": "2022-05 (Q2)",
      "signal": "OP MARGIN TURNED POSITIVE (YoY)",
      "detail": "Op margin: -14.5% (year-ago) -> +18.3%",
      "severity": "HIGH"
    },
    {
      "quarter": "2022-05 (Q2)",
      "signal": "OP MARGIN TURNED POSITIVE (QoQ)",
      "detail": "Op margin: -3.1% -> +18.3%",
      "severity": "HIGH"
    },
    {
      "quarter": "2022-02 (Q1)",
      "signal": "FCF TURNED POSITIVE",
      "detail": "FCF margin: -19.4% -> +26.1%",
      "severity": "HIGH"
    },
    {
      "quarter": "2021-08 (Q3)",
      "signal": "OP MARGIN TURNED POSITIVE (QoQ)",
      "detail": "Op margin: -14.5% -> +1.6%",
      "severity": "HIGH"
    },
    {
      "quarter": "2021-05 (Q2)",
      "signal": "FCF MARGIN EXPANSION",
      "detail": "FCF margin: +22.9% -> +61.6% (+38.7%)",
      "severity": "MEDIUM"
    }
  ],
  "data_quality": {
    "n_quarters": 20,
    "coverage": {
      "revenue": [
        20,
        20
      ],
      "gross_profit": [
        20,
        20
      ],
      "op_income": [
        20,
        20
      ],
      "fcf": [
        20,
        20
      ]
    },
    "gaps": [],
    "warnings": []
  },
  "market_cap": null,
  "source": "SEC EDGAR",
  "last_updated": "2026-02-02T22:56:31.843708"
}