{
  "ticker": "TBCH",
  "name": "TURTLE BEACH CORPORATION",
  "quarters": [
    {
      "date": "2020-12-31T00:00:00",
      "quarter_label": "2020-12 (Q4)",
      "revenue": 132912000,
      "gross_profit": 47640000,
      "operating_income": 20003000,
      "net_income": 16303000,
      "opex": 27637000,
      "cogs": 85272000,
      "rd": 3577000,
      "sga": null,
      "fcf": 16666000,
      "ocf": 18411000,
      "capex": -1745000,
      "gross_margin": 0.35843264716504153,
      "op_margin": 0.15049807391356687,
      "fcf_margin": 0.12539123630672927
    },
    {
      "date": "2021-03-31T00:00:00",
      "quarter_label": "2021-03 (Q1)",
      "revenue": 93053000,
      "gross_profit": 34855000,
      "operating_income": 12280000,
      "net_income": 8838000,
      "opex": 22575000,
      "cogs": 58198000,
      "rd": 3993000,
      "sga": null,
      "fcf": 18807000,
      "ocf": 21087000,
      "capex": -2280000,
      "gross_margin": 0.3745714807690241,
      "op_margin": 0.13196780329489646,
      "fcf_margin": 0.20211062512761543,
      "fcf_margin_change": 0.07671938882088616
    },
    {
      "date": "2021-06-30T00:00:00",
      "quarter_label": "2021-06 (Q2)",
      "revenue": 78564000,
      "gross_profit": 28710000,
      "operating_income": 443000,
      "net_income": 1721000,
      "opex": 28267000,
      "cogs": 49854000,
      "rd": 4416000,
      "sga": null,
      "fcf": -9675000,
      "ocf": -8639000,
      "capex": -1036000,
      "gross_margin": 0.36543455017565296,
      "op_margin": 0.0056387149330482155,
      "fcf_margin": -0.1231480067206354,
      "fcf_margin_change": -0.3252586318482508
    },
    {
      "date": "2021-09-30T00:00:00",
      "quarter_label": "2021-09 (Q3)",
      "revenue": 85307000,
      "gross_profit": 29273000,
      "operating_income": 1490000,
      "net_income": 2623000,
      "opex": 27783000,
      "cogs": 56034000,
      "rd": 4520000,
      "sga": null,
      "fcf": -23956000,
      "ocf": -22727000,
      "capex": -1229000,
      "gross_margin": 0.343148862344239,
      "op_margin": 0.017466327499501798,
      "fcf_margin": -0.2808210346161511,
      "op_leverage_ratio": Infinity,
      "fcf_margin_change": -0.15767302789551568
    },
    {
      "date": "2021-12-31T00:00:00",
      "quarter_label": "2021-12 (Q4)",
      "revenue": 109430000,
      "gross_profit": 35545000,
      "operating_income": 6218000,
      "net_income": 4539000,
      "opex": 29327000,
      "cogs": 73885000,
      "rd": 4561000,
      "sga": null,
      "fcf": 8876000,
      "ocf": 9952000,
      "capex": -1076000,
      "gross_margin": 0.3248195193274239,
      "op_margin": 0.05682171251028054,
      "fcf_margin": 0.08111121264735448,
      "incr_op_margin_yoy": 0.5870453964738949,
      "rev_growth_yoy": -0.17667328758878054,
      "op_leverage_ratio": 5.088367738380567,
      "fcf_margin_change": 0.3619322472635056
    },
    {
      "date": "2022-03-31T00:00:00",
      "quarter_label": "2022-03 (Q1)",
      "revenue": 46662000,
      "gross_profit": 14029000,
      "operating_income": -8287000,
      "net_income": -6476000,
      "opex": 22316000,
      "cogs": 32633000,
      "rd": 5252000,
      "sga": null,
      "fcf": -13959000,
      "ocf": -13348000,
      "capex": -611000,
      "gross_margin": 0.30065149372080063,
      "op_margin": -0.1775963310616776,
      "fcf_margin": -0.29915134370579916,
      "incr_op_margin_yoy": 0.4433403030760277,
      "rev_growth_yoy": -0.49854384060696594,
      "rev_growth_yoy_accel": -0.3218705530181854,
      "fcf_margin_change": -0.38026255635315365
    },
    {
      "date": "2022-06-30T00:00:00",
      "quarter_label": "2022-06 (Q2)",
      "revenue": 41300000,
      "gross_profit": 7882000,
      "operating_income": -21373000,
      "net_income": -17826000,
      "opex": 29255000,
      "cogs": 33418000,
      "rd": 5136000,
      "sga": null,
      "fcf": -28495000,
      "ocf": -27899000,
      "capex": -596000,
      "gross_margin": 0.19084745762711863,
      "op_margin": -0.5175060532687651,
      "fcf_margin": -0.6899515738498789,
      "incr_op_margin_yoy": 0.5854443967367969,
      "rev_growth_yoy": -0.47431393513568554,
      "rev_growth_yoy_accel": 0.0242299054712804,
      "fcf_margin_change": -0.3908002301440798
    },
    {
      "date": "2022-09-30T00:00:00",
      "quarter_label": "2022-09 (Q3)",
      "revenue": 51304000,
      "gross_profit": 7258000,
      "operating_income": -13698000,
      "net_income": -12011000,
      "opex": 20956000,
      "cogs": 44046000,
      "rd": 4400000,
      "sga": null,
      "fcf": -28963000,
      "ocf": -28275000,
      "capex": -688000,
      "gross_margin": 0.14147045064712302,
      "op_margin": -0.26699672540152813,
      "fcf_margin": -0.5645368782161235,
      "incr_op_margin_yoy": 0.4466664706055348,
      "rev_growth_yoy": -0.3985956603795703,
      "rev_growth_yoy_accel": 0.07571827475611526,
      "op_leverage_ratio": Infinity,
      "fcf_margin_change": 0.1254146956337554
    },
    {
      "date": "2022-12-31T00:00:00",
      "quarter_label": "2022-12 (Q4)",
      "revenue": 100900000,
      "gross_profit": 20018000,
      "operating_income": -8122000,
      "net_income": -23233000,
      "opex": 28140000,
      "cogs": 80882000,
      "rd": 4335000,
      "sga": null,
      "fcf": 26022000,
      "ocf": 27676000,
      "capex": -1654000,
      "gross_margin": 0.19839444995044597,
      "op_margin": -0.08049554013875124,
      "fcf_margin": 0.2578989098116947,
      "incr_op_margin_yoy": 1.6811254396248534,
      "rev_growth_yoy": -0.07794937402905967,
      "rev_growth_yoy_accel": 0.3206462863505106,
      "op_leverage_ratio": 2.819924563378188,
      "fcf_margin_change": 0.8224357880278182
    },
    {
      "date": "2023-03-31T00:00:00",
      "quarter_label": "2023-03 (Q1)",
      "revenue": 51444000,
      "gross_profit": 14139000,
      "operating_income": -6492000,
      "net_income": -6705000,
      "opex": 20631000,
      "cogs": 37305000,
      "rd": 4101000,
      "sga": null,
      "fcf": 28102000,
      "ocf": 28989000,
      "capex": -887000,
      "gross_margin": 0.27484254723582924,
      "op_margin": -0.12619547469092607,
      "fcf_margin": 0.5462638986081954,
      "incr_op_margin_yoy": 0.3753659556670849,
      "rev_growth_yoy": 0.10248167673910248,
      "rev_growth_yoy_accel": 0.18043105076816215,
      "fcf_margin_change": 0.28836498879650063
    },
    {
      "date": "2023-06-30T00:00:00",
      "quarter_label": "2023-06 (Q2)",
      "revenue": 47982000,
      "gross_profit": 11872000,
      "operating_income": -15793000,
      "net_income": -15920000,
      "opex": 27665000,
      "cogs": 36110000,
      "rd": 4189000,
      "sga": null,
      "fcf": -5144000,
      "ocf": -4779000,
      "capex": -365000,
      "gross_margin": 0.24742611812763118,
      "op_margin": -0.3291442624317452,
      "fcf_margin": -0.10720686924263266,
      "incr_op_margin_yoy": 0.83507931756959,
      "rev_growth_yoy": 0.1617917675544794,
      "rev_growth_yoy_accel": 0.05931009081537693,
      "fcf_margin_change": -0.653470767850828
    },
    {
      "date": "2023-09-30T00:00:00",
      "quarter_label": "2023-09 (Q3)",
      "revenue": 59158000,
      "gross_profit": 17689000,
      "operating_income": -2517000,
      "net_income": -3606000,
      "opex": 20206000,
      "cogs": 41469000,
      "rd": 4380000,
      "sga": null,
      "fcf": -16938000,
      "ocf": -16266000,
      "capex": -672000,
      "gross_margin": 0.2990128131444606,
      "op_margin": -0.04254707731836776,
      "fcf_margin": -0.2863179958754522,
      "incr_op_margin_yoy": 1.423605805958747,
      "rev_growth_yoy": 0.15308747855917668,
      "rev_growth_yoy_accel": -0.008704288995302734,
      "op_leverage_ratio": Infinity,
      "fcf_margin_change": -0.17911112663281953
    },
    {
      "date": "2023-12-31T00:00:00",
      "quarter_label": "2023-12 (Q4)",
      "revenue": 99538000,
      "gross_profit": 31804000,
      "operating_income": 8359000,
      "net_income": 8552000,
      "opex": 23445000,
      "cogs": 67734000,
      "rd": 4467000,
      "sga": null,
      "fcf": 18865000,
      "ocf": 19100000,
      "capex": -235000,
      "gross_margin": 0.3195161646808254,
      "op_margin": 0.08397797825955916,
      "fcf_margin": 0.18952560831039403,
      "incr_op_margin_yoy": -12.100587371512482,
      "rev_growth_yoy": -0.013498513379583747,
      "rev_growth_yoy_accel": -0.16658599193876042,
      "op_leverage_ratio": 4.2581625121608555,
      "fcf_margin_change": 0.47584360418584626
    },
    {
      "date": "2024-03-31T00:00:00",
      "quarter_label": "2024-03 (Q1)",
      "revenue": 55848000,
      "gross_profit": 17786000,
      "operating_income": -5713000,
      "net_income": 155000,
      "opex": 23499000,
      "cogs": 38062000,
      "rd": 3902000,
      "sga": null,
      "fcf": 26526000,
      "ocf": 27257000,
      "capex": -731000,
      "gross_margin": 0.31847156567826956,
      "op_margin": -0.10229551640166165,
      "fcf_margin": 0.4749677696605071,
      "incr_op_margin_yoy": 0.17688465031789283,
      "rev_growth_yoy": 0.08560765103802193,
      "rev_growth_yoy_accel": 0.09910616441760567,
      "fcf_margin_change": 0.285442161350113
    },
    {
      "date": "2024-06-30T00:00:00",
      "quarter_label": "2024-06 (Q2)",
      "revenue": 76478000,
      "gross_profit": 23076000,
      "operating_income": -4111000,
      "net_income": -7524000,
      "opex": 27187000,
      "cogs": 53402000,
      "rd": 4589000,
      "sga": null,
      "fcf": -13880000,
      "ocf": -12644000,
      "capex": -1236000,
      "gross_margin": 0.30173383195167236,
      "op_margin": -0.05375402076414132,
      "fcf_margin": -0.1814901017286017,
      "incr_op_margin_yoy": 0.40995227400336887,
      "rev_growth_yoy": 0.5938893751823601,
      "rev_growth_yoy_accel": 0.5082817241443381,
      "op_leverage_ratio": 2.353694388098965,
      "fcf_margin_change": -0.6564578713891087
    },
    {
      "date": "2024-09-30T00:00:00",
      "quarter_label": "2024-09 (Q3)",
      "revenue": 94363000,
      "gross_profit": 34131000,
      "operating_income": 6423000,
      "net_income": 3413000,
      "opex": 27708000,
      "cogs": 60232000,
      "rd": 4311000,
      "sga": null,
      "fcf": -24591000,
      "ocf": -23166000,
      "capex": -1425000,
      "gross_margin": 0.36169897099498743,
      "op_margin": 0.06806693301399913,
      "fcf_margin": -0.2606000233142227,
      "incr_op_margin_yoy": 0.253941201533873,
      "rev_growth_yoy": 0.5951012542682308,
      "rev_growth_yoy_accel": 0.0012118790858707262,
      "op_leverage_ratio": 12.20326342768201,
      "fcf_margin_change": -0.07910992158562102
    },
    {
      "date": "2024-12-31T00:00:00",
      "quarter_label": "2024-12 (Q4)",
      "revenue": 146077000,
      "gross_profit": 53989000,
      "operating_income": 23430000,
      "net_income": 20139000,
      "opex": 30559000,
      "cogs": 92088000,
      "rd": 4502000,
      "sga": null,
      "fcf": 12792000,
      "ocf": 14314000,
      "capex": -1522000,
      "gross_margin": 0.36959274902962136,
      "op_margin": 0.16039486024493932,
      "fcf_margin": 0.08757025404410003,
      "incr_op_margin_yoy": 0.32383592255957366,
      "rev_growth_yoy": 0.46755008137595694,
      "rev_growth_yoy_accel": -0.12755117289227386,
      "op_leverage_ratio": 5.326161772062024,
      "fcf_margin_change": 0.34817027735832273
    },
    {
      "date": "2025-03-31T00:00:00",
      "quarter_label": "2025-03 (Q1)",
      "revenue": 63901000,
      "gross_profit": 23367000,
      "operating_income": 1536000,
      "net_income": -664000,
      "opex": 21831000,
      "cogs": 40534000,
      "rd": 3993000,
      "sga": null,
      "fcf": 40286000,
      "ocf": 40452000,
      "capex": -166000,
      "gross_margin": 0.36567502855980344,
      "op_margin": 0.02403718251670553,
      "fcf_margin": 0.6304439680130202,
      "incr_op_margin_yoy": 0.9001614305227865,
      "rev_growth_yoy": 0.14419495774244379,
      "rev_growth_yoy_accel": -0.32335512363351315,
      "fcf_margin_change": 0.5428737139689201
    },
    {
      "date": "2025-06-30T00:00:00",
      "quarter_label": "2025-06 (Q2)",
      "revenue": 56777000,
      "gross_profit": 18262000,
      "operating_income": -329000,
      "net_income": -2931000,
      "opex": 18591000,
      "cogs": 38515000,
      "rd": 4471000,
      "sga": null,
      "fcf": -3479000,
      "ocf": -3149000,
      "capex": -330000,
      "gross_margin": 0.3216443278087958,
      "op_margin": -0.005794599926026384,
      "fcf_margin": -0.06127481198372581,
      "incr_op_margin_yoy": -0.19196995076392062,
      "rev_growth_yoy": -0.25760349381521486,
      "rev_growth_yoy_accel": -0.40179845155765864,
      "fcf_margin_change": -0.6917187799967459
    },
    {
      "date": "2025-09-30T00:00:00",
      "quarter_label": "2025-09 (Q3)",
      "revenue": 80457000,
      "gross_profit": 30058000,
      "operating_income": 5367000,
      "net_income": 1717000,
      "opex": 24691000,
      "cogs": 50399000,
      "rd": 4161000,
      "sga": null,
      "fcf": -15855000,
      "ocf": -15182000,
      "capex": -673000,
      "gross_margin": 0.3735908621996843,
      "op_margin": 0.0667064394645587,
      "fcf_margin": -0.19706178455572543,
      "incr_op_margin_yoy": 0.07593844383719257,
      "rev_growth_yoy": -0.1473670824369721,
      "rev_growth_yoy_accel": 0.11023641137824275,
      "op_leverage_ratio": 1.2711071817640311,
      "fcf_margin_change": -0.13578697257199962
    }
  ],
  "signals": [
    {
      "quarter": "2025-09 (Q3)",
      "signal": "GROSS MARGIN INFLECTION",
      "detail": "GM: +36.6% -> +32.2% -> +37.4% (reversal +5.2%)",
      "severity": "HIGH"
    },
    {
      "quarter": "2025-09 (Q3)",
      "signal": "YoY REVENUE GROWTH ACCELERATION",
      "detail": "YoY growth: -14.7% vs prior quarter YoY: -25.8% (accel: +11.0%)",
      "severity": "MEDIUM"
    },
    {
      "quarter": "2025-09 (Q3)",
      "signal": "OP MARGIN TURNED POSITIVE (QoQ)",
      "detail": "Op margin: -0.6% -> +6.7%",
      "severity": "HIGH"
    },
    {
      "quarter": "2025-06 (Q2)",
      "signal": "YoY REVENUE GROWTH DECELERATION",
      "detail": "YoY growth: -25.8% vs prior quarter YoY: +14.4% (decel: -40.2%)",
      "severity": "WARNING"
    },
    {
      "quarter": "2025-03 (Q1)",
      "signal": "FCF MARGIN EXPANSION",
      "detail": "FCF margin: +8.8% -> +63.0% (+54.3%)",
      "severity": "MEDIUM"
    },
    {
      "quarter": "2025-03 (Q1)",
      "signal": "YoY REVENUE GROWTH DECELERATION",
      "detail": "YoY growth: +14.4% vs prior quarter YoY: +46.8% (decel: -32.3%)",
      "severity": "WARNING"
    },
    {
      "quarter": "2025-03 (Q1)",
      "signal": "OP MARGIN TURNED POSITIVE (YoY)",
      "detail": "Op margin: -10.2% (year-ago) -> +2.4%",
      "severity": "HIGH"
    },
    {
      "quarter": "2024-12 (Q4)",
      "signal": "FCF TURNED POSITIVE",
      "detail": "FCF margin: -26.1% -> +8.8%",
      "severity": "HIGH"
    },
    {
      "quarter": "2024-12 (Q4)",
      "signal": "OPERATING LEVERAGE",
      "detail": "Rev growth +54.8% vs OpEx growth +10.3% (leverage: 5.3x)",
      "severity": "MEDIUM"
    },
    {
      "quarter": "2024-12 (Q4)",
      "signal": "YoY REVENUE GROWTH DECELERATION",
      "detail": "YoY growth: +46.8% vs prior quarter YoY: +59.5% (decel: -12.8%)",
      "severity": "WARNING"
    },
    {
      "quarter": "2024-12 (Q4)",
      "signal": "INCREMENTAL MARGIN (YoY)",
      "detail": "YoY Incr OPM: +32.4% vs year-ago OPM: +8.4%",
      "severity": "HIGH"
    },
    {
      "quarter": "2024-09 (Q3)",
      "signal": "OPERATING LEVERAGE",
      "detail": "Rev growth +23.4% vs OpEx growth +1.9% (leverage: 12.2x)",
      "severity": "MEDIUM"
    },
    {
      "quarter": "2024-09 (Q3)",
      "signal": "GROSS MARGIN INFLECTION",
      "detail": "GM: +31.8% -> +30.2% -> +36.2% (reversal +6.0%)",
      "severity": "HIGH"
    },
    {
      "quarter": "2024-09 (Q3)",
      "signal": "OP MARGIN TURNED POSITIVE (YoY)",
      "detail": "Op margin: -4.3% (year-ago) -> +6.8%",
      "severity": "HIGH"
    },
    {
      "quarter": "2024-09 (Q3)",
      "signal": "OP MARGIN TURNED POSITIVE (QoQ)",
      "detail": "Op margin: -5.4% -> +6.8%",
      "severity": "HIGH"
    },
    {
      "quarter": "2024-06 (Q2)",
      "signal": "OPERATING LEVERAGE",
      "detail": "Rev growth +36.9% vs OpEx growth +15.7% (leverage: 2.4x)",
      "severity": "MEDIUM"
    },
    {
      "quarter": "2024-06 (Q2)",
      "signal": "YoY REVENUE GROWTH ACCELERATION",
      "detail": "YoY growth: +59.4% vs prior quarter YoY: +8.6% (accel: +50.8%)",
      "severity": "HIGH"
    },
    {
      "quarter": "2024-03 (Q1)",
      "signal": "FCF MARGIN EXPANSION",
      "detail": "FCF margin: +19.0% -> +47.5% (+28.5%)",
      "severity": "MEDIUM"
    },
    {
      "quarter": "2024-03 (Q1)",
      "signal": "YoY REVENUE GROWTH ACCELERATION",
      "detail": "YoY growth: +8.6% vs prior quarter YoY: -1.3% (accel: +9.9%)",
      "severity": "MEDIUM"
    },
    {
      "quarter": "2023-12 (Q4)",
      "signal": "FCF TURNED POSITIVE",
      "detail": "FCF margin: -28.6% -> +19.0%",
      "severity": "HIGH"
    },
    {
      "quarter": "2023-12 (Q4)",
      "signal": "OPERATING LEVERAGE",
      "detail": "Rev growth +68.3% vs OpEx growth +16.0% (leverage: 4.3x)",
      "severity": "MEDIUM"
    },
    {
      "quarter": "2023-12 (Q4)",
      "signal": "YoY REVENUE GROWTH DECELERATION",
      "detail": "YoY growth: -1.3% vs prior quarter YoY: +15.3% (decel: -16.7%)",
      "severity": "WARNING"
    },
    {
      "quarter": "2023-12 (Q4)",
      "signal": "OP MARGIN TURNED POSITIVE (YoY)",
      "detail": "Op margin: -8.0% (year-ago) -> +8.4%",
      "severity": "HIGH"
    },
    {
      "quarter": "2023-12 (Q4)",
      "signal": "OP MARGIN TURNED POSITIVE (QoQ)",
      "detail": "Op margin: -4.3% -> +8.4%",
      "severity": "HIGH"
    },
    {
      "quarter": "2023-09 (Q3)",
      "signal": "GROSS MARGIN INFLECTION",
      "detail": "GM: +27.5% -> +24.7% -> +29.9% (reversal +5.2%)",
      "severity": "HIGH"
    },
    {
      "quarter": "2023-06 (Q2)",
      "signal": "YoY REVENUE GROWTH ACCELERATION",
      "detail": "YoY growth: +16.2% vs prior quarter YoY: +10.2% (accel: +5.9%)",
      "severity": "MEDIUM"
    },
    {
      "quarter": "2023-03 (Q1)",
      "signal": "FCF MARGIN EXPANSION",
      "detail": "FCF margin: +25.8% -> +54.6% (+28.8%)",
      "severity": "MEDIUM"
    },
    {
      "quarter": "2023-03 (Q1)",
      "signal": "YoY REVENUE GROWTH ACCELERATION",
      "detail": "YoY growth: +10.2% vs prior quarter YoY: -7.8% (accel: +18.0%)",
      "severity": "HIGH"
    },
    {
      "quarter": "2022-12 (Q4)",
      "signal": "FCF TURNED POSITIVE",
      "detail": "FCF margin: -56.5% -> +25.8%",
      "severity": "HIGH"
    },
    {
      "quarter": "2022-12 (Q4)",
      "signal": "OPERATING LEVERAGE",
      "detail": "Rev growth +96.7% vs OpEx growth +34.3% (leverage: 2.8x)",
      "severity": "MEDIUM"
    },
    {
      "quarter": "2022-12 (Q4)",
      "signal": "GROSS MARGIN INFLECTION",
      "detail": "GM: +19.1% -> +14.1% -> +19.8% (reversal +5.7%)",
      "severity": "HIGH"
    },
    {
      "quarter": "2022-12 (Q4)",
      "signal": "YoY REVENUE GROWTH ACCELERATION",
      "detail": "YoY growth: -7.8% vs prior quarter YoY: -39.9% (accel: +32.1%)",
      "severity": "HIGH"
    },
    {
      "quarter": "2022-09 (Q3)",
      "signal": "FCF MARGIN EXPANSION",
      "detail": "FCF margin: -69.0% -> -56.5% (+12.5%)",
      "severity": "MEDIUM"
    },
    {
      "quarter": "2022-09 (Q3)",
      "signal": "YoY REVENUE GROWTH ACCELERATION",
      "detail": "YoY growth: -39.9% vs prior quarter YoY: -47.4% (accel: +7.6%)",
      "severity": "MEDIUM"
    },
    {
      "quarter": "2022-03 (Q1)",
      "signal": "YoY REVENUE GROWTH DECELERATION",
      "detail": "YoY growth: -49.9% vs prior quarter YoY: -17.7% (decel: -32.2%)",
      "severity": "WARNING"
    },
    {
      "quarter": "2021-12 (Q4)",
      "signal": "FCF TURNED POSITIVE",
      "detail": "FCF margin: -28.1% -> +8.1%",
      "severity": "HIGH"
    },
    {
      "quarter": "2021-12 (Q4)",
      "signal": "OPERATING LEVERAGE",
      "detail": "Rev growth +28.3% vs OpEx growth +5.6% (leverage: 5.1x)",
      "severity": "MEDIUM"
    },
    {
      "quarter": "2021-12 (Q4)",
      "signal": "INCREMENTAL MARGIN (YoY)",
      "detail": "YoY Incr OPM: +58.7% vs year-ago OPM: +15.0%",
      "severity": "HIGH"
    },
    {
      "quarter": "2021-03 (Q1)",
      "signal": "FCF MARGIN EXPANSION",
      "detail": "FCF margin: +12.5% -> +20.2% (+7.7%)",
      "severity": "MEDIUM"
    }
  ],
  "data_quality": {
    "n_quarters": 20,
    "coverage": {
      "revenue": [
        20,
        20
      ],
      "gross_profit": [
        20,
        20
      ],
      "op_income": [
        20,
        20
      ],
      "fcf": [
        20,
        20
      ]
    },
    "gaps": [],
    "warnings": []
  },
  "market_cap": null,
  "source": "SEC EDGAR",
  "last_updated": "2026-02-02T22:52:02.251099"
}