{
  "ticker": "TBHC",
  "name": "Brand House Collective, INC.",
  "quarters": [
    {
      "date": "2021-01-30T00:00:00",
      "quarter_label": "2021-01 (Q1)",
      "revenue": 194918000,
      "gross_profit": 74011000,
      "operating_income": 28170000,
      "net_income": 21084000,
      "opex": 45841000,
      "cogs": 120907000,
      "rd": null,
      "sga": null,
      "fcf": 62956000,
      "ocf": 64074000,
      "capex": -1118000,
      "gross_margin": 0.37970325983233977,
      "op_margin": 0.14452231194656215,
      "fcf_margin": 0.3229871022686463
    },
    {
      "date": "2021-05-01T00:00:00",
      "quarter_label": "2021-05 (Q2)",
      "revenue": 123569000,
      "gross_profit": 40255000,
      "operating_income": 2054000,
      "net_income": 1719000,
      "opex": 38201000,
      "cogs": null,
      "rd": null,
      "sga": null,
      "fcf": -26514000,
      "ocf": -24955000,
      "capex": -1559000,
      "gross_margin": 0.32576940818490074,
      "op_margin": 0.016622291998802288,
      "fcf_margin": -0.21456837880050822,
      "fcf_margin_change": -0.5375554810691545
    },
    {
      "date": "2021-07-31T00:00:00",
      "quarter_label": "2021-07 (Q3)",
      "revenue": 114790000,
      "gross_profit": 39698000,
      "operating_income": 223000,
      "net_income": 626000,
      "opex": 39475000,
      "cogs": null,
      "rd": null,
      "sga": null,
      "fcf": -15042000,
      "ocf": -13199000,
      "capex": -1843000,
      "gross_margin": 0.3458315184249499,
      "op_margin": 0.001942677933617911,
      "fcf_margin": -0.1310392891366844,
      "fcf_margin_change": 0.08352908966382383
    },
    {
      "date": "2021-10-30T00:00:00",
      "quarter_label": "2021-10 (Q4)",
      "revenue": 143630000,
      "gross_profit": 49813000,
      "operating_income": 9020000,
      "net_income": 7229000,
      "opex": 40793000,
      "cogs": null,
      "rd": null,
      "sga": null,
      "fcf": -2296000,
      "ocf": -536000,
      "capex": -1760000,
      "gross_margin": 0.34681473229826637,
      "op_margin": 0.06280025064401587,
      "fcf_margin": -0.015985518345749496,
      "op_leverage_ratio": 7.524851411054638,
      "fcf_margin_change": 0.1150537707909349
    },
    {
      "date": "2022-01-29T00:00:00",
      "quarter_label": "2022-01 (Q1)",
      "revenue": 176191000,
      "gross_profit": 58662000,
      "operating_income": 14048000,
      "net_income": 12452000,
      "opex": 44614000,
      "cogs": null,
      "rd": null,
      "sga": null,
      "fcf": 5939000,
      "ocf": 7905000,
      "capex": -1966000,
      "gross_margin": 0.33294549664852346,
      "op_margin": 0.07973165485183693,
      "fcf_margin": 0.0337077376256449,
      "incr_op_margin_yoy": 0.7540983606557377,
      "rev_growth_yoy": -0.09607629875126976,
      "op_leverage_ratio": 2.4202553093808037,
      "fcf_margin_change": 0.049693255971394394
    },
    {
      "date": "2022-04-30T00:00:00",
      "quarter_label": "2022-04 (Q2)",
      "revenue": 103285000,
      "gross_profit": 28292000,
      "operating_income": -11095000,
      "net_income": -7855000,
      "opex": 39387000,
      "cogs": null,
      "rd": null,
      "sga": null,
      "fcf": -46026000,
      "ocf": -43631000,
      "capex": -2395000,
      "gross_margin": 0.27392167304061577,
      "op_margin": -0.10742121314808539,
      "fcf_margin": -0.4456213390134095,
      "incr_op_margin_yoy": 0.6482449221060935,
      "rev_growth_yoy": -0.1641512029716191,
      "rev_growth_yoy_accel": -0.06807490422034933,
      "fcf_margin_change": -0.4793290766390544
    },
    {
      "date": "2022-07-30T00:00:00",
      "quarter_label": "2022-07 (Q3)",
      "revenue": 102101000,
      "gross_profit": 18525000,
      "operating_income": -21800000,
      "net_income": -25705000,
      "opex": 40325000,
      "cogs": 83576000,
      "rd": null,
      "sga": null,
      "fcf": -15060000,
      "ocf": -12436000,
      "capex": -2624000,
      "gross_margin": 0.18143798787475146,
      "op_margin": -0.2135140694018668,
      "fcf_margin": -0.1475010039078951,
      "incr_op_margin_yoy": 1.7355977618409646,
      "rev_growth_yoy": -0.11054098789093127,
      "rev_growth_yoy_accel": 0.05361021508068782,
      "fcf_margin_change": 0.2981203351055144
    },
    {
      "date": "2022-10-29T00:00:00",
      "quarter_label": "2022-10 (Q4)",
      "revenue": 130962000,
      "gross_profit": 32687000,
      "operating_income": -6660000,
      "net_income": -7341000,
      "opex": 39347000,
      "cogs": 98275000,
      "rd": null,
      "sga": null,
      "fcf": -4087000,
      "ocf": -2142000,
      "capex": -1945000,
      "gross_margin": 0.24959148455277103,
      "op_margin": -0.050854446327942456,
      "fcf_margin": -0.031207525847192316,
      "incr_op_margin_yoy": 1.2377644458478054,
      "rev_growth_yoy": -0.08819884425259347,
      "rev_growth_yoy_accel": 0.022342143638337794,
      "op_leverage_ratio": Infinity,
      "fcf_margin_change": 0.1162934780607028
    },
    {
      "date": "2023-01-28T00:00:00",
      "quarter_label": "2023-01 (Q1)",
      "revenue": 162477000,
      "gross_profit": 40285000,
      "operating_income": -3196000,
      "net_income": -3793000,
      "opex": 43481000,
      "cogs": 122192000,
      "rd": null,
      "sga": null,
      "fcf": 38902000,
      "ocf": 40058000,
      "capex": -1156000,
      "gross_margin": 0.24794278574813666,
      "op_margin": -0.01967047643666488,
      "fcf_margin": 0.23943081174566247,
      "incr_op_margin_yoy": 1.257401195858247,
      "rev_growth_yoy": -0.07783598481193704,
      "rev_growth_yoy_accel": 0.01036285944065643,
      "op_leverage_ratio": 2.2904096545006496,
      "fcf_margin_change": 0.27063833759285477
    },
    {
      "date": "2023-04-29T00:00:00",
      "quarter_label": "2023-04 (Q2)",
      "revenue": 96875000,
      "gross_profit": 25871000,
      "operating_income": -10337000,
      "net_income": -12107000,
      "opex": 36208000,
      "cogs": 71004000,
      "rd": null,
      "sga": null,
      "fcf": -15627000,
      "ocf": -14781000,
      "capex": -846000,
      "gross_margin": 0.2670554838709677,
      "op_margin": -0.10670451612903226,
      "fcf_margin": -0.16131096774193548,
      "incr_op_margin_yoy": -0.11825273010920437,
      "rev_growth_yoy": -0.06206128673089026,
      "rev_growth_yoy_accel": 0.015774698081046784,
      "fcf_margin_change": -0.4007417794875979
    },
    {
      "date": "2023-07-29T00:00:00",
      "quarter_label": "2023-07 (Q3)",
      "revenue": 89504000,
      "gross_profit": 17439000,
      "operating_income": -18091000,
      "net_income": -19364000,
      "opex": 35530000,
      "cogs": 72065000,
      "rd": null,
      "sga": null,
      "fcf": -15196000,
      "ocf": -13748000,
      "capex": -1448000,
      "gross_margin": 0.1948404540579192,
      "op_margin": -0.20212504469074008,
      "fcf_margin": -0.169780121558813,
      "incr_op_margin_yoy": -0.2944351829800746,
      "rev_growth_yoy": -0.123377831754831,
      "rev_growth_yoy_accel": -0.06131654502394074,
      "fcf_margin_change": -0.008469153816877517
    },
    {
      "date": "2023-10-28T00:00:00",
      "quarter_label": "2023-10 (Q4)",
      "revenue": 116365000,
      "gross_profit": 30653000,
      "operating_income": -6651000,
      "net_income": -6397000,
      "opex": 37304000,
      "cogs": 85712000,
      "rd": null,
      "sga": null,
      "fcf": -15176000,
      "ocf": -14157000,
      "capex": -1019000,
      "gross_margin": 0.26342113178361193,
      "op_margin": -0.05715636144888927,
      "fcf_margin": -0.1304172216731835,
      "incr_op_margin_yoy": -0.0006165650476125231,
      "rev_growth_yoy": -0.11145981277011652,
      "rev_growth_yoy_accel": 0.011918018984714479,
      "op_leverage_ratio": 6.0106484001621965,
      "fcf_margin_change": 0.03936289988562949
    },
    {
      "date": "2024-02-03T00:00:00",
      "quarter_label": "2024-02 (Q1)",
      "revenue": 165946000,
      "gross_profit": 53027000,
      "operating_income": 10665000,
      "net_income": 10117000,
      "opex": 42362000,
      "cogs": 112919000,
      "rd": null,
      "sga": null,
      "fcf": 26744000,
      "ocf": 28210000,
      "capex": -1466000,
      "gross_margin": 0.3195437069890205,
      "op_margin": 0.0642678943752787,
      "fcf_margin": 0.16116085955672327,
      "incr_op_margin_yoy": 3.9956759873162295,
      "rev_growth_yoy": 0.0213507142549407,
      "rev_growth_yoy_accel": 0.13281052702505722,
      "op_leverage_ratio": 3.1424580252986636,
      "fcf_margin_change": 0.2915780812299068
    },
    {
      "date": "2024-05-04T00:00:00",
      "quarter_label": "2024-05 (Q2)",
      "revenue": 91753000,
      "gross_profit": 27068000,
      "operating_income": -7508000,
      "net_income": -8830000,
      "opex": 34576000,
      "cogs": 64685000,
      "rd": null,
      "sga": null,
      "fcf": -14425000,
      "ocf": -13655000,
      "capex": -770000,
      "gross_margin": 0.2950094274846599,
      "op_margin": -0.08182838708271119,
      "fcf_margin": -0.15721556788333896,
      "incr_op_margin_yoy": -0.55232331120656,
      "rev_growth_yoy": -0.05287225806451613,
      "rev_growth_yoy_accel": -0.07422297231945682,
      "fcf_margin_change": -0.3183764274400622
    },
    {
      "date": "2024-08-03T00:00:00",
      "quarter_label": "2024-08 (Q3)",
      "revenue": 86289000,
      "gross_profit": 17660000,
      "operating_income": -13322000,
      "net_income": -14504000,
      "opex": 30982000,
      "cogs": 68629000,
      "rd": null,
      "sga": null,
      "fcf": -13156000,
      "ocf": -12733000,
      "capex": -423000,
      "gross_margin": 0.2046610807866588,
      "op_margin": -0.15438816071573433,
      "fcf_margin": -0.15246439291219044,
      "incr_op_margin_yoy": -1.4833592534992224,
      "rev_growth_yoy": -0.035920182338219524,
      "rev_growth_yoy_accel": 0.016952075726296603,
      "fcf_margin_change": 0.00475117497114852
    },
    {
      "date": "2024-11-02T00:00:00",
      "quarter_label": "2024-11 (Q4)",
      "revenue": 114423000,
      "gross_profit": 32135000,
      "operating_income": -2393000,
      "net_income": -7680000,
      "opex": 34528000,
      "cogs": 82288000,
      "rd": null,
      "sga": null,
      "fcf": -13106000,
      "ocf": -12646000,
      "capex": -460000,
      "gross_margin": 0.2808438862816042,
      "op_margin": -0.02091362750495967,
      "fcf_margin": -0.11453990893439256,
      "incr_op_margin_yoy": -2.192584963954686,
      "rev_growth_yoy": -0.016688866927340694,
      "rev_growth_yoy_accel": 0.01923131541087883,
      "op_leverage_ratio": 2.8487003272499516,
      "fcf_margin_change": 0.03792448397779788
    },
    {
      "date": "2025-02-01T00:00:00",
      "quarter_label": "2025-02 (Q1)",
      "revenue": 148895000,
      "gross_profit": 45143000,
      "operating_income": 9190000,
      "net_income": 7882000,
      "opex": 35953000,
      "cogs": 103752000,
      "rd": null,
      "sga": null,
      "fcf": 19046000,
      "ocf": 19783000,
      "capex": -737000,
      "gross_margin": 0.30318680949662513,
      "op_margin": 0.061721347258134926,
      "fcf_margin": 0.12791564525336646,
      "incr_op_margin_yoy": 0.08650519031141868,
      "rev_growth_yoy": -0.10275029226374845,
      "rev_growth_yoy_accel": -0.08606142533640776,
      "op_leverage_ratio": 7.299778958070476,
      "fcf_margin_change": 0.24245555418775902
    },
    {
      "date": "2025-05-03T00:00:00",
      "quarter_label": "2025-05 (Q2)",
      "revenue": 81504000,
      "gross_profit": 20284000,
      "operating_income": -10516000,
      "net_income": -11824000,
      "opex": 30800000,
      "cogs": 61220000,
      "rd": null,
      "sga": null,
      "fcf": -3645000,
      "ocf": -3077000,
      "capex": -568000,
      "gross_margin": 0.24887122104436593,
      "op_margin": -0.12902434236356497,
      "fcf_margin": -0.04472173144876325,
      "incr_op_margin_yoy": 0.29349204800468337,
      "rev_growth_yoy": -0.1117020696870947,
      "rev_growth_yoy_accel": -0.008951777423346255,
      "fcf_margin_change": -0.1726373767021297
    },
    {
      "date": "2025-08-02T00:00:00",
      "quarter_label": "2025-08 (Q3)",
      "revenue": 75788000,
      "gross_profit": 12369000,
      "operating_income": -18744000,
      "net_income": -20179000,
      "opex": 31113000,
      "cogs": 63419000,
      "rd": null,
      "sga": null,
      "fcf": -7447000,
      "ocf": -6989000,
      "capex": -458000,
      "gross_margin": 0.16320525676888162,
      "op_margin": -0.24732147569536075,
      "fcf_margin": -0.09826093840713569,
      "incr_op_margin_yoy": 0.5163317779259118,
      "rev_growth_yoy": -0.12169569701815991,
      "rev_growth_yoy_accel": -0.009993627331065208,
      "fcf_margin_change": -0.05353920695837244
    },
    {
      "date": "2025-11-01T00:00:00",
      "quarter_label": "2025-11 (Q4)",
      "revenue": 103462000,
      "gross_profit": 21120000,
      "operating_income": -1993000,
      "net_income": -3705000,
      "opex": 23113000,
      "cogs": 82342000,
      "rd": null,
      "sga": null,
      "fcf": -26824000,
      "ocf": -25923000,
      "capex": -901000,
      "gross_margin": 0.20413291836616343,
      "op_margin": -0.019263111093928205,
      "fcf_margin": -0.2592642709400553,
      "incr_op_margin_yoy": -0.036493020709789256,
      "rev_growth_yoy": -0.0957936778444893,
      "rev_growth_yoy_accel": 0.025902019173670604,
      "op_leverage_ratio": Infinity,
      "fcf_margin_change": -0.1610033325329196
    }
  ],
  "signals": [
    {
      "quarter": "2025-11 (Q4)",
      "signal": "GROSS MARGIN INFLECTION",
      "detail": "GM: +24.9% -> +16.3% -> +20.4% (reversal +4.1%)",
      "severity": "MEDIUM"
    },
    {
      "quarter": "2025-02 (Q1)",
      "signal": "FCF TURNED POSITIVE",
      "detail": "FCF margin: -11.5% -> +12.8%",
      "severity": "HIGH"
    },
    {
      "quarter": "2025-02 (Q1)",
      "signal": "OPERATING LEVERAGE",
      "detail": "Rev growth +30.1% vs OpEx growth +4.1% (leverage: 7.3x)",
      "severity": "MEDIUM"
    },
    {
      "quarter": "2025-02 (Q1)",
      "signal": "YoY REVENUE GROWTH DECELERATION",
      "detail": "YoY growth: -10.3% vs prior quarter YoY: -1.7% (decel: -8.6%)",
      "severity": "WARNING"
    },
    {
      "quarter": "2025-02 (Q1)",
      "signal": "OP MARGIN TURNED POSITIVE (QoQ)",
      "detail": "Op margin: -2.1% -> +6.2%",
      "severity": "HIGH"
    },
    {
      "quarter": "2024-11 (Q4)",
      "signal": "OPERATING LEVERAGE",
      "detail": "Rev growth +32.6% vs OpEx growth +11.4% (leverage: 2.8x)",
      "severity": "MEDIUM"
    },
    {
      "quarter": "2024-11 (Q4)",
      "signal": "GROSS MARGIN INFLECTION",
      "detail": "GM: +29.5% -> +20.5% -> +28.1% (reversal +7.6%)",
      "severity": "HIGH"
    },
    {
      "quarter": "2024-05 (Q2)",
      "signal": "YoY REVENUE GROWTH DECELERATION",
      "detail": "YoY growth: -5.3% vs prior quarter YoY: +2.1% (decel: -7.4%)",
      "severity": "WARNING"
    },
    {
      "quarter": "2024-02 (Q1)",
      "signal": "FCF TURNED POSITIVE",
      "detail": "FCF margin: -13.0% -> +16.1%",
      "severity": "HIGH"
    },
    {
      "quarter": "2024-02 (Q1)",
      "signal": "OPERATING LEVERAGE",
      "detail": "Rev growth +42.6% vs OpEx growth +13.6% (leverage: 3.1x)",
      "severity": "MEDIUM"
    },
    {
      "quarter": "2024-02 (Q1)",
      "signal": "YoY REVENUE GROWTH ACCELERATION",
      "detail": "YoY growth: +2.1% vs prior quarter YoY: -11.1% (accel: +13.3%)",
      "severity": "MEDIUM"
    },
    {
      "quarter": "2024-02 (Q1)",
      "signal": "OP MARGIN TURNED POSITIVE (YoY)",
      "detail": "Op margin: -2.0% (year-ago) -> +6.4%",
      "severity": "HIGH"
    },
    {
      "quarter": "2024-02 (Q1)",
      "signal": "OP MARGIN TURNED POSITIVE (QoQ)",
      "detail": "Op margin: -5.7% -> +6.4%",
      "severity": "HIGH"
    },
    {
      "quarter": "2023-10 (Q4)",
      "signal": "OPERATING LEVERAGE",
      "detail": "Rev growth +30.0% vs OpEx growth +5.0% (leverage: 6.0x)",
      "severity": "MEDIUM"
    },
    {
      "quarter": "2023-10 (Q4)",
      "signal": "GROSS MARGIN INFLECTION",
      "detail": "GM: +26.7% -> +19.5% -> +26.3% (reversal +6.9%)",
      "severity": "HIGH"
    },
    {
      "quarter": "2023-07 (Q3)",
      "signal": "YoY REVENUE GROWTH DECELERATION",
      "detail": "YoY growth: -12.3% vs prior quarter YoY: -6.2% (decel: -6.1%)",
      "severity": "WARNING"
    },
    {
      "quarter": "2023-01 (Q1)",
      "signal": "FCF TURNED POSITIVE",
      "detail": "FCF margin: -3.1% -> +23.9%",
      "severity": "HIGH"
    },
    {
      "quarter": "2023-01 (Q1)",
      "signal": "OPERATING LEVERAGE",
      "detail": "Rev growth +24.1% vs OpEx growth +10.5% (leverage: 2.3x)",
      "severity": "MEDIUM"
    },
    {
      "quarter": "2022-10 (Q4)",
      "signal": "FCF MARGIN EXPANSION",
      "detail": "FCF margin: -14.8% -> -3.1% (+11.6%)",
      "severity": "MEDIUM"
    },
    {
      "quarter": "2022-10 (Q4)",
      "signal": "GROSS MARGIN INFLECTION",
      "detail": "GM: +27.4% -> +18.1% -> +25.0% (reversal +6.8%)",
      "severity": "HIGH"
    },
    {
      "quarter": "2022-07 (Q3)",
      "signal": "FCF MARGIN EXPANSION",
      "detail": "FCF margin: -44.6% -> -14.8% (+29.8%)",
      "severity": "MEDIUM"
    },
    {
      "quarter": "2022-07 (Q3)",
      "signal": "YoY REVENUE GROWTH ACCELERATION",
      "detail": "YoY growth: -11.1% vs prior quarter YoY: -16.4% (accel: +5.4%)",
      "severity": "MEDIUM"
    },
    {
      "quarter": "2022-04 (Q2)",
      "signal": "YoY REVENUE GROWTH DECELERATION",
      "detail": "YoY growth: -16.4% vs prior quarter YoY: -9.6% (decel: -6.8%)",
      "severity": "WARNING"
    },
    {
      "quarter": "2022-01 (Q1)",
      "signal": "FCF TURNED POSITIVE",
      "detail": "FCF margin: -1.6% -> +3.4%",
      "severity": "HIGH"
    },
    {
      "quarter": "2022-01 (Q1)",
      "signal": "OPERATING LEVERAGE",
      "detail": "Rev growth +22.7% vs OpEx growth +9.4% (leverage: 2.4x)",
      "severity": "MEDIUM"
    },
    {
      "quarter": "2022-01 (Q1)",
      "signal": "INCREMENTAL MARGIN (YoY)",
      "detail": "YoY Incr OPM: +75.4% vs year-ago OPM: +14.5%",
      "severity": "HIGH"
    },
    {
      "quarter": "2021-10 (Q4)",
      "signal": "FCF MARGIN EXPANSION",
      "detail": "FCF margin: -13.1% -> -1.6% (+11.5%)",
      "severity": "MEDIUM"
    },
    {
      "quarter": "2021-10 (Q4)",
      "signal": "OPERATING LEVERAGE",
      "detail": "Rev growth +25.1% vs OpEx growth +3.3% (leverage: 7.5x)",
      "severity": "MEDIUM"
    },
    {
      "quarter": "2021-07 (Q3)",
      "signal": "FCF MARGIN EXPANSION",
      "detail": "FCF margin: -21.5% -> -13.1% (+8.4%)",
      "severity": "MEDIUM"
    },
    {
      "quarter": "2021-07 (Q3)",
      "signal": "GROSS MARGIN INFLECTION",
      "detail": "GM: +38.0% -> +32.6% -> +34.6% (reversal +2.0%)",
      "severity": "MEDIUM"
    }
  ],
  "data_quality": {
    "n_quarters": 20,
    "coverage": {
      "revenue": [
        20,
        20
      ],
      "gross_profit": [
        20,
        20
      ],
      "op_income": [
        20,
        20
      ],
      "fcf": [
        20,
        20
      ]
    },
    "gaps": [],
    "warnings": []
  },
  "market_cap": null,
  "source": "SEC EDGAR",
  "last_updated": "2026-02-02T23:52:49.770864"
}