{
  "ticker": "TBI",
  "name": "TrueBlue, Inc.",
  "sector": "Industrials",
  "industry": "Staffing & Employment Services",
  "quarters": [
    {
      "date": "2021-03-28T00:00:00",
      "quarter_label": "2021-03 (Q1)",
      "revenue": 458706000,
      "gross_profit": 110574000,
      "operating_income": 6211000,
      "net_income": 6898000,
      "opex": 104363000,
      "cogs": 348132000,
      "rd": null,
      "sga": 97401000,
      "fcf": 17880000,
      "ocf": 27883000,
      "capex": -10003000,
      "gross_margin": 0.24105636289911184,
      "op_margin": 0.013540263262307447,
      "fcf_margin": 0.038979215445187114
    },
    {
      "date": "2021-06-27T00:00:00",
      "quarter_label": "2021-06 (Q2)",
      "revenue": 515955000,
      "gross_profit": 136468000,
      "operating_income": 18943000,
      "net_income": 15884000,
      "opex": 117525000,
      "cogs": 379487000,
      "rd": null,
      "sga": 110508000,
      "fcf": 9614000,
      "ocf": 19479000,
      "capex": -9865000,
      "gross_margin": 0.26449593472298943,
      "op_margin": 0.03671444215096278,
      "fcf_margin": 0.018633407952243896,
      "op_leverage_ratio": 0.9895965041868573,
      "fcf_margin_change": -0.020345807492943218
    },
    {
      "date": "2021-09-26T00:00:00",
      "quarter_label": "2021-09 (Q3)",
      "revenue": 577031000,
      "gross_profit": 146502000,
      "operating_income": 21328000,
      "net_income": 18642000,
      "opex": 125174000,
      "cogs": 430529000,
      "rd": null,
      "sga": 118748000,
      "fcf": -55709000,
      "ocf": -46805000,
      "capex": -8904000,
      "gross_margin": 0.2538893057738666,
      "op_margin": 0.03696161904646371,
      "fcf_margin": -0.09654420646377751,
      "op_leverage_ratio": 1.8187975474348408,
      "fcf_margin_change": -0.11517761441602141
    },
    {
      "date": "2021-12-26T00:00:00",
      "quarter_label": "2021-12 (Q4)",
      "revenue": 621930000,
      "gross_profit": 166776000,
      "operating_income": 21960000,
      "net_income": 20210000,
      "opex": 144816000,
      "cogs": 455154000,
      "rd": null,
      "sga": 137665000,
      "fcf": 13649000,
      "ocf": 19883000,
      "capex": -6234000,
      "gross_margin": 0.26815879600598136,
      "op_margin": 0.03530943996912836,
      "fcf_margin": 0.021946199733088933,
      "op_leverage_ratio": 0.49586784473952045,
      "fcf_margin_change": 0.11849040619686645
    },
    {
      "date": "2022-03-27T00:00:00",
      "quarter_label": "2022-03 (Q1)",
      "revenue": 551515000,
      "gross_profit": 139845000,
      "operating_income": 11990000,
      "net_income": 10519000,
      "opex": 127855000,
      "cogs": 411670000,
      "rd": null,
      "sga": 120568000,
      "fcf": 20663000,
      "ocf": 26442000,
      "capex": -5779000,
      "gross_margin": 0.2535651795508735,
      "op_margin": 0.021740115862669194,
      "fcf_margin": 0.037465889413705884,
      "incr_op_margin_yoy": 0.06226766800633559,
      "rev_growth_yoy": 0.20232785269867845,
      "fcf_margin_change": 0.015519689680616951
    },
    {
      "date": "2022-06-26T00:00:00",
      "quarter_label": "2022-06 (Q2)",
      "revenue": 569253000,
      "gross_profit": 158531000,
      "operating_income": 29252000,
      "net_income": 24013000,
      "opex": 129279000,
      "cogs": 410722000,
      "rd": null,
      "sga": 122034000,
      "fcf": 18447000,
      "ocf": 26660000,
      "capex": -8213000,
      "gross_margin": 0.2784895292602762,
      "op_margin": 0.05138664179196245,
      "fcf_margin": 0.032405626320809906,
      "incr_op_margin_yoy": 0.19342189200345228,
      "rev_growth_yoy": 0.10329970636974155,
      "rev_growth_yoy_accel": -0.0990281463289369,
      "op_leverage_ratio": 2.887719789116129,
      "fcf_margin_change": -0.005060263092895978
    },
    {
      "date": "2022-09-25T00:00:00",
      "quarter_label": "2022-09 (Q3)",
      "revenue": 575721000,
      "gross_profit": 155919000,
      "operating_income": 24085000,
      "net_income": 20696000,
      "opex": 131834000,
      "cogs": 419802000,
      "rd": null,
      "sga": 124351000,
      "fcf": 18279000,
      "ocf": 26972000,
      "capex": -8693000,
      "gross_margin": 0.2708238886544003,
      "op_margin": 0.0418344996969018,
      "fcf_margin": 0.031749753786990575,
      "incr_op_margin_yoy": -2.1045801526717556,
      "rev_growth_yoy": -0.0022702419800669288,
      "rev_growth_yoy_accel": -0.10556994834980847,
      "op_leverage_ratio": 0.5749125151252654,
      "fcf_margin_change": -0.0006558725338193308
    },
    {
      "date": "2022-12-25T00:00:00",
      "quarter_label": "2022-12 (Q4)",
      "revenue": 557695000,
      "gross_profit": 147849000,
      "operating_income": 6858000,
      "net_income": 7045000,
      "opex": 140991000,
      "cogs": 409846000,
      "rd": null,
      "sga": 133733000,
      "fcf": 32488000,
      "ocf": 40429000,
      "capex": -7941000,
      "gross_margin": 0.26510727189592875,
      "op_margin": 0.01229704408323546,
      "fcf_margin": 0.05825406360107227,
      "incr_op_margin_yoy": 0.23510547209465243,
      "rev_growth_yoy": -0.10328332770569035,
      "rev_growth_yoy_accel": -0.10101308572562342,
      "fcf_margin_change": 0.026504309814081695
    },
    {
      "date": "2023-03-26T00:00:00",
      "quarter_label": "2023-03 (Q1)",
      "revenue": 465288000,
      "gross_profit": 123113000,
      "operating_income": -5943000,
      "net_income": -4289000,
      "opex": 129056000,
      "cogs": 342175000,
      "rd": null,
      "sga": 122645000,
      "fcf": 1070000,
      "ocf": 9151000,
      "capex": -8081000,
      "gross_margin": 0.26459526142948026,
      "op_margin": -0.012772734306494043,
      "fcf_margin": 0.0022996509688622963,
      "incr_op_margin_yoy": 0.20797430039314832,
      "rev_growth_yoy": -0.15634570229277536,
      "rev_growth_yoy_accel": -0.053062374587085015,
      "fcf_margin_change": -0.055954412632209974
    },
    {
      "date": "2023-06-25T00:00:00",
      "quarter_label": "2023-06 (Q2)",
      "revenue": 475588000,
      "gross_profit": 130491000,
      "operating_income": -6556000,
      "net_income": -7323000,
      "opex": 137047000,
      "cogs": 345097000,
      "rd": null,
      "sga": 121282000,
      "fcf": 4056000,
      "ocf": 11713000,
      "capex": -7657000,
      "gross_margin": 0.2743782433534908,
      "op_margin": -0.01378504083366275,
      "fcf_margin": 0.008528390119178785,
      "incr_op_margin_yoy": 0.3822986174131212,
      "rev_growth_yoy": -0.16454019565992625,
      "rev_growth_yoy_accel": -0.00819449336715089,
      "op_leverage_ratio": 0.3575134971944106,
      "fcf_margin_change": 0.006228739150316489
    },
    {
      "date": "2023-09-24T00:00:00",
      "quarter_label": "2023-09 (Q3)",
      "revenue": 473196000,
      "gross_profit": 124173000,
      "operating_income": -2726000,
      "net_income": -10000,
      "opex": 126899000,
      "cogs": 349023000,
      "rd": null,
      "sga": 120715000,
      "fcf": -8652000,
      "ocf": -1295000,
      "capex": -7357000,
      "gross_margin": 0.26241346080693834,
      "op_margin": -0.005760826380611839,
      "fcf_margin": -0.018284178226358635,
      "incr_op_margin_yoy": 0.2615069495245062,
      "rev_growth_yoy": -0.17808104967510305,
      "rev_growth_yoy_accel": -0.013540854015176795,
      "fcf_margin_change": -0.02681256834553742
    },
    {
      "date": "2023-12-31T00:00:00",
      "quarter_label": "2023-12 (Q4)",
      "revenue": 492171000,
      "gross_profit": 128282000,
      "operating_income": -8625000,
      "net_income": -2551000,
      "opex": 136907000,
      "cogs": 363889000,
      "rd": null,
      "sga": 129961000,
      "fcf": 7004000,
      "ocf": 15185000,
      "capex": -8181000,
      "gross_margin": 0.26064518226388794,
      "op_margin": -0.01752439700835685,
      "fcf_margin": 0.014230826277858712,
      "incr_op_margin_yoy": 0.23629509797936635,
      "rev_growth_yoy": -0.11749074314813653,
      "rev_growth_yoy_accel": 0.06059030652696652,
      "op_leverage_ratio": 0.5084539467809517,
      "fcf_margin_change": 0.03251500450421735
    },
    {
      "date": "2024-03-31T00:00:00",
      "quarter_label": "2024-03 (Q1)",
      "revenue": 402853000,
      "gross_profit": 99386000,
      "operating_income": -15509000,
      "net_income": -1698000,
      "opex": 114895000,
      "cogs": 303467000,
      "rd": null,
      "sga": 106937000,
      "fcf": -21614000,
      "ocf": -14239000,
      "capex": -7375000,
      "gross_margin": 0.24670537392051195,
      "op_margin": -0.038497913631026705,
      "fcf_margin": -0.053652324793411,
      "incr_op_margin_yoy": 0.15321534395771602,
      "rev_growth_yoy": -0.13418570863637144,
      "rev_growth_yoy_accel": -0.016694965488234917,
      "fcf_margin_change": -0.06788315107126972
    },
    {
      "date": "2024-06-30T00:00:00",
      "quarter_label": "2024-06 (Q2)",
      "revenue": 396230000,
      "gross_profit": 104423000,
      "operating_income": -59960000,
      "net_income": -104710000,
      "opex": 164383000,
      "cogs": 291807000,
      "rd": null,
      "sga": 97018000,
      "fcf": -7727000,
      "ocf": -1823000,
      "capex": -5904000,
      "gross_margin": 0.2635413774827752,
      "op_margin": -0.151326249905358,
      "fcf_margin": -0.01950129975014512,
      "incr_op_margin_yoy": 0.6729504271781043,
      "rev_growth_yoy": -0.1668629149600074,
      "rev_growth_yoy_accel": -0.032677206323635966,
      "fcf_margin_change": 0.03415102504326588
    },
    {
      "date": "2024-09-29T00:00:00",
      "quarter_label": "2024-09 (Q3)",
      "revenue": 382357000,
      "gross_profit": 100037000,
      "operating_income": -6903000,
      "net_income": -7635000,
      "opex": 106940000,
      "cogs": 282320000,
      "rd": null,
      "sga": 99973000,
      "fcf": -12722000,
      "ocf": -7127000,
      "capex": -5595000,
      "gross_margin": 0.26163245344010966,
      "op_margin": -0.01805380835188057,
      "fcf_margin": -0.0332725698757967,
      "incr_op_margin_yoy": 0.04598245247085503,
      "rev_growth_yoy": -0.19196907835231067,
      "rev_growth_yoy_accel": -0.02510616339230326,
      "fcf_margin_change": -0.013771270125651582
    },
    {
      "date": "2024-12-29T00:00:00",
      "quarter_label": "2024-12 (Q4)",
      "revenue": 385953000,
      "gross_profit": 102547000,
      "operating_income": -10403000,
      "net_income": -11705000,
      "opex": 112950000,
      "cogs": 283406000,
      "rd": null,
      "sga": 106942000,
      "fcf": 854000,
      "ocf": 6131000,
      "capex": -5277000,
      "gross_margin": 0.26569815495669163,
      "op_margin": -0.026954059173008114,
      "fcf_margin": 0.002212704655748239,
      "incr_op_margin_yoy": 0.016739159087913538,
      "rev_growth_yoy": -0.21581523494882876,
      "rev_growth_yoy_accel": -0.023846156596518092,
      "fcf_margin_change": 0.03548527453154494
    },
    {
      "date": "2025-03-30T00:00:00",
      "quarter_label": "2025-03 (Q1)",
      "revenue": 370254000,
      "gross_profit": 86342000,
      "operating_income": -14123000,
      "net_income": -14348000,
      "opex": 100465000,
      "cogs": 283912000,
      "rd": null,
      "sga": 94621000,
      "fcf": -26795000,
      "ocf": -22115000,
      "capex": -4680000,
      "gross_margin": 0.23319667039383773,
      "op_margin": -0.038144084871466616,
      "fcf_margin": -0.07236923841470991,
      "incr_op_margin_yoy": -0.04251664161477346,
      "rev_growth_yoy": -0.08092033570557995,
      "rev_growth_yoy_accel": 0.13489489924324882,
      "fcf_margin_change": -0.07458194307045815
    },
    {
      "date": "2025-06-29T00:00:00",
      "quarter_label": "2025-06 (Q2)",
      "revenue": 396299000,
      "gross_profit": 93564000,
      "operating_income": -2941000,
      "net_income": -160000,
      "opex": 96505000,
      "cogs": 302735000,
      "rd": null,
      "sga": 89798000,
      "fcf": -16050000,
      "ocf": -11794000,
      "capex": -4256000,
      "gross_margin": 0.236094464028423,
      "op_margin": -0.00742116432289761,
      "fcf_margin": -0.04049972369347387,
      "rev_growth_yoy": 0.00017414128157888095,
      "rev_growth_yoy_accel": 0.08109447698715884,
      "op_leverage_ratio": null,
      "fcf_margin_change": 0.03186951472123604
    },
    {
      "date": "2025-09-28T00:00:00",
      "quarter_label": "2025-09 (Q3)",
      "revenue": 431266000,
      "gross_profit": 97892000,
      "operating_income": -146000,
      "net_income": -1916000,
      "opex": 98038000,
      "cogs": 333374000,
      "rd": null,
      "sga": 91728000,
      "fcf": -23381000,
      "ocf": -19765000,
      "capex": -3616000,
      "gross_margin": 0.2269875204630089,
      "op_margin": -0.00033853816438114757,
      "fcf_margin": -0.05421480014654529,
      "incr_op_margin_yoy": 0.138154531885747,
      "rev_growth_yoy": 0.12791448829235505,
      "rev_growth_yoy_accel": 0.12774034701077616,
      "op_leverage_ratio": 5.554475522870598,
      "fcf_margin_change": -0.01371507645307142
    },
    {
      "date": "2025-12-28T00:00:00",
      "quarter_label": "2025-12 (Q4)",
      "revenue": 418178000,
      "gross_profit": 90044000,
      "operating_income": -29424000,
      "net_income": -31536000,
      "opex": 119468000,
      "cogs": 328134000,
      "rd": null,
      "sga": 94940000,
      "fcf": -7494000,
      "ocf": -4368000,
      "capex": -3126000,
      "gross_margin": 0.21532457470263858,
      "op_margin": -0.07036238156957085,
      "fcf_margin": -0.017920598405463704,
      "incr_op_margin_yoy": -0.5902560124127231,
      "rev_growth_yoy": 0.08349462240220959,
      "rev_growth_yoy_accel": -0.04441986589014546,
      "fcf_margin_change": 0.03629420174108158
    }
  ],
  "signals": [
    {
      "quarter": "2025-09 (Q3)",
      "signal": "OPERATING LEVERAGE",
      "detail": "Rev growth +8.8% vs OpEx growth +1.6% (leverage: 5.6x)",
      "severity": "MEDIUM"
    },
    {
      "quarter": "2025-09 (Q3)",
      "signal": "YoY REVENUE GROWTH ACCELERATION",
      "detail": "YoY growth: +12.8% vs prior quarter YoY: +0.0% (accel: +12.8%)",
      "severity": "MEDIUM"
    },
    {
      "quarter": "2025-06 (Q2)",
      "signal": "YoY REVENUE GROWTH ACCELERATION",
      "detail": "YoY growth: +0.0% vs prior quarter YoY: -8.1% (accel: +8.1%)",
      "severity": "MEDIUM"
    },
    {
      "quarter": "2025-03 (Q1)",
      "signal": "YoY REVENUE GROWTH ACCELERATION",
      "detail": "YoY growth: -8.1% vs prior quarter YoY: -21.6% (accel: +13.5%)",
      "severity": "MEDIUM"
    },
    {
      "quarter": "2024-12 (Q4)",
      "signal": "FCF TURNED POSITIVE",
      "detail": "FCF margin: -3.3% -> +0.2%",
      "severity": "HIGH"
    },
    {
      "quarter": "2023-12 (Q4)",
      "signal": "FCF TURNED POSITIVE",
      "detail": "FCF margin: -1.8% -> +1.4%",
      "severity": "HIGH"
    },
    {
      "quarter": "2023-12 (Q4)",
      "signal": "YoY REVENUE GROWTH ACCELERATION",
      "detail": "YoY growth: -11.7% vs prior quarter YoY: -17.8% (accel: +6.1%)",
      "severity": "MEDIUM"
    },
    {
      "quarter": "2023-03 (Q1)",
      "signal": "YoY REVENUE GROWTH DECELERATION",
      "detail": "YoY growth: -15.6% vs prior quarter YoY: -10.3% (decel: -5.3%)",
      "severity": "WARNING"
    },
    {
      "quarter": "2022-12 (Q4)",
      "signal": "YoY REVENUE GROWTH DECELERATION",
      "detail": "YoY growth: -10.3% vs prior quarter YoY: -0.2% (decel: -10.1%)",
      "severity": "WARNING"
    },
    {
      "quarter": "2022-12 (Q4)",
      "signal": "INCREMENTAL MARGIN (YoY)",
      "detail": "YoY Incr OPM: +23.5% vs year-ago OPM: +3.5%",
      "severity": "MEDIUM"
    },
    {
      "quarter": "2022-09 (Q3)",
      "signal": "YoY REVENUE GROWTH DECELERATION",
      "detail": "YoY growth: -0.2% vs prior quarter YoY: +10.3% (decel: -10.6%)",
      "severity": "WARNING"
    },
    {
      "quarter": "2022-06 (Q2)",
      "signal": "OPERATING LEVERAGE",
      "detail": "Rev growth +3.2% vs OpEx growth +1.1% (leverage: 2.9x)",
      "severity": "MEDIUM"
    },
    {
      "quarter": "2022-06 (Q2)",
      "signal": "GROSS MARGIN INFLECTION",
      "detail": "GM: +26.8% -> +25.4% -> +27.8% (reversal +2.5%)",
      "severity": "MEDIUM"
    },
    {
      "quarter": "2022-06 (Q2)",
      "signal": "YoY REVENUE GROWTH DECELERATION",
      "detail": "YoY growth: +10.3% vs prior quarter YoY: +20.2% (decel: -9.9%)",
      "severity": "WARNING"
    },
    {
      "quarter": "2022-06 (Q2)",
      "signal": "INCREMENTAL MARGIN (YoY)",
      "detail": "YoY Incr OPM: +19.3% vs year-ago OPM: +3.7%",
      "severity": "MEDIUM"
    },
    {
      "quarter": "2021-12 (Q4)",
      "signal": "FCF TURNED POSITIVE",
      "detail": "FCF margin: -9.7% -> +2.2%",
      "severity": "HIGH"
    },
    {
      "quarter": "2021-09 (Q3)",
      "signal": "OPERATING LEVERAGE",
      "detail": "Rev growth +11.8% vs OpEx growth +6.5% (leverage: 1.8x)",
      "severity": "MEDIUM"
    }
  ],
  "data_quality": {
    "n_quarters": 20,
    "coverage": {
      "revenue": [
        20,
        20
      ],
      "gross_profit": [
        20,
        20
      ],
      "op_income": [
        20,
        20
      ],
      "fcf": [
        20,
        20
      ]
    },
    "gaps": [],
    "warnings": []
  },
  "market_cap": null,
  "source": "SEC EDGAR",
  "last_updated": "2026-02-24T10:30:49.231910"
}