{
  "ticker": "TBLAW",
  "name": "TABOOLA.COM LTD.",
  "quarters": [
    {
      "date": "2022-03-31T00:00:00",
      "quarter_label": "2022-03 (Q1)",
      "revenue": 354726000,
      "gross_profit": 112030000,
      "operating_income": -7699000,
      "net_income": 3888000,
      "opex": 119729000,
      "cogs": 242696000,
      "rd": 30412000,
      "sga": null,
      "fcf": 1221000,
      "ocf": 8123000,
      "capex": -6902000,
      "gross_margin": 0.3158212253965032,
      "op_margin": -0.021704075821901973,
      "fcf_margin": 0.003442093334009912
    },
    {
      "date": "2022-06-30T00:00:00",
      "quarter_label": "2022-06 (Q2)",
      "revenue": 342695000,
      "gross_profit": 116361000,
      "operating_income": -9551000,
      "net_income": -5021000,
      "opex": 125912000,
      "cogs": 226334000,
      "rd": 34079000,
      "sga": null,
      "fcf": -7266000,
      "ocf": 2084000,
      "capex": -9350000,
      "gross_margin": 0.3395468273537694,
      "op_margin": -0.027870263645515692,
      "fcf_margin": -0.021202527028407185,
      "fcf_margin_change": -0.024644620362417095
    },
    {
      "date": "2022-09-30T00:00:00",
      "quarter_label": "2022-09 (Q3)",
      "revenue": 332462000,
      "gross_profit": 102688000,
      "operating_income": -21450000,
      "net_income": -26026000,
      "opex": 124138000,
      "cogs": 229774000,
      "rd": 36237000,
      "sga": null,
      "fcf": 10995000,
      "ocf": 23219000,
      "capex": -12224000,
      "gross_margin": 0.30887138981297113,
      "op_margin": -0.06451865175568937,
      "fcf_margin": 0.03307144876707714,
      "fcf_margin_change": 0.054273975795484326
    },
    {
      "date": "2022-12-31T00:00:00",
      "quarter_label": "2022-12 (Q4)",
      "revenue": 371267000,
      "gross_profit": 133174000,
      "operating_income": 25035000,
      "net_income": 15184000,
      "opex": 108139000,
      "cogs": 238093000,
      "rd": 28548000,
      "sga": null,
      "fcf": 13620000,
      "ocf": 20058000,
      "capex": -6438000,
      "gross_margin": 0.35870141973296843,
      "op_margin": 0.0674312556731409,
      "fcf_margin": 0.036685188826370244,
      "op_leverage_ratio": Infinity,
      "fcf_margin_change": 0.0036137400592931024
    },
    {
      "date": "2023-03-31T00:00:00",
      "quarter_label": "2023-03 (Q1)",
      "revenue": 327686000,
      "gross_profit": 89592000,
      "operating_income": -28798000,
      "net_income": -31313000,
      "opex": 118390000,
      "cogs": 238094000,
      "rd": 31985000,
      "sga": null,
      "fcf": 11174000,
      "ocf": 17524000,
      "capex": -6350000,
      "gross_margin": 0.2734080796860409,
      "op_margin": -0.08788291230018981,
      "fcf_margin": 0.03409971741240089,
      "incr_op_margin_yoy": 0.7802884615384615,
      "rev_growth_yoy": -0.07622784910043244,
      "fcf_margin_change": -0.0025854714139693508
    },
    {
      "date": "2023-06-30T00:00:00",
      "quarter_label": "2023-06 (Q2)",
      "revenue": 332004000,
      "gross_profit": 97057000,
      "operating_income": -25000000,
      "net_income": -31314000,
      "opex": 122057000,
      "cogs": 234947000,
      "rd": 34001000,
      "sga": null,
      "fcf": 7770000,
      "ocf": 11598000,
      "capex": -3828000,
      "gross_margin": 0.292336839315189,
      "op_margin": -0.07530029758677606,
      "fcf_margin": 0.02340333248997,
      "incr_op_margin_yoy": 1.4450472359928912,
      "rev_growth_yoy": -0.03119683683742103,
      "rev_growth_yoy_accel": 0.04503101226301141,
      "op_leverage_ratio": 0.4254307344959215,
      "fcf_margin_change": -0.010696384922430892
    },
    {
      "date": "2023-09-30T00:00:00",
      "quarter_label": "2023-09 (Q3)",
      "revenue": 360221000,
      "gross_profit": 100659000,
      "operating_income": -18734000,
      "net_income": -23136000,
      "opex": 119393000,
      "cogs": 259562000,
      "rd": 35890000,
      "sga": null,
      "fcf": 22798000,
      "ocf": 32459000,
      "capex": -9661000,
      "gross_margin": 0.27943679019268725,
      "op_margin": -0.052006962392531254,
      "fcf_margin": 0.06328892540967906,
      "incr_op_margin_yoy": 0.09784214128751036,
      "rev_growth_yoy": 0.08349525660075437,
      "rev_growth_yoy_accel": 0.1146920934381754,
      "op_leverage_ratio": Infinity,
      "fcf_margin_change": 0.03988559291970906
    },
    {
      "date": "2023-12-31T00:00:00",
      "quarter_label": "2023-12 (Q4)",
      "revenue": 419774000,
      "gross_profit": 138250000,
      "operating_income": 8795000,
      "net_income": 3723000,
      "opex": 129455000,
      "cogs": 281524000,
      "rd": 34379000,
      "sga": null,
      "fcf": 10498000,
      "ocf": 22792000,
      "capex": -12294000,
      "gross_margin": 0.329343885042904,
      "op_margin": 0.020951750227503372,
      "fcf_margin": 0.025008695155011983,
      "incr_op_margin_yoy": -0.3347970396025316,
      "rev_growth_yoy": 0.13065260311312343,
      "rev_growth_yoy_accel": 0.04715734651236907,
      "op_leverage_ratio": 1.9616845356497234,
      "fcf_margin_change": -0.03828023025466708
    },
    {
      "date": "2024-03-31T00:00:00",
      "quarter_label": "2024-03 (Q1)",
      "revenue": 414008000,
      "gross_profit": 108953000,
      "operating_income": -18233000,
      "net_income": -26158000,
      "opex": 127186000,
      "cogs": 305055000,
      "rd": 36249000,
      "sga": null,
      "fcf": 26806000,
      "ocf": 32395000,
      "capex": -5589000,
      "gross_margin": 0.26316641224324167,
      "op_margin": -0.04404021178334718,
      "fcf_margin": 0.0647475411103167,
      "incr_op_margin_yoy": 0.1223905840921202,
      "rev_growth_yoy": 0.2634290143613093,
      "rev_growth_yoy_accel": 0.13277641124818584,
      "fcf_margin_change": 0.03973884595530472
    },
    {
      "date": "2024-06-30T00:00:00",
      "quarter_label": "2024-06 (Q2)",
      "revenue": 428160000,
      "gross_profit": 114778000,
      "operating_income": -7631000,
      "net_income": -4291000,
      "opex": 122409000,
      "cogs": 313382000,
      "rd": 33288000,
      "sga": null,
      "fcf": 27596000,
      "ocf": 40229000,
      "capex": -12633000,
      "gross_margin": 0.2680726831091181,
      "op_margin": -0.01782277653213752,
      "fcf_margin": 0.06445254110612855,
      "incr_op_margin_yoy": 0.1806335538083947,
      "rev_growth_yoy": 0.28962301659016154,
      "rev_growth_yoy_accel": 0.026194002228852264,
      "op_leverage_ratio": Infinity,
      "fcf_margin_change": -0.0002950000041881534
    },
    {
      "date": "2024-09-30T00:00:00",
      "quarter_label": "2024-09 (Q3)",
      "revenue": 433012000,
      "gross_profit": 132877000,
      "operating_income": 4558000,
      "net_income": -6454000,
      "opex": 128319000,
      "cogs": 300135000,
      "rd": 36727000,
      "sga": null,
      "fcf": 42864000,
      "ocf": 49772000,
      "capex": -6908000,
      "gross_margin": 0.3068667842923522,
      "op_margin": 0.010526267170424838,
      "fcf_margin": 0.09899032821261304,
      "incr_op_margin_yoy": 0.319984613482436,
      "rev_growth_yoy": 0.202073171747344,
      "rev_growth_yoy_accel": -0.08754984484281755,
      "op_leverage_ratio": 0.23471485113018142,
      "fcf_margin_change": 0.03453778710648449
    },
    {
      "date": "2024-12-31T00:00:00",
      "quarter_label": "2024-12 (Q4)",
      "revenue": 491040000,
      "gross_profit": 177610000,
      "operating_income": 47223000,
      "net_income": 33143000,
      "opex": 130387000,
      "cogs": 313430000,
      "rd": 36174000,
      "sga": null,
      "fcf": 51910000,
      "ocf": 61935000,
      "capex": -10025000,
      "gross_margin": 0.36170169436298466,
      "op_margin": 0.09616935483870968,
      "fcf_margin": 0.10571440208536982,
      "incr_op_margin_yoy": 0.5392192630426852,
      "rev_growth_yoy": 0.16977230605039856,
      "rev_growth_yoy_accel": -0.03230086569694543,
      "op_leverage_ratio": 8.31530344659149,
      "fcf_margin_change": 0.006724073872756781
    },
    {
      "date": "2025-03-31T00:00:00",
      "quarter_label": "2025-03 (Q1)",
      "revenue": 427493000,
      "gross_profit": 119307000,
      "operating_income": -6262000,
      "net_income": -8750000,
      "opex": 125569000,
      "cogs": 308186000,
      "rd": 35956000,
      "sga": null,
      "fcf": 36070000,
      "ocf": 48111000,
      "capex": -12041000,
      "gross_margin": 0.27908527157169827,
      "op_margin": -0.014648193069828045,
      "fcf_margin": 0.08437565059544834,
      "incr_op_margin_yoy": 0.8877271041898406,
      "rev_growth_yoy": 0.03257183436068868,
      "rev_growth_yoy_accel": -0.1372004716897099,
      "fcf_margin_change": -0.02133875148992148
    },
    {
      "date": "2025-06-30T00:00:00",
      "quarter_label": "2025-06 (Q2)",
      "revenue": 465474000,
      "gross_profit": 135611000,
      "operating_income": 44000,
      "net_income": -4345000,
      "opex": 135567000,
      "cogs": 329863000,
      "rd": 37482000,
      "sga": null,
      "fcf": 34161000,
      "ocf": 47397000,
      "capex": -13236000,
      "gross_margin": 0.2913395807284617,
      "op_margin": 9.452729905429734e-05,
      "fcf_margin": 0.07338970597713299,
      "incr_op_margin_yoy": 0.2056868735595219,
      "rev_growth_yoy": 0.08714966367713005,
      "rev_growth_yoy_accel": 0.05457782931644137,
      "op_leverage_ratio": 1.1158522425034818,
      "fcf_margin_change": -0.010985944618315355
    },
    {
      "date": "2025-09-30T00:00:00",
      "quarter_label": "2025-09 (Q3)",
      "revenue": 496764000,
      "gross_profit": 139019000,
      "operating_income": 6505000,
      "net_income": 5244000,
      "opex": 132514000,
      "cogs": 357745000,
      "rd": 37867000,
      "sga": null,
      "fcf": 46289000,
      "ocf": 53203000,
      "capex": -6914000,
      "gross_margin": 0.27984918391831937,
      "op_margin": 0.013094749216931984,
      "fcf_margin": 0.09318106787126282,
      "incr_op_margin_yoy": 0.030540218346091105,
      "rev_growth_yoy": 0.14722917609673636,
      "rev_growth_yoy_accel": 0.06007951241960631,
      "op_leverage_ratio": Infinity,
      "fcf_margin_change": 0.019791361894129833
    }
  ],
  "signals": [
    {
      "quarter": "2025-09 (Q3)",
      "signal": "YoY REVENUE GROWTH ACCELERATION",
      "detail": "YoY growth: +14.7% vs prior quarter YoY: +8.7% (accel: +6.0%)",
      "severity": "MEDIUM"
    },
    {
      "quarter": "2025-06 (Q2)",
      "signal": "YoY REVENUE GROWTH ACCELERATION",
      "detail": "YoY growth: +8.7% vs prior quarter YoY: +3.3% (accel: +5.5%)",
      "severity": "MEDIUM"
    },
    {
      "quarter": "2025-06 (Q2)",
      "signal": "OP MARGIN TURNED POSITIVE (YoY)",
      "detail": "Op margin: -1.8% (year-ago) -> +0.0%",
      "severity": "HIGH"
    },
    {
      "quarter": "2025-06 (Q2)",
      "signal": "OP MARGIN TURNED POSITIVE (QoQ)",
      "detail": "Op margin: -1.5% -> +0.0%",
      "severity": "HIGH"
    },
    {
      "quarter": "2025-03 (Q1)",
      "signal": "YoY REVENUE GROWTH DECELERATION",
      "detail": "YoY growth: +3.3% vs prior quarter YoY: +17.0% (decel: -13.7%)",
      "severity": "WARNING"
    },
    {
      "quarter": "2024-12 (Q4)",
      "signal": "OPERATING LEVERAGE",
      "detail": "Rev growth +13.4% vs OpEx growth +1.6% (leverage: 8.3x)",
      "severity": "MEDIUM"
    },
    {
      "quarter": "2024-12 (Q4)",
      "signal": "INCREMENTAL MARGIN (YoY)",
      "detail": "YoY Incr OPM: +53.9% vs year-ago OPM: +2.1%",
      "severity": "HIGH"
    },
    {
      "quarter": "2024-09 (Q3)",
      "signal": "YoY REVENUE GROWTH DECELERATION",
      "detail": "YoY growth: +20.2% vs prior quarter YoY: +29.0% (decel: -8.8%)",
      "severity": "WARNING"
    },
    {
      "quarter": "2024-09 (Q3)",
      "signal": "OP MARGIN TURNED POSITIVE (YoY)",
      "detail": "Op margin: -5.2% (year-ago) -> +1.1%",
      "severity": "HIGH"
    },
    {
      "quarter": "2024-09 (Q3)",
      "signal": "OP MARGIN TURNED POSITIVE (QoQ)",
      "detail": "Op margin: -1.8% -> +1.1%",
      "severity": "HIGH"
    },
    {
      "quarter": "2024-03 (Q1)",
      "signal": "YoY REVENUE GROWTH ACCELERATION",
      "detail": "YoY growth: +26.3% vs prior quarter YoY: +13.1% (accel: +13.3%)",
      "severity": "MEDIUM"
    },
    {
      "quarter": "2023-12 (Q4)",
      "signal": "OPERATING LEVERAGE",
      "detail": "Rev growth +16.5% vs OpEx growth +8.4% (leverage: 2.0x)",
      "severity": "MEDIUM"
    },
    {
      "quarter": "2023-12 (Q4)",
      "signal": "GROSS MARGIN INFLECTION",
      "detail": "GM: +29.2% -> +27.9% -> +32.9% (reversal +5.0%)",
      "severity": "MEDIUM"
    },
    {
      "quarter": "2023-12 (Q4)",
      "signal": "OP MARGIN TURNED POSITIVE (QoQ)",
      "detail": "Op margin: -5.2% -> +2.1%",
      "severity": "HIGH"
    },
    {
      "quarter": "2023-09 (Q3)",
      "signal": "YoY REVENUE GROWTH ACCELERATION",
      "detail": "YoY growth: +8.3% vs prior quarter YoY: -3.1% (accel: +11.5%)",
      "severity": "MEDIUM"
    },
    {
      "quarter": "2022-12 (Q4)",
      "signal": "GROSS MARGIN INFLECTION",
      "detail": "GM: +34.0% -> +30.9% -> +35.9% (reversal +5.0%)",
      "severity": "MEDIUM"
    },
    {
      "quarter": "2022-12 (Q4)",
      "signal": "OP MARGIN TURNED POSITIVE (QoQ)",
      "detail": "Op margin: -6.5% -> +6.7%",
      "severity": "HIGH"
    },
    {
      "quarter": "2022-09 (Q3)",
      "signal": "FCF TURNED POSITIVE",
      "detail": "FCF margin: -2.1% -> +3.3%",
      "severity": "HIGH"
    }
  ],
  "data_quality": {
    "n_quarters": 15,
    "coverage": {
      "revenue": [
        15,
        15
      ],
      "gross_profit": [
        15,
        15
      ],
      "op_income": [
        15,
        15
      ],
      "fcf": [
        15,
        15
      ]
    },
    "gaps": [],
    "warnings": []
  },
  "market_cap": null,
  "source": "SEC EDGAR",
  "last_updated": "2026-02-03T01:17:51.471886"
}