{
  "ticker": "TBRG",
  "name": "TRUBRIDGE, INC",
  "quarters": [
    {
      "date": "2020-12-31T00:00:00",
      "quarter_label": "2020-12 (Q4)",
      "revenue": 66849000,
      "gross_profit": 34609000,
      "operating_income": 5973000,
      "net_income": 3124000,
      "opex": 28635000,
      "cogs": 32241000,
      "rd": 8267000,
      "sga": null,
      "fcf": 16066000,
      "ocf": 16161000,
      "capex": -95000,
      "gross_margin": 0.5177190384298942,
      "op_margin": 0.08935062603778665,
      "fcf_margin": 0.24033269009259675
    },
    {
      "date": "2021-03-31T00:00:00",
      "quarter_label": "2021-03 (Q1)",
      "revenue": 68005000,
      "gross_profit": 34850000,
      "operating_income": 4914000,
      "net_income": 4144000,
      "opex": 29936000,
      "cogs": 33155000,
      "rd": 8429000,
      "sga": null,
      "fcf": 13217000,
      "ocf": 13710000,
      "capex": -493000,
      "gross_margin": 0.5124623189471362,
      "op_margin": 0.07225939269171384,
      "fcf_margin": 0.19435335637085507,
      "op_leverage_ratio": 0.3806122920990185,
      "fcf_margin_change": -0.04597933372174168
    },
    {
      "date": "2021-06-30T00:00:00",
      "quarter_label": "2021-06 (Q2)",
      "revenue": 68533000,
      "gross_profit": 33888000,
      "operating_income": 7738000,
      "net_income": 6141000,
      "opex": 26150000,
      "cogs": 34645000,
      "rd": 6469000,
      "sga": null,
      "fcf": 19242000,
      "ocf": 19434000,
      "capex": -192000,
      "gross_margin": 0.4944771132155312,
      "op_margin": 0.11290910948010448,
      "fcf_margin": 0.28076984810237404,
      "fcf_margin_change": 0.08641649173151897
    },
    {
      "date": "2021-09-30T00:00:00",
      "quarter_label": "2021-09 (Q3)",
      "revenue": 70091000,
      "gross_profit": 35289000,
      "operating_income": 4531000,
      "net_income": 2744000,
      "opex": 30758000,
      "cogs": 34802000,
      "rd": 7700000,
      "sga": null,
      "fcf": 1100000,
      "ocf": 1330000,
      "capex": -230000,
      "gross_margin": 0.5034740551568675,
      "op_margin": 0.06464453353497596,
      "fcf_margin": 0.015693883665520537,
      "op_leverage_ratio": 0.12901105681853184,
      "fcf_margin_change": -0.2650759644368535
    },
    {
      "date": "2021-12-31T00:00:00",
      "quarter_label": "2021-12 (Q4)",
      "revenue": 74000000,
      "gross_profit": 36852000,
      "operating_income": 7524000,
      "net_income": 5401000,
      "opex": 29328000,
      "cogs": 37148000,
      "rd": 7791000,
      "sga": null,
      "fcf": 13265000,
      "ocf": 13270000,
      "capex": -5000,
      "gross_margin": 0.498,
      "op_margin": 0.10167567567567568,
      "fcf_margin": 0.17925675675675676,
      "incr_op_margin_yoy": 0.21689274227380786,
      "rev_growth_yoy": 0.1069724304028482,
      "op_leverage_ratio": Infinity,
      "fcf_margin_change": 0.1635628730912362
    },
    {
      "date": "2022-03-31T00:00:00",
      "quarter_label": "2022-03 (Q1)",
      "revenue": 77871000,
      "gross_profit": 39815000,
      "operating_income": 8986000,
      "net_income": 8113000,
      "opex": 30829000,
      "cogs": 38056000,
      "rd": 7101000,
      "sga": null,
      "fcf": 11790000,
      "ocf": 11817000,
      "capex": -27000,
      "gross_margin": 0.511294320093488,
      "op_margin": 0.1153959753952049,
      "fcf_margin": 0.15140424548291406,
      "incr_op_margin_yoy": 0.4127305899047233,
      "rev_growth_yoy": 0.14507756782589515,
      "rev_growth_yoy_accel": 0.03810513742304694,
      "op_leverage_ratio": 1.022099573257468,
      "fcf_margin_change": -0.027852511273842695
    },
    {
      "date": "2022-06-30T00:00:00",
      "quarter_label": "2022-06 (Q2)",
      "revenue": 82726000,
      "gross_profit": 39404000,
      "operating_income": 4588000,
      "net_income": 3076000,
      "opex": 34816000,
      "cogs": 43322000,
      "rd": 7094000,
      "sga": null,
      "fcf": 7225000,
      "ocf": 7286000,
      "capex": -61000,
      "gross_margin": 0.4763194159031018,
      "op_margin": 0.05546019389309286,
      "fcf_margin": 0.08733650847375674,
      "incr_op_margin_yoy": -0.2219403931515536,
      "rev_growth_yoy": 0.20709731078458551,
      "rev_growth_yoy_accel": 0.062019742958690366,
      "op_leverage_ratio": 0.48208840318790175,
      "fcf_margin_change": -0.06406773700915733
    },
    {
      "date": "2022-09-30T00:00:00",
      "quarter_label": "2022-09 (Q3)",
      "revenue": 82827000,
      "gross_profit": 38018000,
      "operating_income": 4943000,
      "net_income": 2161000,
      "opex": 33075000,
      "cogs": 44809000,
      "rd": 7822000,
      "sga": null,
      "fcf": 11062000,
      "ocf": 11108000,
      "capex": -46000,
      "gross_margin": 0.45900491385659264,
      "op_margin": 0.059678607217453244,
      "fcf_margin": 0.13355548311540924,
      "incr_op_margin_yoy": 0.03234924623115578,
      "rev_growth_yoy": 0.1817066385127905,
      "rev_growth_yoy_accel": -0.025390672271795006,
      "fcf_margin_change": 0.046218974641652505
    },
    {
      "date": "2022-12-31T00:00:00",
      "quarter_label": "2022-12 (Q4)",
      "revenue": 83224000,
      "gross_profit": 37152000,
      "operating_income": 4266000,
      "net_income": 2517000,
      "opex": 32886000,
      "cogs": 46072000,
      "rd": 8890000,
      "sga": null,
      "fcf": 2028000,
      "ocf": 2164000,
      "capex": -136000,
      "gross_margin": 0.4464096895126406,
      "op_margin": 0.05125925213880611,
      "fcf_margin": 0.02436797077766029,
      "incr_op_margin_yoy": -0.35320901994796183,
      "rev_growth_yoy": 0.12464864864864865,
      "rev_growth_yoy_accel": -0.05705798986414186,
      "fcf_margin_change": -0.10918751233774895
    },
    {
      "date": "2023-03-31T00:00:00",
      "quarter_label": "2023-03 (Q1)",
      "revenue": 86233000,
      "gross_profit": 42056000,
      "operating_income": 6295000,
      "net_income": 3084000,
      "opex": 35761000,
      "cogs": 44177000,
      "rd": 9836000,
      "sga": null,
      "fcf": 9457000,
      "ocf": 9473000,
      "capex": -16000,
      "gross_margin": 0.487701923857456,
      "op_margin": 0.07299989563160275,
      "fcf_margin": 0.10966799253186135,
      "incr_op_margin_yoy": -0.3218129634058838,
      "rev_growth_yoy": 0.10738272270806848,
      "rev_growth_yoy_accel": -0.01726592594058017,
      "op_leverage_ratio": 0.41356788384621496,
      "fcf_margin_change": 0.08530002175420107
    },
    {
      "date": "2023-06-30T00:00:00",
      "quarter_label": "2023-06 (Q2)",
      "revenue": 84622000,
      "gross_profit": 40489000,
      "operating_income": -1906000,
      "net_income": -2837000,
      "opex": 42395000,
      "cogs": 44133000,
      "rd": 10595000,
      "sga": null,
      "fcf": 661000,
      "ocf": 717000,
      "capex": -56000,
      "gross_margin": 0.47846895606343504,
      "op_margin": -0.02252369360213656,
      "fcf_margin": 0.0078112074874146205,
      "incr_op_margin_yoy": -3.4251054852320677,
      "rev_growth_yoy": 0.022919033919203153,
      "rev_growth_yoy_accel": -0.08446368878886533,
      "fcf_margin_change": -0.10185678504444673
    },
    {
      "date": "2023-09-30T00:00:00",
      "quarter_label": "2023-09 (Q3)",
      "revenue": 82712000,
      "gross_profit": 38849000,
      "operating_income": -5213000,
      "net_income": -3562000,
      "opex": 87925000,
      "cogs": 43863000,
      "rd": 9778000,
      "sga": null,
      "fcf": 2869000,
      "ocf": 3129000,
      "capex": -260000,
      "gross_margin": 0.46969000870490374,
      "op_margin": -0.06302592126898153,
      "fcf_margin": 0.034686623464551695,
      "rev_growth_yoy": -0.001388436137974332,
      "rev_growth_yoy_accel": -0.024307470057177486,
      "fcf_margin_change": 0.026875415977137076
    },
    {
      "date": "2023-12-31T00:00:00",
      "quarter_label": "2023-12 (Q4)",
      "revenue": 85868000,
      "gross_profit": 42173000,
      "operating_income": -41781000,
      "net_income": -42474000,
      "opex": 127649000,
      "cogs": 43695000,
      "rd": 10347000,
      "sga": null,
      "fcf": -12274000,
      "ocf": -12260000,
      "capex": -14000,
      "gross_margin": 0.4911375599757768,
      "op_margin": -0.4865724134718405,
      "fcf_margin": -0.1429403270135557,
      "incr_op_margin_yoy": -17.415658093797276,
      "rev_growth_yoy": 0.03176968182255119,
      "rev_growth_yoy_accel": 0.03315811796052552,
      "op_leverage_ratio": 0.08445548805570702,
      "fcf_margin_change": -0.1776269504781074
    },
    {
      "date": "2024-03-31T00:00:00",
      "quarter_label": "2024-03 (Q1)",
      "revenue": 83247000,
      "gross_profit": 41488000,
      "operating_income": -1458000,
      "net_income": -2516000,
      "opex": 84705000,
      "cogs": 41759000,
      "rd": 10689000,
      "sga": null,
      "fcf": -2211000,
      "ocf": -2034000,
      "capex": -177000,
      "gross_margin": 0.49837231371701085,
      "op_margin": -0.0175141446538614,
      "fcf_margin": -0.026559515658221917,
      "incr_op_margin_yoy": 2.5964501004688545,
      "rev_growth_yoy": -0.03462711490960537,
      "rev_growth_yoy_accel": -0.06639679673215657,
      "fcf_margin_change": 0.11638081135533378
    },
    {
      "date": "2024-06-30T00:00:00",
      "quarter_label": "2024-06 (Q2)",
      "revenue": 84730000,
      "gross_profit": 41388000,
      "operating_income": -3019000,
      "net_income": -5049000,
      "opex": 87749000,
      "cogs": 43342000,
      "rd": 8207000,
      "sga": null,
      "fcf": 13635000,
      "ocf": 13764000,
      "capex": -129000,
      "gross_margin": 0.48846925528148233,
      "op_margin": -0.035630827333884105,
      "fcf_margin": 0.16092293166528973,
      "rev_growth_yoy": 0.0012762638557349154,
      "rev_growth_yoy_accel": 0.035903378765340284,
      "op_leverage_ratio": 0.4957205901845192,
      "fcf_margin_change": 0.18748244732351166
    },
    {
      "date": "2024-09-30T00:00:00",
      "quarter_label": "2024-09 (Q3)",
      "revenue": 83830000,
      "gross_profit": 41461000,
      "operating_income": 1944000,
      "net_income": -9809000,
      "opex": 81886000,
      "cogs": 42369000,
      "rd": 7735000,
      "sga": null,
      "fcf": 9138000,
      "ocf": 10109000,
      "capex": -971000,
      "gross_margin": 0.4945842777048789,
      "op_margin": 0.023189788858403913,
      "fcf_margin": 0.10900632231897889,
      "incr_op_margin_yoy": 6.401610017889087,
      "rev_growth_yoy": 0.01351678112003095,
      "rev_growth_yoy_accel": 0.012240517264296036,
      "fcf_margin_change": -0.051916609346310844
    },
    {
      "date": "2024-12-31T00:00:00",
      "quarter_label": "2024-12 (Q4)",
      "revenue": 90840000,
      "gross_profit": 49781000,
      "operating_income": 9169000,
      "net_income": -3065000,
      "opex": 81671000,
      "cogs": 41059000,
      "rd": 7827000,
      "sga": null,
      "fcf": 9930000,
      "ocf": 10296000,
      "capex": -366000,
      "gross_margin": 0.5480074856891237,
      "op_margin": 0.10093571114046676,
      "fcf_margin": 0.10931307793923382,
      "incr_op_margin_yoy": 10.247385358004827,
      "rev_growth_yoy": 0.05790282759584479,
      "rev_growth_yoy_accel": 0.04438604647581384,
      "op_leverage_ratio": Infinity,
      "fcf_margin_change": 0.0003067556202549365
    },
    {
      "date": "2025-03-31T00:00:00",
      "quarter_label": "2025-03 (Q1)",
      "revenue": 87208000,
      "gross_profit": 47695000,
      "operating_income": 8160000,
      "net_income": 459000,
      "opex": 79048000,
      "cogs": 39513000,
      "rd": 8247000,
      "sga": null,
      "fcf": 5402000,
      "ocf": 5760000,
      "capex": -358000,
      "gross_margin": 0.5469108338684524,
      "op_margin": 0.09356939730299972,
      "fcf_margin": 0.0619438583616182,
      "incr_op_margin_yoy": 2.428174703357738,
      "rev_growth_yoy": 0.04758129422081276,
      "rev_growth_yoy_accel": -0.010321533375032027,
      "fcf_margin_change": -0.047369219577615626
    },
    {
      "date": "2025-06-30T00:00:00",
      "quarter_label": "2025-06 (Q2)",
      "revenue": 85729000,
      "gross_profit": 44459000,
      "operating_income": 3627000,
      "net_income": 2580000,
      "opex": 82102000,
      "cogs": 41270000,
      "rd": 8113000,
      "sga": null,
      "fcf": 8213000,
      "ocf": 8757000,
      "capex": -544000,
      "gross_margin": 0.5185993071189445,
      "op_margin": 0.04230773717178551,
      "fcf_margin": 0.09580188734267284,
      "rev_growth_yoy": 0.011790393013100437,
      "rev_growth_yoy_accel": -0.03579090120771232,
      "fcf_margin_change": 0.03385802898105464
    },
    {
      "date": "2025-09-30T00:00:00",
      "quarter_label": "2025-09 (Q3)",
      "revenue": 86106000,
      "gross_profit": 44058000,
      "operating_income": 4068000,
      "net_income": 5602000,
      "opex": 82038000,
      "cogs": 42048000,
      "rd": 8171000,
      "sga": null,
      "fcf": 13653000,
      "ocf": 13590000,
      "capex": 63000,
      "gross_margin": 0.5116716605114626,
      "op_margin": 0.047244094488188976,
      "fcf_margin": 0.1585603790676608,
      "incr_op_margin_yoy": 0.9332161687170475,
      "rev_growth_yoy": 0.027150184898007874,
      "rev_growth_yoy_accel": 0.015359791884907437,
      "fcf_margin_change": 0.06275849172498796
    }
  ],
  "signals": [
    {
      "quarter": "2025-09 (Q3)",
      "signal": "FCF MARGIN EXPANSION",
      "detail": "FCF margin: +9.6% -> +15.9% (+6.3%)",
      "severity": "MEDIUM"
    },
    {
      "quarter": "2025-09 (Q3)",
      "signal": "INCREMENTAL MARGIN (YoY)",
      "detail": "YoY Incr OPM: +93.3% vs year-ago OPM: +2.3%",
      "severity": "HIGH"
    },
    {
      "quarter": "2025-06 (Q2)",
      "signal": "OP MARGIN TURNED POSITIVE (YoY)",
      "detail": "Op margin: -3.6% (year-ago) -> +4.2%",
      "severity": "HIGH"
    },
    {
      "quarter": "2025-03 (Q1)",
      "signal": "OP MARGIN TURNED POSITIVE (YoY)",
      "detail": "Op margin: -1.8% (year-ago) -> +9.4%",
      "severity": "HIGH"
    },
    {
      "quarter": "2024-12 (Q4)",
      "signal": "OP MARGIN TURNED POSITIVE (YoY)",
      "detail": "Op margin: -48.7% (year-ago) -> +10.1%",
      "severity": "HIGH"
    },
    {
      "quarter": "2024-09 (Q3)",
      "signal": "OP MARGIN TURNED POSITIVE (YoY)",
      "detail": "Op margin: -6.3% (year-ago) -> +2.3%",
      "severity": "HIGH"
    },
    {
      "quarter": "2024-09 (Q3)",
      "signal": "OP MARGIN TURNED POSITIVE (QoQ)",
      "detail": "Op margin: -3.6% -> +2.3%",
      "severity": "HIGH"
    },
    {
      "quarter": "2024-06 (Q2)",
      "signal": "FCF TURNED POSITIVE",
      "detail": "FCF margin: -2.7% -> +16.1%",
      "severity": "HIGH"
    },
    {
      "quarter": "2024-03 (Q1)",
      "signal": "FCF MARGIN EXPANSION",
      "detail": "FCF margin: -14.3% -> -2.7% (+11.6%)",
      "severity": "MEDIUM"
    },
    {
      "quarter": "2024-03 (Q1)",
      "signal": "YoY REVENUE GROWTH DECELERATION",
      "detail": "YoY growth: -3.5% vs prior quarter YoY: +3.2% (decel: -6.6%)",
      "severity": "WARNING"
    },
    {
      "quarter": "2023-12 (Q4)",
      "signal": "GROSS MARGIN INFLECTION",
      "detail": "GM: +47.8% -> +47.0% -> +49.1% (reversal +2.1%)",
      "severity": "MEDIUM"
    },
    {
      "quarter": "2023-06 (Q2)",
      "signal": "YoY REVENUE GROWTH DECELERATION",
      "detail": "YoY growth: +2.3% vs prior quarter YoY: +10.7% (decel: -8.4%)",
      "severity": "WARNING"
    },
    {
      "quarter": "2023-03 (Q1)",
      "signal": "FCF MARGIN EXPANSION",
      "detail": "FCF margin: +2.4% -> +11.0% (+8.5%)",
      "severity": "MEDIUM"
    },
    {
      "quarter": "2023-03 (Q1)",
      "signal": "GROSS MARGIN INFLECTION",
      "detail": "GM: +45.9% -> +44.6% -> +48.8% (reversal +4.1%)",
      "severity": "MEDIUM"
    },
    {
      "quarter": "2022-12 (Q4)",
      "signal": "YoY REVENUE GROWTH DECELERATION",
      "detail": "YoY growth: +12.5% vs prior quarter YoY: +18.2% (decel: -5.7%)",
      "severity": "WARNING"
    },
    {
      "quarter": "2022-06 (Q2)",
      "signal": "YoY REVENUE GROWTH ACCELERATION",
      "detail": "YoY growth: +20.7% vs prior quarter YoY: +14.5% (accel: +6.2%)",
      "severity": "MEDIUM"
    },
    {
      "quarter": "2022-03 (Q1)",
      "signal": "INCREMENTAL MARGIN (YoY)",
      "detail": "YoY Incr OPM: +41.3% vs year-ago OPM: +7.2%",
      "severity": "HIGH"
    },
    {
      "quarter": "2021-12 (Q4)",
      "signal": "FCF MARGIN EXPANSION",
      "detail": "FCF margin: +1.6% -> +17.9% (+16.4%)",
      "severity": "MEDIUM"
    },
    {
      "quarter": "2021-12 (Q4)",
      "signal": "INCREMENTAL MARGIN (YoY)",
      "detail": "YoY Incr OPM: +21.7% vs year-ago OPM: +8.9%",
      "severity": "MEDIUM"
    },
    {
      "quarter": "2021-06 (Q2)",
      "signal": "FCF MARGIN EXPANSION",
      "detail": "FCF margin: +19.4% -> +28.1% (+8.6%)",
      "severity": "MEDIUM"
    }
  ],
  "data_quality": {
    "n_quarters": 20,
    "coverage": {
      "revenue": [
        20,
        20
      ],
      "gross_profit": [
        20,
        20
      ],
      "op_income": [
        20,
        20
      ],
      "fcf": [
        20,
        20
      ]
    },
    "gaps": [],
    "warnings": []
  },
  "market_cap": null,
  "source": "SEC EDGAR",
  "last_updated": "2026-02-02T22:45:28.923608"
}