{
  "ticker": "TCMD",
  "name": "Tactile Systems Technology, Inc.",
  "sector": "Healthcare",
  "industry": "Medical Devices",
  "quarters": [
    {
      "date": "2021-03-31T00:00:00",
      "quarter_label": "2021-03 (Q1)",
      "revenue": 42772000,
      "gross_profit": 30230000,
      "operating_income": -4084000,
      "net_income": -2266000,
      "opex": 34314000,
      "cogs": 12542000,
      "rd": 1270000,
      "sga": null,
      "fcf": -1049000,
      "ocf": -800000,
      "capex": -249000,
      "gross_margin": 0.706770784625456,
      "op_margin": -0.09548302627887403,
      "fcf_margin": -0.02452539044234546
    },
    {
      "date": "2021-06-30T00:00:00",
      "quarter_label": "2021-06 (Q2)",
      "revenue": 51060000,
      "gross_profit": 36205000,
      "operating_income": -76000,
      "net_income": 1305000,
      "opex": 36281000,
      "cogs": 14855000,
      "rd": 1206000,
      "sga": null,
      "fcf": -1471000,
      "ocf": -1117000,
      "capex": -354000,
      "gross_margin": 0.7090677634155895,
      "op_margin": -0.0014884449667058363,
      "fcf_margin": -0.02880924402663533,
      "op_leverage_ratio": 3.3803149897178884,
      "fcf_margin_change": -0.004283853584289871
    },
    {
      "date": "2021-09-30T00:00:00",
      "quarter_label": "2021-09 (Q3)",
      "revenue": 52497000,
      "gross_profit": 36968000,
      "operating_income": -1367000,
      "net_income": -3355000,
      "opex": 38335000,
      "cogs": 15529000,
      "rd": 1409000,
      "sga": null,
      "fcf": -1676000,
      "ocf": -1058000,
      "capex": -618000,
      "gross_margin": 0.704192620530697,
      "op_margin": -0.026039583214278912,
      "fcf_margin": -0.03192563384574357,
      "op_leverage_ratio": 0.49711259564038873,
      "fcf_margin_change": -0.0031163898191082368
    },
    {
      "date": "2021-12-31T00:00:00",
      "quarter_label": "2021-12 (Q4)",
      "revenue": 61728000,
      "gross_profit": 44810000,
      "operating_income": 3765000,
      "net_income": -7495000,
      "opex": 41045000,
      "cogs": 16918000,
      "rd": 1774000,
      "sga": null,
      "fcf": 4724000,
      "ocf": 5606000,
      "capex": -882000,
      "gross_margin": 0.7259266459305339,
      "op_margin": 0.06099339035769829,
      "fcf_margin": 0.07652928978745464,
      "op_leverage_ratio": 2.4873702851549346,
      "fcf_margin_change": 0.10845492363319821
    },
    {
      "date": "2022-03-31T00:00:00",
      "quarter_label": "2022-03 (Q1)",
      "revenue": 47978000,
      "gross_profit": 33862000,
      "operating_income": -14901000,
      "net_income": null,
      "opex": 48763000,
      "cogs": 14116000,
      "rd": 1520000,
      "sga": null,
      "fcf": -3337000,
      "ocf": -3206000,
      "capex": -131000,
      "gross_margin": 0.705781816665972,
      "op_margin": -0.310579849097503,
      "fcf_margin": -0.06955271165951062,
      "incr_op_margin_yoy": -2.077794852093738,
      "rev_growth_yoy": 0.12171514074628262,
      "fcf_margin_change": -0.14608200144696526
    },
    {
      "date": "2022-06-30T00:00:00",
      "quarter_label": "2022-06 (Q2)",
      "revenue": 59645000,
      "gross_profit": 43223000,
      "operating_income": -4087000,
      "net_income": -4640000,
      "opex": 47310000,
      "cogs": 16422000,
      "rd": 1849000,
      "sga": null,
      "fcf": 2106000,
      "ocf": 2306000,
      "capex": -200000,
      "gross_margin": 0.7246709699052729,
      "op_margin": -0.06852208902674155,
      "fcf_margin": 0.03530891105708777,
      "incr_op_margin_yoy": -0.46721025043680836,
      "rev_growth_yoy": 0.168135526831179,
      "rev_growth_yoy_accel": 0.046420386084896376,
      "op_leverage_ratio": null,
      "fcf_margin_change": 0.10486162271659838
    },
    {
      "date": "2022-09-30T00:00:00",
      "quarter_label": "2022-09 (Q3)",
      "revenue": 65262000,
      "gross_profit": 46794000,
      "operating_income": -1620000,
      "net_income": -2279000,
      "opex": 48414000,
      "cogs": 18468000,
      "rd": 1581000,
      "sga": null,
      "fcf": 854000,
      "ocf": 2254000,
      "capex": -1400000,
      "gross_margin": 0.7170175599889675,
      "op_margin": -0.024823021053599337,
      "fcf_margin": 0.013085716036897429,
      "incr_op_margin_yoy": -0.01981981981981982,
      "rev_growth_yoy": 0.2431567518143894,
      "rev_growth_yoy_accel": 0.0750212249832104,
      "op_leverage_ratio": 4.035657076106091,
      "fcf_margin_change": -0.022223195020190344
    },
    {
      "date": "2022-12-31T00:00:00",
      "quarter_label": "2022-12 (Q4)",
      "revenue": 73900000,
      "gross_profit": 52097000,
      "operating_income": 7850000,
      "net_income": 4621000,
      "opex": 44247000,
      "cogs": 21803000,
      "rd": 2139000,
      "sga": null,
      "fcf": 3806000,
      "ocf": 3855000,
      "capex": -49000,
      "gross_margin": 0.7049661705006766,
      "op_margin": 0.10622462787550745,
      "fcf_margin": 0.051502029769959407,
      "incr_op_margin_yoy": 0.3356063095629313,
      "rev_growth_yoy": 0.1971876620010368,
      "rev_growth_yoy_accel": -0.0459690898133526,
      "op_leverage_ratio": null,
      "fcf_margin_change": 0.03841631373306198
    },
    {
      "date": "2023-03-31T00:00:00",
      "quarter_label": "2023-03 (Q1)",
      "revenue": 58846000,
      "gross_profit": 41468000,
      "operating_income": -3806000,
      "net_income": -1886000,
      "opex": 45274000,
      "cogs": 17378000,
      "rd": 2233000,
      "sga": null,
      "fcf": -743000,
      "ocf": -502000,
      "capex": -241000,
      "gross_margin": 0.704686809638718,
      "op_margin": -0.06467729327396934,
      "fcf_margin": -0.012626176800462224,
      "incr_op_margin_yoy": 1.020887007729113,
      "rev_growth_yoy": 0.2265204885572554,
      "rev_growth_yoy_accel": 0.029332826556218605,
      "fcf_margin_change": -0.06412820657042163
    },
    {
      "date": "2023-06-30T00:00:00",
      "quarter_label": "2023-06 (Q2)",
      "revenue": 68339000,
      "gross_profit": 48299000,
      "operating_income": 2058000,
      "net_income": -100000,
      "opex": 46241000,
      "cogs": 20040000,
      "rd": 1833000,
      "sga": null,
      "fcf": 13107000,
      "ocf": 13909000,
      "capex": -802000,
      "gross_margin": 0.7067560251101128,
      "op_margin": 0.03011457586444051,
      "fcf_margin": 0.19179385124160436,
      "incr_op_margin_yoy": 0.7068092937658155,
      "rev_growth_yoy": 0.14576242769720849,
      "rev_growth_yoy_accel": -0.08075806086004692,
      "op_leverage_ratio": 7.552816369131481,
      "fcf_margin_change": 0.20442002804206658
    },
    {
      "date": "2023-09-30T00:00:00",
      "quarter_label": "2023-09 (Q3)",
      "revenue": 69586000,
      "gross_profit": 49359000,
      "operating_income": 7989000,
      "net_income": 22299000,
      "opex": 41370000,
      "cogs": 20227000,
      "rd": 1964000,
      "sga": null,
      "fcf": 3715000,
      "ocf": 4096000,
      "capex": -381000,
      "gross_margin": 0.7093237145402811,
      "op_margin": 0.11480757623659932,
      "fcf_margin": 0.05338717558129509,
      "incr_op_margin_yoy": 2.2222479185938946,
      "rev_growth_yoy": 0.06625601421960713,
      "rev_growth_yoy_accel": -0.07950641347760136,
      "op_leverage_ratio": null,
      "fcf_margin_change": -0.1384066756603093
    },
    {
      "date": "2023-12-31T00:00:00",
      "quarter_label": "2023-12 (Q4)",
      "revenue": 77652000,
      "gross_profit": 56007000,
      "operating_income": 11800000,
      "net_income": 8202000,
      "opex": 44207000,
      "cogs": 21645000,
      "rd": 1793000,
      "sga": null,
      "fcf": 17452000,
      "ocf": 18352000,
      "capex": -900000,
      "gross_margin": 0.721256374594344,
      "op_margin": 0.1519600267861742,
      "fcf_margin": 0.22474630402307733,
      "incr_op_margin_yoy": 1.052771855010661,
      "rev_growth_yoy": 0.05077131258457375,
      "rev_growth_yoy_accel": -0.015484701635033377,
      "op_leverage_ratio": 1.6902950904326746,
      "fcf_margin_change": 0.17135912844178225
    },
    {
      "date": "2024-03-31T00:00:00",
      "quarter_label": "2024-03 (Q1)",
      "revenue": 61088000,
      "gross_profit": 43429000,
      "operating_income": -2964000,
      "net_income": -2209000,
      "opex": 46393000,
      "cogs": 17659000,
      "rd": 2143000,
      "sga": null,
      "fcf": 442000,
      "ocf": 924000,
      "capex": -482000,
      "gross_margin": 0.7109252226296491,
      "op_margin": -0.04852016762702986,
      "fcf_margin": 0.007235463593504452,
      "incr_op_margin_yoy": 0.37555753791257807,
      "rev_growth_yoy": 0.03809944601162356,
      "rev_growth_yoy_accel": -0.012671866572950191,
      "fcf_margin_change": -0.21751084042957286
    },
    {
      "date": "2024-06-30T00:00:00",
      "quarter_label": "2024-06 (Q2)",
      "revenue": 73218000,
      "gross_profit": 54103000,
      "operating_income": 5849000,
      "net_income": 4298000,
      "opex": 48254000,
      "cogs": 19115000,
      "rd": 2234000,
      "sga": null,
      "fcf": 12642000,
      "ocf": 13142000,
      "capex": -500000,
      "gross_margin": 0.7389303176814445,
      "op_margin": 0.07988472779917506,
      "fcf_margin": 0.17266246005080718,
      "incr_op_margin_yoy": 0.7770034843205574,
      "rev_growth_yoy": 0.07139407951535727,
      "rev_growth_yoy_accel": 0.03329463350373371,
      "op_leverage_ratio": 4.950065869862179,
      "fcf_margin_change": 0.16542699645730272
    },
    {
      "date": "2024-09-30T00:00:00",
      "quarter_label": "2024-09 (Q3)",
      "revenue": 73093000,
      "gross_profit": 54787000,
      "operating_income": 6781000,
      "net_income": 5155000,
      "opex": 48006000,
      "cogs": 18306000,
      "rd": 2417000,
      "sga": null,
      "fcf": 9306000,
      "ocf": 10256000,
      "capex": -950000,
      "gross_margin": 0.7495519406783139,
      "op_margin": 0.09277222169017553,
      "fcf_margin": 0.12731725336215508,
      "incr_op_margin_yoy": -0.3444539492443684,
      "rev_growth_yoy": 0.050398068577012615,
      "rev_growth_yoy_accel": -0.020996010938344654,
      "fcf_margin_change": -0.04534520668865211
    },
    {
      "date": "2024-12-31T00:00:00",
      "quarter_label": "2024-12 (Q4)",
      "revenue": 85585000,
      "gross_profit": 64369000,
      "operating_income": 12515000,
      "net_income": 9716000,
      "opex": 51854000,
      "cogs": 21216000,
      "rd": 2038000,
      "sga": null,
      "fcf": 15873000,
      "ocf": 16333000,
      "capex": -460000,
      "gross_margin": 0.7521060933574809,
      "op_margin": 0.14622889525033592,
      "fcf_margin": 0.18546474265350238,
      "incr_op_margin_yoy": 0.09012983738812555,
      "rev_growth_yoy": 0.10216092309277289,
      "rev_growth_yoy_accel": 0.05176285451576027,
      "op_leverage_ratio": 2.13214455550931,
      "fcf_margin_change": 0.058147489291347304
    },
    {
      "date": "2025-03-31T00:00:00",
      "quarter_label": "2025-03 (Q1)",
      "revenue": 61268000,
      "gross_profit": 45346000,
      "operating_income": -4542000,
      "net_income": -2974000,
      "opex": 49888000,
      "cogs": 15922000,
      "rd": 1741000,
      "sga": null,
      "fcf": 38000,
      "ocf": 417000,
      "capex": -379000,
      "gross_margin": 0.7401253509172815,
      "op_margin": -0.07413331592348371,
      "fcf_margin": 0.000620225892798851,
      "rev_growth_yoy": 0.0029465688842325827,
      "rev_growth_yoy_accel": -0.0992143542085403,
      "fcf_margin_change": -0.18484451676070351
    },
    {
      "date": "2025-06-30T00:00:00",
      "quarter_label": "2025-06 (Q2)",
      "revenue": 78905000,
      "gross_profit": 58793000,
      "operating_income": 4083000,
      "net_income": 3217000,
      "opex": 54710000,
      "cogs": 20112000,
      "rd": 2018000,
      "sga": null,
      "fcf": 14388000,
      "ocf": 14757000,
      "capex": -369000,
      "gross_margin": 0.7451112096825296,
      "op_margin": 0.05174577023002345,
      "fcf_margin": 0.1823458589443001,
      "incr_op_margin_yoy": -0.3105327940917883,
      "rev_growth_yoy": 0.07767215711983393,
      "rev_growth_yoy_accel": 0.07472558823560134,
      "op_leverage_ratio": 2.978241415817208,
      "fcf_margin_change": 0.18172563305150125
    },
    {
      "date": "2025-09-30T00:00:00",
      "quarter_label": "2025-09 (Q3)",
      "revenue": 85755000,
      "gross_profit": 65001000,
      "operating_income": 10963000,
      "net_income": 8209000,
      "opex": 54038000,
      "cogs": 20754000,
      "rd": 2191000,
      "sga": null,
      "fcf": 9219000,
      "ocf": 10341000,
      "capex": -1122000,
      "gross_margin": 0.757984957145356,
      "op_margin": 0.12784094221911257,
      "fcf_margin": 0.10750393563057548,
      "incr_op_margin_yoy": 0.33027957668614755,
      "rev_growth_yoy": 0.17323136278439796,
      "rev_growth_yoy_accel": 0.09555920566456404,
      "op_leverage_ratio": null,
      "fcf_margin_change": -0.07484192331372463
    },
    {
      "date": "2025-12-31T00:00:00",
      "quarter_label": "2025-12 (Q4)",
      "revenue": 103594000,
      "gross_profit": 81006000,
      "operating_income": 18775000,
      "net_income": 10634000,
      "opex": 62231000,
      "cogs": 22588000,
      "rd": 2531000,
      "sga": null,
      "fcf": 16786000,
      "ocf": 17296000,
      "capex": -510000,
      "gross_margin": 0.7819564839662528,
      "op_margin": 0.18123636504044635,
      "fcf_margin": 0.16203641137517616,
      "incr_op_margin_yoy": 0.34760397578988284,
      "rev_growth_yoy": 0.2104223871005433,
      "rev_growth_yoy_accel": 0.03719102431614535,
      "op_leverage_ratio": 1.372041875048121,
      "fcf_margin_change": 0.054532475744600684
    }
  ],
  "signals": [
    {
      "quarter": "2025-12 (Q4)",
      "signal": "FCF MARGIN EXPANSION",
      "detail": "FCF margin: +10.8% -> +16.2% (+5.5%)",
      "severity": "MEDIUM"
    },
    {
      "quarter": "2025-12 (Q4)",
      "signal": "INCREMENTAL MARGIN (YoY)",
      "detail": "YoY Incr OPM: +34.8% vs year-ago OPM: +14.6%",
      "severity": "HIGH"
    },
    {
      "quarter": "2025-09 (Q3)",
      "signal": "YoY REVENUE GROWTH ACCELERATION",
      "detail": "YoY growth: +17.3% vs prior quarter YoY: +7.8% (accel: +9.6%)",
      "severity": "MEDIUM"
    },
    {
      "quarter": "2025-09 (Q3)",
      "signal": "INCREMENTAL MARGIN (YoY)",
      "detail": "YoY Incr OPM: +33.0% vs year-ago OPM: +9.3%",
      "severity": "HIGH"
    },
    {
      "quarter": "2025-06 (Q2)",
      "signal": "FCF MARGIN EXPANSION",
      "detail": "FCF margin: +0.1% -> +18.2% (+18.2%)",
      "severity": "MEDIUM"
    },
    {
      "quarter": "2025-06 (Q2)",
      "signal": "OPERATING LEVERAGE",
      "detail": "Rev growth +28.8% vs OpEx growth +9.7% (leverage: 3.0x)",
      "severity": "MEDIUM"
    },
    {
      "quarter": "2025-06 (Q2)",
      "signal": "YoY REVENUE GROWTH ACCELERATION",
      "detail": "YoY growth: +7.8% vs prior quarter YoY: +0.3% (accel: +7.5%)",
      "severity": "MEDIUM"
    },
    {
      "quarter": "2025-06 (Q2)",
      "signal": "OP MARGIN TURNED POSITIVE (QoQ)",
      "detail": "Op margin: -7.4% -> +5.2%",
      "severity": "HIGH"
    },
    {
      "quarter": "2025-03 (Q1)",
      "signal": "YoY REVENUE GROWTH DECELERATION",
      "detail": "YoY growth: +0.3% vs prior quarter YoY: +10.2% (decel: -9.9%)",
      "severity": "WARNING"
    },
    {
      "quarter": "2024-12 (Q4)",
      "signal": "FCF MARGIN EXPANSION",
      "detail": "FCF margin: +12.7% -> +18.5% (+5.8%)",
      "severity": "MEDIUM"
    },
    {
      "quarter": "2024-12 (Q4)",
      "signal": "OPERATING LEVERAGE",
      "detail": "Rev growth +17.1% vs OpEx growth +8.0% (leverage: 2.1x)",
      "severity": "MEDIUM"
    },
    {
      "quarter": "2024-12 (Q4)",
      "signal": "YoY REVENUE GROWTH ACCELERATION",
      "detail": "YoY growth: +10.2% vs prior quarter YoY: +5.0% (accel: +5.2%)",
      "severity": "MEDIUM"
    },
    {
      "quarter": "2024-06 (Q2)",
      "signal": "FCF MARGIN EXPANSION",
      "detail": "FCF margin: +0.7% -> +17.3% (+16.5%)",
      "severity": "MEDIUM"
    },
    {
      "quarter": "2024-06 (Q2)",
      "signal": "OPERATING LEVERAGE",
      "detail": "Rev growth +19.9% vs OpEx growth +4.0% (leverage: 5.0x)",
      "severity": "MEDIUM"
    },
    {
      "quarter": "2024-06 (Q2)",
      "signal": "GROSS MARGIN INFLECTION",
      "detail": "GM: +72.1% -> +71.1% -> +73.9% (reversal +2.8%)",
      "severity": "MEDIUM"
    },
    {
      "quarter": "2024-06 (Q2)",
      "signal": "INCREMENTAL MARGIN (YoY)",
      "detail": "YoY Incr OPM: +77.7% vs year-ago OPM: +3.0%",
      "severity": "HIGH"
    },
    {
      "quarter": "2024-06 (Q2)",
      "signal": "OP MARGIN TURNED POSITIVE (QoQ)",
      "detail": "Op margin: -4.9% -> +8.0%",
      "severity": "HIGH"
    },
    {
      "quarter": "2023-12 (Q4)",
      "signal": "FCF MARGIN EXPANSION",
      "detail": "FCF margin: +5.3% -> +22.5% (+17.1%)",
      "severity": "MEDIUM"
    },
    {
      "quarter": "2023-12 (Q4)",
      "signal": "OPERATING LEVERAGE",
      "detail": "Rev growth +11.6% vs OpEx growth +6.9% (leverage: 1.7x)",
      "severity": "MEDIUM"
    },
    {
      "quarter": "2023-12 (Q4)",
      "signal": "INCREMENTAL MARGIN (YoY)",
      "detail": "YoY Incr OPM: +105.3% vs year-ago OPM: +10.6%",
      "severity": "HIGH"
    },
    {
      "quarter": "2023-09 (Q3)",
      "signal": "YoY REVENUE GROWTH DECELERATION",
      "detail": "YoY growth: +6.6% vs prior quarter YoY: +14.6% (decel: -8.0%)",
      "severity": "WARNING"
    },
    {
      "quarter": "2023-09 (Q3)",
      "signal": "OP MARGIN TURNED POSITIVE (YoY)",
      "detail": "Op margin: -2.5% (year-ago) -> +11.5%",
      "severity": "HIGH"
    },
    {
      "quarter": "2023-06 (Q2)",
      "signal": "FCF TURNED POSITIVE",
      "detail": "FCF margin: -1.3% -> +19.2%",
      "severity": "HIGH"
    },
    {
      "quarter": "2023-06 (Q2)",
      "signal": "OPERATING LEVERAGE",
      "detail": "Rev growth +16.1% vs OpEx growth +2.1% (leverage: 7.6x)",
      "severity": "MEDIUM"
    },
    {
      "quarter": "2023-06 (Q2)",
      "signal": "YoY REVENUE GROWTH DECELERATION",
      "detail": "YoY growth: +14.6% vs prior quarter YoY: +22.7% (decel: -8.1%)",
      "severity": "WARNING"
    },
    {
      "quarter": "2023-06 (Q2)",
      "signal": "OP MARGIN TURNED POSITIVE (YoY)",
      "detail": "Op margin: -6.9% (year-ago) -> +3.0%",
      "severity": "HIGH"
    },
    {
      "quarter": "2023-06 (Q2)",
      "signal": "OP MARGIN TURNED POSITIVE (QoQ)",
      "detail": "Op margin: -6.5% -> +3.0%",
      "severity": "HIGH"
    },
    {
      "quarter": "2022-12 (Q4)",
      "signal": "INCREMENTAL MARGIN (YoY)",
      "detail": "YoY Incr OPM: +33.6% vs year-ago OPM: +6.1%",
      "severity": "HIGH"
    },
    {
      "quarter": "2022-12 (Q4)",
      "signal": "OP MARGIN TURNED POSITIVE (QoQ)",
      "detail": "Op margin: -2.5% -> +10.6%",
      "severity": "HIGH"
    },
    {
      "quarter": "2022-09 (Q3)",
      "signal": "OPERATING LEVERAGE",
      "detail": "Rev growth +9.4% vs OpEx growth +2.3% (leverage: 4.0x)",
      "severity": "MEDIUM"
    },
    {
      "quarter": "2022-09 (Q3)",
      "signal": "YoY REVENUE GROWTH ACCELERATION",
      "detail": "YoY growth: +24.3% vs prior quarter YoY: +16.8% (accel: +7.5%)",
      "severity": "MEDIUM"
    },
    {
      "quarter": "2022-06 (Q2)",
      "signal": "FCF TURNED POSITIVE",
      "detail": "FCF margin: -7.0% -> +3.5%",
      "severity": "HIGH"
    },
    {
      "quarter": "2021-12 (Q4)",
      "signal": "FCF TURNED POSITIVE",
      "detail": "FCF margin: -3.2% -> +7.7%",
      "severity": "HIGH"
    },
    {
      "quarter": "2021-12 (Q4)",
      "signal": "OPERATING LEVERAGE",
      "detail": "Rev growth +17.6% vs OpEx growth +7.1% (leverage: 2.5x)",
      "severity": "MEDIUM"
    },
    {
      "quarter": "2021-12 (Q4)",
      "signal": "GROSS MARGIN INFLECTION",
      "detail": "GM: +70.9% -> +70.4% -> +72.6% (reversal +2.2%)",
      "severity": "MEDIUM"
    },
    {
      "quarter": "2021-12 (Q4)",
      "signal": "OP MARGIN TURNED POSITIVE (QoQ)",
      "detail": "Op margin: -2.6% -> +6.1%",
      "severity": "HIGH"
    },
    {
      "quarter": "2021-06 (Q2)",
      "signal": "OPERATING LEVERAGE",
      "detail": "Rev growth +19.4% vs OpEx growth +5.7% (leverage: 3.4x)",
      "severity": "MEDIUM"
    }
  ],
  "data_quality": {
    "n_quarters": 20,
    "coverage": {
      "revenue": [
        20,
        20
      ],
      "gross_profit": [
        20,
        20
      ],
      "op_income": [
        20,
        20
      ],
      "fcf": [
        20,
        20
      ]
    },
    "gaps": [],
    "warnings": []
  },
  "market_cap": null,
  "source": "SEC EDGAR",
  "last_updated": "2026-02-24T10:34:04.114434"
}