{
  "ticker": "TCNNF",
  "name": "TRULIEVE CANNABIS CORP.",
  "quarters": [
    {
      "date": "2020-12-31T00:00:00",
      "quarter_label": "2020-12 (Q4)",
      "revenue": 168437000,
      "gross_profit": 119878000,
      "operating_income": 63836000,
      "net_income": 3040000,
      "opex": 56042000,
      "cogs": 48559000,
      "rd": null,
      "sga": null,
      "fcf": -11779000,
      "ocf": 26803000,
      "capex": -38582000,
      "gross_margin": 0.7117082351264865,
      "op_margin": 0.3789903643498756,
      "fcf_margin": -0.06993119089036257
    },
    {
      "date": "2021-03-31T00:00:00",
      "quarter_label": "2021-03 (Q1)",
      "revenue": 193823000,
      "gross_profit": 135264000,
      "operating_income": 72563000,
      "net_income": 30078000,
      "opex": 62701000,
      "cogs": 58559000,
      "rd": null,
      "sga": null,
      "fcf": 11204000,
      "ocf": 59591000,
      "capex": -48387000,
      "gross_margin": 0.6978738333427922,
      "op_margin": 0.3743776538388117,
      "fcf_margin": 0.05780531722241426,
      "op_leverage_ratio": 1.2684150574463195,
      "fcf_margin_change": 0.12773650811277681
    },
    {
      "date": "2021-06-30T00:00:00",
      "quarter_label": "2021-06 (Q2)",
      "revenue": 215122000,
      "gross_profit": 144483000,
      "operating_income": 76298000,
      "net_income": 40880000,
      "opex": 68185000,
      "cogs": 70639000,
      "rd": null,
      "sga": null,
      "fcf": -77312000,
      "ocf": -10397000,
      "capex": -66915000,
      "gross_margin": 0.6716328408995825,
      "op_margin": 0.35467316220563216,
      "fcf_margin": -0.3593867665789645,
      "op_leverage_ratio": 1.256408666530868,
      "fcf_margin_change": -0.4171920838013788
    },
    {
      "date": "2021-09-30T00:00:00",
      "quarter_label": "2021-09 (Q3)",
      "revenue": 224092000,
      "gross_profit": 153945000,
      "operating_income": 66275000,
      "net_income": 18616000,
      "opex": 87670000,
      "cogs": 70147000,
      "rd": null,
      "sga": null,
      "fcf": -49719000,
      "ocf": 25886000,
      "capex": -75605000,
      "gross_margin": 0.6869723149420773,
      "op_margin": 0.29574906734733947,
      "fcf_margin": -0.22186869678524893,
      "op_leverage_ratio": 0.14591369350191097,
      "fcf_margin_change": 0.13751806979371559
    },
    {
      "date": "2021-12-31T00:00:00",
      "quarter_label": "2021-12 (Q4)",
      "revenue": 305348000,
      "gross_profit": 132438000,
      "operating_income": -18190000,
      "net_income": -72129000,
      "opex": 150628000,
      "cogs": 172910000,
      "rd": null,
      "sga": null,
      "fcf": -147177000,
      "ocf": -62182000,
      "capex": -84995000,
      "gross_margin": 0.4337280741973093,
      "op_margin": -0.05957137430079778,
      "fcf_margin": -0.4819975896354324,
      "incr_op_margin_yoy": -0.5991191357889432,
      "rev_growth_yoy": 0.8128320974607717,
      "op_leverage_ratio": 0.5049276693439757,
      "fcf_margin_change": -0.2601288928501835
    },
    {
      "date": "2022-03-31T00:00:00",
      "quarter_label": "2022-03 (Q1)",
      "revenue": 318348000,
      "gross_profit": 178150000,
      "operating_income": 28657000,
      "net_income": -32482000,
      "opex": 149493000,
      "cogs": 140198000,
      "rd": null,
      "sga": null,
      "fcf": -2971000,
      "ocf": 45147000,
      "capex": -48118000,
      "gross_margin": 0.5596077248796915,
      "op_margin": 0.09001784210989232,
      "fcf_margin": -0.009332554311633809,
      "incr_op_margin_yoy": -0.3525878337683196,
      "rev_growth_yoy": 0.6424676122028862,
      "rev_growth_yoy_accel": -0.1703644852578855,
      "op_leverage_ratio": Infinity,
      "fcf_margin_change": 0.47266503532379855
    },
    {
      "date": "2022-06-30T00:00:00",
      "quarter_label": "2022-06 (Q2)",
      "revenue": 320283000,
      "gross_profit": 182154000,
      "operating_income": 37990000,
      "net_income": -24021000,
      "opex": 144164000,
      "cogs": 138129000,
      "rd": null,
      "sga": null,
      "fcf": -100178000,
      "ocf": -55431000,
      "capex": -44747000,
      "gross_margin": 0.5687282809265556,
      "op_margin": 0.11861385087563187,
      "fcf_margin": -0.312779635509846,
      "incr_op_margin_yoy": -0.3642795332870551,
      "rev_growth_yoy": 0.48884353994477553,
      "rev_growth_yoy_accel": -0.15362407225811064,
      "fcf_margin_change": -0.3034470811982122
    },
    {
      "date": "2022-09-30T00:00:00",
      "quarter_label": "2022-09 (Q3)",
      "revenue": 300793000,
      "gross_profit": 168033000,
      "operating_income": -27753000,
      "net_income": -115072000,
      "opex": 195786000,
      "cogs": 132760000,
      "rd": null,
      "sga": null,
      "fcf": -59186000,
      "ocf": -21629000,
      "capex": -37557000,
      "gross_margin": 0.5586333458557878,
      "op_margin": -0.09226610991612172,
      "fcf_margin": -0.19676654709384858,
      "incr_op_margin_yoy": -1.2259031824878424,
      "rev_growth_yoy": 0.34227460150295413,
      "rev_growth_yoy_accel": -0.1465689384418214,
      "fcf_margin_change": 0.11601308841599742
    },
    {
      "date": "2022-12-31T00:00:00",
      "quarter_label": "2022-12 (Q4)",
      "revenue": 302200000,
      "gross_profit": 149658000,
      "operating_income": -12265000,
      "net_income": null,
      "opex": 161923000,
      "cogs": 152542000,
      "rd": null,
      "sga": null,
      "fcf": 20682000,
      "ocf": 55009000,
      "capex": -34327000,
      "gross_margin": 0.4952283256121774,
      "op_margin": -0.04058570483123759,
      "fcf_margin": 0.06843812045003309,
      "incr_op_margin_yoy": -1.8821473951715375,
      "rev_growth_yoy": -0.01030954844963779,
      "rev_growth_yoy_accel": -0.3525841499525919,
      "fcf_margin_change": 0.26520466754388167
    },
    {
      "date": "2023-03-31T00:00:00",
      "quarter_label": "2023-03 (Q1)",
      "revenue": 289089000,
      "gross_profit": 149938000,
      "operating_income": -13143000,
      "net_income": -65631000,
      "opex": 163081000,
      "cogs": 139151000,
      "rd": null,
      "sga": null,
      "fcf": -13321000,
      "ocf": 410000,
      "capex": -13731000,
      "gross_margin": 0.5186568842121284,
      "op_margin": -0.04546350777788155,
      "fcf_margin": -0.04607923511444573,
      "incr_op_margin_yoy": 1.4286202535971837,
      "rev_growth_yoy": -0.09190885446115572,
      "rev_growth_yoy_accel": -0.08159930601151794,
      "fcf_margin_change": -0.11451735556447881
    },
    {
      "date": "2023-06-30T00:00:00",
      "quarter_label": "2023-06 (Q2)",
      "revenue": 281795000,
      "gross_profit": 141607000,
      "operating_income": -291322000,
      "net_income": -406872000,
      "opex": 432929000,
      "cogs": 140188000,
      "rd": null,
      "sga": null,
      "fcf": -34461000,
      "ocf": -23472000,
      "capex": -10989000,
      "gross_margin": 0.5025177877535087,
      "op_margin": -1.0338082648734008,
      "fcf_margin": -0.12229102716513778,
      "incr_op_margin_yoy": 8.556225316981916,
      "rev_growth_yoy": -0.12016872578313553,
      "rev_growth_yoy_accel": -0.02825987132197981,
      "fcf_margin_change": -0.07621179205069205
    },
    {
      "date": "2023-09-30T00:00:00",
      "quarter_label": "2023-09 (Q3)",
      "revenue": 275210000,
      "gross_profit": 142946000,
      "operating_income": 23344000,
      "net_income": -25843000,
      "opex": 119602000,
      "cogs": 132264000,
      "rd": null,
      "sga": null,
      "fcf": 87161000,
      "ocf": 93439000,
      "capex": -6278000,
      "gross_margin": 0.5194069982922133,
      "op_margin": 0.0848224991824425,
      "fcf_margin": 0.31670724174266923,
      "incr_op_margin_yoy": -1.9973028964546768,
      "rev_growth_yoy": -0.0850518462863165,
      "rev_growth_yoy_accel": 0.035116879496819034,
      "fcf_margin_change": 0.438998268907807
    },
    {
      "date": "2023-12-31T00:00:00",
      "quarter_label": "2023-12 (Q4)",
      "revenue": 286974000,
      "gross_profit": 153853000,
      "operating_income": 29181000,
      "net_income": null,
      "opex": 124672000,
      "cogs": 133121000,
      "rd": null,
      "sga": null,
      "fcf": 122077000,
      "ocf": 131464000,
      "capex": -9387000,
      "gross_margin": 0.5361217392516395,
      "op_margin": 0.10168517008509481,
      "fcf_margin": 0.42539393812679893,
      "incr_op_margin_yoy": -2.7220543806646527,
      "rev_growth_yoy": -0.05038385175380543,
      "rev_growth_yoy_accel": 0.03466799453251107,
      "op_leverage_ratio": 1.0083731849166357,
      "fcf_margin_change": 0.1086866963841297
    },
    {
      "date": "2024-03-31T00:00:00",
      "quarter_label": "2024-03 (Q1)",
      "revenue": 297619000,
      "gross_profit": 173802000,
      "operating_income": 46100000,
      "net_income": -24518000,
      "opex": 127702000,
      "cogs": 123817000,
      "rd": null,
      "sga": 101307000,
      "fcf": 123660000,
      "ocf": 139154000,
      "capex": -15494000,
      "gross_margin": 0.5839748134359701,
      "op_margin": 0.15489602478336398,
      "fcf_margin": 0.41549766647962666,
      "incr_op_margin_yoy": 6.945252051582649,
      "rev_growth_yoy": 0.029506484162316795,
      "rev_growth_yoy_accel": 0.07989033591612223,
      "op_leverage_ratio": 1.5262631283095276,
      "fcf_margin_change": -0.009896271647172272
    },
    {
      "date": "2024-06-30T00:00:00",
      "quarter_label": "2024-06 (Q2)",
      "revenue": 303442000,
      "gross_profit": 181648000,
      "operating_income": 49754000,
      "net_income": -11984000,
      "opex": 131894000,
      "cogs": 121794000,
      "rd": null,
      "sga": 102585000,
      "fcf": 45026000,
      "ocf": 71318000,
      "capex": -26292000,
      "gross_margin": 0.5986251079283685,
      "op_margin": 0.16396543655789245,
      "fcf_margin": 0.14838420521878976,
      "incr_op_margin_yoy": 15.756271076823579,
      "rev_growth_yoy": 0.07681825440479781,
      "rev_growth_yoy_accel": 0.04731177024248101,
      "op_leverage_ratio": 0.5960223726918239,
      "fcf_margin_change": -0.2671134612608369
    },
    {
      "date": "2024-09-30T00:00:00",
      "quarter_label": "2024-09 (Q3)",
      "revenue": 284284000,
      "gross_profit": 173278000,
      "operating_income": 618000,
      "net_income": -61597000,
      "opex": 172660000,
      "cogs": 111006000,
      "rd": null,
      "sga": 148624000,
      "fcf": -7779000,
      "ocf": 30337000,
      "capex": -38116000,
      "gross_margin": 0.609524278538363,
      "op_margin": 0.0021738824555725964,
      "fcf_margin": -0.027363481588833703,
      "incr_op_margin_yoy": -2.504518404231871,
      "rev_growth_yoy": 0.03297118564005668,
      "rev_growth_yoy_accel": -0.04384706876474113,
      "fcf_margin_change": -0.17574768680762345
    },
    {
      "date": "2024-12-31T00:00:00",
      "quarter_label": "2024-12 (Q4)",
      "revenue": 301145000,
      "gross_profit": 187017000,
      "operating_income": 1308000,
      "net_income": null,
      "opex": 185709000,
      "cogs": 114128000,
      "rd": null,
      "sga": null,
      "fcf": -10943000,
      "ocf": 30675000,
      "capex": -41618000,
      "gross_margin": 0.6210197745272211,
      "op_margin": 0.004343422603729101,
      "fcf_margin": -0.03633797672217703,
      "incr_op_margin_yoy": -1.9669042410556772,
      "rev_growth_yoy": 0.049380780140361145,
      "rev_growth_yoy_accel": 0.016409594500304464,
      "op_leverage_ratio": 0.7847754638939329,
      "fcf_margin_change": -0.008974495133343325
    },
    {
      "date": "2025-03-31T00:00:00",
      "quarter_label": "2025-03 (Q1)",
      "revenue": 297760000,
      "gross_profit": 183219000,
      "operating_income": 33326000,
      "net_income": null,
      "opex": 149893000,
      "cogs": 114541000,
      "rd": null,
      "sga": 118772000,
      "fcf": 33853000,
      "ocf": 50736000,
      "capex": -16883000,
      "gross_margin": 0.6153244223535733,
      "op_margin": 0.11192235357334766,
      "fcf_margin": 0.11369223535733476,
      "rev_growth_yoy": 0.0004737600758016121,
      "rev_growth_yoy_accel": -0.048907020064559534,
      "fcf_margin_change": 0.15003021207951178
    },
    {
      "date": "2025-06-30T00:00:00",
      "quarter_label": "2025-06 (Q2)",
      "revenue": 302086000,
      "gross_profit": 182926000,
      "operating_income": 52634000,
      "net_income": null,
      "opex": 130292000,
      "cogs": 119160000,
      "rd": null,
      "sga": 101116000,
      "fcf": 74525000,
      "ocf": 86095000,
      "capex": -11570000,
      "gross_margin": 0.6055427924498321,
      "op_margin": 0.17423515157935157,
      "fcf_margin": 0.24670127049912938,
      "incr_op_margin_yoy": -2.1238938053097347,
      "rev_growth_yoy": -0.004468728785072601,
      "rev_growth_yoy_accel": -0.004942488860874212,
      "op_leverage_ratio": Infinity,
      "fcf_margin_change": 0.13300903514179463
    },
    {
      "date": "2025-09-30T00:00:00",
      "quarter_label": "2025-09 (Q3)",
      "revenue": 288187000,
      "gross_profit": 169857000,
      "operating_income": 42238000,
      "net_income": null,
      "opex": 127619000,
      "cogs": 118330000,
      "rd": null,
      "sga": 99019000,
      "fcf": 64445000,
      "ocf": 76774000,
      "capex": -12329000,
      "gross_margin": 0.5893985502468883,
      "op_margin": 0.1465645570410879,
      "fcf_margin": 0.22362216199897983,
      "incr_op_margin_yoy": 10.663592108634385,
      "rev_growth_yoy": 0.013729228517960912,
      "rev_growth_yoy_accel": 0.018197957303033512,
      "fcf_margin_change": -0.023079108500149548
    }
  ],
  "signals": [
    {
      "quarter": "2025-09 (Q3)",
      "signal": "INCREMENTAL MARGIN (YoY)",
      "detail": "YoY Incr OPM: +1066.4% vs year-ago OPM: +0.2%",
      "severity": "HIGH"
    },
    {
      "quarter": "2025-06 (Q2)",
      "signal": "FCF MARGIN EXPANSION",
      "detail": "FCF margin: +11.4% -> +24.7% (+13.3%)",
      "severity": "MEDIUM"
    },
    {
      "quarter": "2025-03 (Q1)",
      "signal": "FCF TURNED POSITIVE",
      "detail": "FCF margin: -3.6% -> +11.4%",
      "severity": "HIGH"
    },
    {
      "quarter": "2024-06 (Q2)",
      "signal": "OP MARGIN TURNED POSITIVE (YoY)",
      "detail": "Op margin: -103.4% (year-ago) -> +16.4%",
      "severity": "HIGH"
    },
    {
      "quarter": "2024-03 (Q1)",
      "signal": "OPERATING LEVERAGE",
      "detail": "Rev growth +3.7% vs OpEx growth +2.4% (leverage: 1.5x)",
      "severity": "MEDIUM"
    },
    {
      "quarter": "2024-03 (Q1)",
      "signal": "YoY REVENUE GROWTH ACCELERATION",
      "detail": "YoY growth: +3.0% vs prior quarter YoY: -5.0% (accel: +8.0%)",
      "severity": "MEDIUM"
    },
    {
      "quarter": "2024-03 (Q1)",
      "signal": "OP MARGIN TURNED POSITIVE (YoY)",
      "detail": "Op margin: -4.5% (year-ago) -> +15.5%",
      "severity": "HIGH"
    },
    {
      "quarter": "2023-12 (Q4)",
      "signal": "FCF MARGIN EXPANSION",
      "detail": "FCF margin: +31.7% -> +42.5% (+10.9%)",
      "severity": "MEDIUM"
    },
    {
      "quarter": "2023-12 (Q4)",
      "signal": "OP MARGIN TURNED POSITIVE (YoY)",
      "detail": "Op margin: -4.1% (year-ago) -> +10.2%",
      "severity": "HIGH"
    },
    {
      "quarter": "2023-09 (Q3)",
      "signal": "FCF TURNED POSITIVE",
      "detail": "FCF margin: -12.2% -> +31.7%",
      "severity": "HIGH"
    },
    {
      "quarter": "2023-09 (Q3)",
      "signal": "OP MARGIN TURNED POSITIVE (YoY)",
      "detail": "Op margin: -9.2% (year-ago) -> +8.5%",
      "severity": "HIGH"
    },
    {
      "quarter": "2023-09 (Q3)",
      "signal": "OP MARGIN TURNED POSITIVE (QoQ)",
      "detail": "Op margin: -103.4% -> +8.5%",
      "severity": "HIGH"
    },
    {
      "quarter": "2023-03 (Q1)",
      "signal": "GROSS MARGIN INFLECTION",
      "detail": "GM: +55.9% -> +49.5% -> +51.9% (reversal +2.3%)",
      "severity": "MEDIUM"
    },
    {
      "quarter": "2023-03 (Q1)",
      "signal": "YoY REVENUE GROWTH DECELERATION",
      "detail": "YoY growth: -9.2% vs prior quarter YoY: -1.0% (decel: -8.2%)",
      "severity": "WARNING"
    },
    {
      "quarter": "2022-12 (Q4)",
      "signal": "FCF TURNED POSITIVE",
      "detail": "FCF margin: -19.7% -> +6.8%",
      "severity": "HIGH"
    },
    {
      "quarter": "2022-12 (Q4)",
      "signal": "YoY REVENUE GROWTH DECELERATION",
      "detail": "YoY growth: -1.0% vs prior quarter YoY: +34.2% (decel: -35.3%)",
      "severity": "WARNING"
    },
    {
      "quarter": "2022-09 (Q3)",
      "signal": "FCF MARGIN EXPANSION",
      "detail": "FCF margin: -31.3% -> -19.7% (+11.6%)",
      "severity": "MEDIUM"
    },
    {
      "quarter": "2022-09 (Q3)",
      "signal": "YoY REVENUE GROWTH DECELERATION",
      "detail": "YoY growth: +34.2% vs prior quarter YoY: +48.9% (decel: -14.7%)",
      "severity": "WARNING"
    },
    {
      "quarter": "2022-06 (Q2)",
      "signal": "YoY REVENUE GROWTH DECELERATION",
      "detail": "YoY growth: +48.9% vs prior quarter YoY: +64.2% (decel: -15.4%)",
      "severity": "WARNING"
    },
    {
      "quarter": "2022-03 (Q1)",
      "signal": "FCF MARGIN EXPANSION",
      "detail": "FCF margin: -48.2% -> -0.9% (+47.3%)",
      "severity": "MEDIUM"
    },
    {
      "quarter": "2022-03 (Q1)",
      "signal": "GROSS MARGIN INFLECTION",
      "detail": "GM: +68.7% -> +43.4% -> +56.0% (reversal +12.6%)",
      "severity": "HIGH"
    },
    {
      "quarter": "2022-03 (Q1)",
      "signal": "YoY REVENUE GROWTH DECELERATION",
      "detail": "YoY growth: +64.2% vs prior quarter YoY: +81.3% (decel: -17.0%)",
      "severity": "WARNING"
    },
    {
      "quarter": "2022-03 (Q1)",
      "signal": "OP MARGIN TURNED POSITIVE (QoQ)",
      "detail": "Op margin: -6.0% -> +9.0%",
      "severity": "HIGH"
    },
    {
      "quarter": "2021-09 (Q3)",
      "signal": "FCF MARGIN EXPANSION",
      "detail": "FCF margin: -35.9% -> -22.2% (+13.8%)",
      "severity": "MEDIUM"
    },
    {
      "quarter": "2021-03 (Q1)",
      "signal": "FCF TURNED POSITIVE",
      "detail": "FCF margin: -7.0% -> +5.8%",
      "severity": "HIGH"
    }
  ],
  "data_quality": {
    "n_quarters": 20,
    "coverage": {
      "revenue": [
        20,
        20
      ],
      "gross_profit": [
        20,
        20
      ],
      "op_income": [
        20,
        20
      ],
      "fcf": [
        20,
        20
      ]
    },
    "gaps": [],
    "warnings": []
  },
  "market_cap": null,
  "source": "SEC EDGAR",
  "last_updated": "2026-02-02T21:48:15.745842"
}