{
  "ticker": "TDC",
  "name": "TERADATA CORPORATION",
  "quarters": [
    {
      "date": "2020-12-31T00:00:00",
      "quarter_label": "2020-12 (Q4)",
      "revenue": 491000000,
      "gross_profit": 284000000,
      "operating_income": 13000000,
      "net_income": 5000000,
      "opex": 271000000,
      "cogs": 207000000,
      "rd": 88000000,
      "sga": 183000000,
      "fcf": 46000000,
      "ocf": 56000000,
      "capex": -10000000,
      "gross_margin": 0.5784114052953157,
      "op_margin": 0.026476578411405296,
      "fcf_margin": 0.09368635437881874
    },
    {
      "date": "2021-03-31T00:00:00",
      "quarter_label": "2021-03 (Q1)",
      "revenue": 491000000,
      "gross_profit": 307000000,
      "operating_income": 81000000,
      "net_income": 53000000,
      "opex": 226000000,
      "cogs": 184000000,
      "rd": 77000000,
      "sga": 149000000,
      "fcf": 106000000,
      "ocf": 110000000,
      "capex": -4000000,
      "gross_margin": 0.6252545824847251,
      "op_margin": 0.164969450101833,
      "fcf_margin": 0.2158859470468432,
      "fcf_margin_change": 0.12219959266802445
    },
    {
      "date": "2021-06-30T00:00:00",
      "quarter_label": "2021-06 (Q2)",
      "revenue": 491000000,
      "gross_profit": 310000000,
      "operating_income": 70000000,
      "net_income": 44000000,
      "opex": 240000000,
      "cogs": 181000000,
      "rd": 79000000,
      "sga": 161000000,
      "fcf": 220000000,
      "ocf": 225000000,
      "capex": -5000000,
      "gross_margin": 0.6313645621181263,
      "op_margin": 0.1425661914460285,
      "fcf_margin": 0.4480651731160896,
      "fcf_margin_change": 0.23217922606924643
    },
    {
      "date": "2021-09-30T00:00:00",
      "quarter_label": "2021-09 (Q3)",
      "revenue": 460000000,
      "gross_profit": 275000000,
      "operating_income": 30000000,
      "net_income": 17000000,
      "opex": 245000000,
      "cogs": 185000000,
      "rd": 79000000,
      "sga": 166000000,
      "fcf": 23000000,
      "ocf": 33000000,
      "capex": -10000000,
      "gross_margin": 0.5978260869565217,
      "op_margin": 0.06521739130434782,
      "fcf_margin": 0.05,
      "fcf_margin_change": -0.39806517311608963
    },
    {
      "date": "2021-12-31T00:00:00",
      "quarter_label": "2021-12 (Q4)",
      "revenue": 475000000,
      "gross_profit": 294000000,
      "operating_income": 50000000,
      "net_income": 33000000,
      "opex": 244000000,
      "cogs": 181000000,
      "rd": 74000000,
      "sga": 170000000,
      "fcf": 86000000,
      "ocf": 95000000,
      "capex": -9000000,
      "gross_margin": 0.6189473684210526,
      "op_margin": 0.10526315789473684,
      "fcf_margin": 0.18105263157894738,
      "incr_op_margin_yoy": -2.3125,
      "rev_growth_yoy": -0.032586558044806514,
      "op_leverage_ratio": Infinity,
      "fcf_margin_change": 0.13105263157894737
    },
    {
      "date": "2022-03-31T00:00:00",
      "quarter_label": "2022-03 (Q1)",
      "revenue": 496000000,
      "gross_profit": 301000000,
      "operating_income": 68000000,
      "net_income": 36000000,
      "opex": 233000000,
      "cogs": 195000000,
      "rd": 76000000,
      "sga": 157000000,
      "fcf": 150000000,
      "ocf": 151000000,
      "capex": -1000000,
      "gross_margin": 0.6068548387096774,
      "op_margin": 0.13709677419354838,
      "fcf_margin": 0.3024193548387097,
      "incr_op_margin_yoy": -2.6,
      "rev_growth_yoy": 0.010183299389002037,
      "rev_growth_yoy_accel": 0.04276985743380855,
      "op_leverage_ratio": Infinity,
      "fcf_margin_change": 0.1213667232597623
    },
    {
      "date": "2022-06-30T00:00:00",
      "quarter_label": "2022-06 (Q2)",
      "revenue": 430000000,
      "gross_profit": 258000000,
      "operating_income": 14000000,
      "net_income": -4000000,
      "opex": 244000000,
      "cogs": 172000000,
      "rd": 81000000,
      "sga": 163000000,
      "fcf": 103000000,
      "ocf": 105000000,
      "capex": -2000000,
      "gross_margin": 0.6,
      "op_margin": 0.03255813953488372,
      "fcf_margin": 0.23953488372093024,
      "incr_op_margin_yoy": 0.9180327868852459,
      "rev_growth_yoy": -0.12423625254582485,
      "rev_growth_yoy_accel": -0.13441955193482688,
      "fcf_margin_change": -0.06288447111777945
    },
    {
      "date": "2022-09-30T00:00:00",
      "quarter_label": "2022-09 (Q3)",
      "revenue": 417000000,
      "gross_profit": 259000000,
      "operating_income": 25000000,
      "net_income": 8000000,
      "opex": 234000000,
      "cogs": 158000000,
      "rd": 79000000,
      "sga": 155000000,
      "fcf": 31000000,
      "ocf": 34000000,
      "capex": -3000000,
      "gross_margin": 0.6211031175059952,
      "op_margin": 0.05995203836930456,
      "fcf_margin": 0.07434052757793765,
      "incr_op_margin_yoy": 0.11627906976744186,
      "rev_growth_yoy": -0.09347826086956522,
      "rev_growth_yoy_accel": 0.03075799167625963,
      "fcf_margin_change": -0.1651943561429926
    },
    {
      "date": "2022-12-31T00:00:00",
      "quarter_label": "2022-12 (Q4)",
      "revenue": 452000000,
      "gross_profit": 263000000,
      "operating_income": 11000000,
      "net_income": -7000000,
      "opex": 252000000,
      "cogs": 189000000,
      "rd": 77000000,
      "sga": 175000000,
      "fcf": 121000000,
      "ocf": 129000000,
      "capex": -8000000,
      "gross_margin": 0.581858407079646,
      "op_margin": 0.024336283185840708,
      "fcf_margin": 0.2676991150442478,
      "incr_op_margin_yoy": 1.6956521739130435,
      "rev_growth_yoy": -0.04842105263157895,
      "rev_growth_yoy_accel": 0.04505720823798627,
      "op_leverage_ratio": 1.091127098321343,
      "fcf_margin_change": 0.19335858746631018
    },
    {
      "date": "2023-03-31T00:00:00",
      "quarter_label": "2023-03 (Q1)",
      "revenue": 476000000,
      "gross_profit": 302000000,
      "operating_income": 79000000,
      "net_income": 40000000,
      "opex": 223000000,
      "cogs": 174000000,
      "rd": 70000000,
      "sga": 153000000,
      "fcf": 105000000,
      "ocf": 109000000,
      "capex": -4000000,
      "gross_margin": 0.634453781512605,
      "op_margin": 0.16596638655462184,
      "fcf_margin": 0.22058823529411764,
      "incr_op_margin_yoy": -0.55,
      "rev_growth_yoy": -0.04032258064516129,
      "rev_growth_yoy_accel": 0.008098471986417659,
      "op_leverage_ratio": Infinity,
      "fcf_margin_change": -0.047110879750130175
    },
    {
      "date": "2023-06-30T00:00:00",
      "quarter_label": "2023-06 (Q2)",
      "revenue": 462000000,
      "gross_profit": 276000000,
      "operating_income": 33000000,
      "net_income": 17000000,
      "opex": 243000000,
      "cogs": 186000000,
      "rd": 76000000,
      "sga": 167000000,
      "fcf": 47000000,
      "ocf": 49000000,
      "capex": -2000000,
      "gross_margin": 0.5974025974025974,
      "op_margin": 0.07142857142857142,
      "fcf_margin": 0.10173160173160173,
      "incr_op_margin_yoy": 0.59375,
      "rev_growth_yoy": 0.07441860465116279,
      "rev_growth_yoy_accel": 0.11474118529632407,
      "fcf_margin_change": -0.11885663356251591
    },
    {
      "date": "2023-09-30T00:00:00",
      "quarter_label": "2023-09 (Q3)",
      "revenue": 438000000,
      "gross_profit": 259000000,
      "operating_income": 27000000,
      "net_income": 12000000,
      "opex": 232000000,
      "cogs": 179000000,
      "rd": 76000000,
      "sga": 156000000,
      "fcf": 36000000,
      "ocf": 41000000,
      "capex": -5000000,
      "gross_margin": 0.591324200913242,
      "op_margin": 0.06164383561643835,
      "fcf_margin": 0.0821917808219178,
      "incr_op_margin_yoy": 0.09523809523809523,
      "rev_growth_yoy": 0.050359712230215826,
      "rev_growth_yoy_accel": -0.024058892420946963,
      "fcf_margin_change": -0.019539820909683925
    },
    {
      "date": "2023-12-31T00:00:00",
      "quarter_label": "2023-12 (Q4)",
      "revenue": 457000000,
      "gross_profit": 278000000,
      "operating_income": 47000000,
      "net_income": -7000000,
      "opex": 231000000,
      "cogs": 179000000,
      "rd": 72000000,
      "sga": 159000000,
      "fcf": 168000000,
      "ocf": 176000000,
      "capex": -8000000,
      "gross_margin": 0.6083150984682714,
      "op_margin": 0.10284463894967177,
      "fcf_margin": 0.3676148796498906,
      "incr_op_margin_yoy": 7.2,
      "rev_growth_yoy": 0.011061946902654867,
      "rev_growth_yoy_accel": -0.03929776532756096,
      "op_leverage_ratio": Infinity,
      "fcf_margin_change": 0.2854230988279728
    },
    {
      "date": "2024-03-31T00:00:00",
      "quarter_label": "2024-03 (Q1)",
      "revenue": 465000000,
      "gross_profit": 284000000,
      "operating_income": 48000000,
      "net_income": 20000000,
      "opex": 236000000,
      "cogs": 181000000,
      "rd": 75000000,
      "sga": 161000000,
      "fcf": 21000000,
      "ocf": 27000000,
      "capex": -6000000,
      "gross_margin": 0.610752688172043,
      "op_margin": 0.1032258064516129,
      "fcf_margin": 0.04516129032258064,
      "incr_op_margin_yoy": 2.8181818181818183,
      "rev_growth_yoy": -0.023109243697478993,
      "rev_growth_yoy_accel": -0.03417119060013386,
      "op_leverage_ratio": 0.8087527352297593,
      "fcf_margin_change": -0.32245358932730994
    },
    {
      "date": "2024-06-30T00:00:00",
      "quarter_label": "2024-06 (Q2)",
      "revenue": 436000000,
      "gross_profit": 265000000,
      "operating_income": 66000000,
      "net_income": 37000000,
      "opex": 199000000,
      "cogs": 171000000,
      "rd": 68000000,
      "sga": 131000000,
      "fcf": 40000000,
      "ocf": 43000000,
      "capex": -3000000,
      "gross_margin": 0.6077981651376146,
      "op_margin": 0.15137614678899083,
      "fcf_margin": 0.09174311926605505,
      "incr_op_margin_yoy": -1.2692307692307692,
      "rev_growth_yoy": -0.05627705627705628,
      "rev_growth_yoy_accel": -0.03316781257957729,
      "fcf_margin_change": 0.04658182894347441
    },
    {
      "date": "2024-09-30T00:00:00",
      "quarter_label": "2024-09 (Q3)",
      "revenue": 440000000,
      "gross_profit": 266000000,
      "operating_income": 56000000,
      "net_income": 32000000,
      "opex": 210000000,
      "cogs": 174000000,
      "rd": 73000000,
      "sga": 137000000,
      "fcf": 69000000,
      "ocf": 77000000,
      "capex": -8000000,
      "gross_margin": 0.6045454545454545,
      "op_margin": 0.12727272727272726,
      "fcf_margin": 0.15681818181818183,
      "incr_op_margin_yoy": 14.5,
      "rev_growth_yoy": 0.0045662100456621,
      "rev_growth_yoy_accel": 0.06084326632271838,
      "fcf_margin_change": 0.06507506255212678
    },
    {
      "date": "2024-12-31T00:00:00",
      "quarter_label": "2024-12 (Q4)",
      "revenue": 409000000,
      "gross_profit": 243000000,
      "operating_income": 39000000,
      "net_income": 25000000,
      "opex": 204000000,
      "cogs": 166000000,
      "rd": 68000000,
      "sga": 136000000,
      "fcf": 149000000,
      "ocf": 156000000,
      "capex": -7000000,
      "gross_margin": 0.5941320293398533,
      "op_margin": 0.09535452322738386,
      "fcf_margin": 0.3643031784841076,
      "incr_op_margin_yoy": 0.16666666666666666,
      "rev_growth_yoy": -0.1050328227571116,
      "rev_growth_yoy_accel": -0.1095990328027737,
      "fcf_margin_change": 0.20748499666592576
    },
    {
      "date": "2025-03-31T00:00:00",
      "quarter_label": "2025-03 (Q1)",
      "revenue": 418000000,
      "gross_profit": 248000000,
      "operating_income": 66000000,
      "net_income": 44000000,
      "opex": 182000000,
      "cogs": 170000000,
      "rd": 66000000,
      "sga": 116000000,
      "fcf": 7000000,
      "ocf": 8000000,
      "capex": -1000000,
      "gross_margin": 0.5933014354066986,
      "op_margin": 0.15789473684210525,
      "fcf_margin": 0.01674641148325359,
      "incr_op_margin_yoy": -0.3829787234042553,
      "rev_growth_yoy": -0.1010752688172043,
      "rev_growth_yoy_accel": 0.003957553939907293,
      "op_leverage_ratio": Infinity,
      "fcf_margin_change": -0.347556767000854
    },
    {
      "date": "2025-06-30T00:00:00",
      "quarter_label": "2025-06 (Q2)",
      "revenue": 408000000,
      "gross_profit": 230000000,
      "operating_income": 24000000,
      "net_income": 9000000,
      "opex": 206000000,
      "cogs": 178000000,
      "rd": 71000000,
      "sga": 135000000,
      "fcf": 39000000,
      "ocf": 43000000,
      "capex": -4000000,
      "gross_margin": 0.5637254901960784,
      "op_margin": 0.058823529411764705,
      "fcf_margin": 0.09558823529411764,
      "incr_op_margin_yoy": 1.5,
      "rev_growth_yoy": -0.06422018348623854,
      "rev_growth_yoy_accel": 0.036855085330965764,
      "fcf_margin_change": 0.07884182381086405
    },
    {
      "date": "2025-09-30T00:00:00",
      "quarter_label": "2025-09 (Q3)",
      "revenue": 416000000,
      "gross_profit": 253000000,
      "operating_income": 61000000,
      "net_income": 40000000,
      "opex": 192000000,
      "cogs": 163000000,
      "rd": 70000000,
      "sga": 122000000,
      "fcf": 89000000,
      "ocf": 94000000,
      "capex": -5000000,
      "gross_margin": 0.6081730769230769,
      "op_margin": 0.1466346153846154,
      "fcf_margin": 0.21394230769230768,
      "incr_op_margin_yoy": -0.20833333333333334,
      "rev_growth_yoy": -0.05454545454545454,
      "rev_growth_yoy_accel": 0.009674728940783993,
      "op_leverage_ratio": Infinity,
      "fcf_margin_change": 0.11835407239819004
    }
  ],
  "signals": [
    {
      "quarter": "2025-09 (Q3)",
      "signal": "FCF MARGIN EXPANSION",
      "detail": "FCF margin: +9.6% -> +21.4% (+11.8%)",
      "severity": "MEDIUM"
    },
    {
      "quarter": "2025-09 (Q3)",
      "signal": "GROSS MARGIN INFLECTION",
      "detail": "GM: +59.3% -> +56.4% -> +60.8% (reversal +4.4%)",
      "severity": "MEDIUM"
    },
    {
      "quarter": "2025-06 (Q2)",
      "signal": "FCF MARGIN EXPANSION",
      "detail": "FCF margin: +1.7% -> +9.6% (+7.9%)",
      "severity": "MEDIUM"
    },
    {
      "quarter": "2025-06 (Q2)",
      "signal": "INCREMENTAL MARGIN (YoY)",
      "detail": "YoY Incr OPM: +150.0% vs year-ago OPM: +15.1%",
      "severity": "HIGH"
    },
    {
      "quarter": "2024-12 (Q4)",
      "signal": "FCF MARGIN EXPANSION",
      "detail": "FCF margin: +15.7% -> +36.4% (+20.7%)",
      "severity": "MEDIUM"
    },
    {
      "quarter": "2024-12 (Q4)",
      "signal": "YoY REVENUE GROWTH DECELERATION",
      "detail": "YoY growth: -10.5% vs prior quarter YoY: +0.5% (decel: -11.0%)",
      "severity": "WARNING"
    },
    {
      "quarter": "2024-09 (Q3)",
      "signal": "FCF MARGIN EXPANSION",
      "detail": "FCF margin: +9.2% -> +15.7% (+6.5%)",
      "severity": "MEDIUM"
    },
    {
      "quarter": "2024-09 (Q3)",
      "signal": "YoY REVENUE GROWTH ACCELERATION",
      "detail": "YoY growth: +0.5% vs prior quarter YoY: -5.6% (accel: +6.1%)",
      "severity": "MEDIUM"
    },
    {
      "quarter": "2024-09 (Q3)",
      "signal": "INCREMENTAL MARGIN (YoY)",
      "detail": "YoY Incr OPM: +1450.0% vs year-ago OPM: +6.2%",
      "severity": "HIGH"
    },
    {
      "quarter": "2024-03 (Q1)",
      "signal": "INCREMENTAL MARGIN (YoY)",
      "detail": "YoY Incr OPM: +281.8% vs year-ago OPM: +16.6%",
      "severity": "HIGH"
    },
    {
      "quarter": "2023-12 (Q4)",
      "signal": "FCF MARGIN EXPANSION",
      "detail": "FCF margin: +8.2% -> +36.8% (+28.5%)",
      "severity": "MEDIUM"
    },
    {
      "quarter": "2023-12 (Q4)",
      "signal": "INCREMENTAL MARGIN (YoY)",
      "detail": "YoY Incr OPM: +720.0% vs year-ago OPM: +2.4%",
      "severity": "HIGH"
    },
    {
      "quarter": "2023-06 (Q2)",
      "signal": "YoY REVENUE GROWTH ACCELERATION",
      "detail": "YoY growth: +7.4% vs prior quarter YoY: -4.0% (accel: +11.5%)",
      "severity": "MEDIUM"
    },
    {
      "quarter": "2023-06 (Q2)",
      "signal": "INCREMENTAL MARGIN (YoY)",
      "detail": "YoY Incr OPM: +59.4% vs year-ago OPM: +3.3%",
      "severity": "HIGH"
    },
    {
      "quarter": "2023-03 (Q1)",
      "signal": "GROSS MARGIN INFLECTION",
      "detail": "GM: +62.1% -> +58.2% -> +63.4% (reversal +5.3%)",
      "severity": "HIGH"
    },
    {
      "quarter": "2022-12 (Q4)",
      "signal": "FCF MARGIN EXPANSION",
      "detail": "FCF margin: +7.4% -> +26.8% (+19.3%)",
      "severity": "MEDIUM"
    },
    {
      "quarter": "2022-12 (Q4)",
      "signal": "INCREMENTAL MARGIN (YoY)",
      "detail": "YoY Incr OPM: +169.6% vs year-ago OPM: +10.5%",
      "severity": "HIGH"
    },
    {
      "quarter": "2022-09 (Q3)",
      "signal": "GROSS MARGIN INFLECTION",
      "detail": "GM: +60.7% -> +60.0% -> +62.1% (reversal +2.1%)",
      "severity": "MEDIUM"
    },
    {
      "quarter": "2022-06 (Q2)",
      "signal": "YoY REVENUE GROWTH DECELERATION",
      "detail": "YoY growth: -12.4% vs prior quarter YoY: +1.0% (decel: -13.4%)",
      "severity": "WARNING"
    },
    {
      "quarter": "2022-06 (Q2)",
      "signal": "INCREMENTAL MARGIN (YoY)",
      "detail": "YoY Incr OPM: +91.8% vs year-ago OPM: +14.3%",
      "severity": "HIGH"
    },
    {
      "quarter": "2022-03 (Q1)",
      "signal": "FCF MARGIN EXPANSION",
      "detail": "FCF margin: +18.1% -> +30.2% (+12.1%)",
      "severity": "MEDIUM"
    },
    {
      "quarter": "2021-12 (Q4)",
      "signal": "FCF MARGIN EXPANSION",
      "detail": "FCF margin: +5.0% -> +18.1% (+13.1%)",
      "severity": "MEDIUM"
    },
    {
      "quarter": "2021-12 (Q4)",
      "signal": "GROSS MARGIN INFLECTION",
      "detail": "GM: +63.1% -> +59.8% -> +61.9% (reversal +2.1%)",
      "severity": "MEDIUM"
    },
    {
      "quarter": "2021-06 (Q2)",
      "signal": "FCF MARGIN EXPANSION",
      "detail": "FCF margin: +21.6% -> +44.8% (+23.2%)",
      "severity": "MEDIUM"
    },
    {
      "quarter": "2021-03 (Q1)",
      "signal": "FCF MARGIN EXPANSION",
      "detail": "FCF margin: +9.4% -> +21.6% (+12.2%)",
      "severity": "MEDIUM"
    }
  ],
  "data_quality": {
    "n_quarters": 20,
    "coverage": {
      "revenue": [
        20,
        20
      ],
      "gross_profit": [
        20,
        20
      ],
      "op_income": [
        20,
        20
      ],
      "fcf": [
        20,
        20
      ]
    },
    "gaps": [],
    "warnings": []
  },
  "market_cap": null,
  "source": "SEC EDGAR",
  "last_updated": "2026-02-02T21:25:22.288726"
}