{
  "ticker": "TDG",
  "name": "TransDigm Group Incorporated",
  "quarters": [
    {
      "date": "2021-01-02T00:00:00",
      "quarter_label": "2021-01 (Q1)",
      "revenue": 1108000000,
      "gross_profit": 541000000,
      "operating_income": 315000000,
      "net_income": 50000000,
      "opex": 226000000,
      "cogs": 567000000,
      "rd": null,
      "sga": 197000000,
      "fcf": 243000000,
      "ocf": 274000000,
      "capex": -31000000,
      "gross_margin": 0.48826714801444043,
      "op_margin": 0.2842960288808664,
      "fcf_margin": 0.21931407942238268
    },
    {
      "date": "2021-04-03T00:00:00",
      "quarter_label": "2021-04 (Q2)",
      "revenue": 1194000000,
      "gross_profit": 592000000,
      "operating_income": 394000000,
      "net_income": 104000000,
      "opex": 198000000,
      "cogs": 602000000,
      "rd": null,
      "sga": 162000000,
      "fcf": 69000000,
      "ocf": 98000000,
      "capex": -29000000,
      "gross_margin": 0.49581239530988275,
      "op_margin": 0.32998324958123953,
      "fcf_margin": 0.05778894472361809,
      "op_leverage_ratio": Infinity,
      "fcf_margin_change": -0.1615251346987646
    },
    {
      "date": "2021-07-03T00:00:00",
      "quarter_label": "2021-07 (Q3)",
      "revenue": 1218000000,
      "gross_profit": 655000000,
      "operating_income": 447000000,
      "net_income": 317000000,
      "opex": 208000000,
      "cogs": 563000000,
      "rd": null,
      "sga": 172000000,
      "fcf": 232000000,
      "ocf": 252000000,
      "capex": -20000000,
      "gross_margin": 0.5377668308702791,
      "op_margin": 0.3669950738916256,
      "fcf_margin": 0.19047619047619047,
      "op_leverage_ratio": 0.39798994974874374,
      "fcf_margin_change": 0.13268724575257237
    },
    {
      "date": "2021-09-30T00:00:00",
      "quarter_label": "2021-09 (Q3)",
      "revenue": 1279000000,
      "gross_profit": 725000000,
      "operating_income": 535000000,
      "net_income": 209000000,
      "opex": 190000000,
      "cogs": 554000000,
      "rd": null,
      "sga": 154000000,
      "fcf": 264000000,
      "ocf": 289000000,
      "capex": -25000000,
      "gross_margin": 0.5668491008600469,
      "op_margin": 0.418295543393276,
      "fcf_margin": 0.20641125879593433,
      "op_leverage_ratio": Infinity,
      "fcf_margin_change": 0.015935068319743867
    },
    {
      "date": "2022-01-01T00:00:00",
      "quarter_label": "2022-01 (Q1)",
      "revenue": 1194000000,
      "gross_profit": 661000000,
      "operating_income": 455000000,
      "net_income": 163000000,
      "opex": 206000000,
      "cogs": 533000000,
      "rd": null,
      "sga": 170000000,
      "fcf": 254000000,
      "ocf": 279000000,
      "capex": -25000000,
      "gross_margin": 0.5536013400335008,
      "op_margin": 0.38107202680067004,
      "fcf_margin": 0.21273031825795644,
      "incr_op_margin_yoy": 1.627906976744186,
      "rev_growth_yoy": 0.0776173285198556,
      "fcf_margin_change": 0.006319059462022103
    },
    {
      "date": "2022-04-02T00:00:00",
      "quarter_label": "2022-04 (Q2)",
      "revenue": 1327000000,
      "gross_profit": 736000000,
      "operating_income": 520000000,
      "net_income": 199000000,
      "opex": 216000000,
      "cogs": 591000000,
      "rd": null,
      "sga": 183000000,
      "fcf": 55000000,
      "ocf": 87000000,
      "capex": -32000000,
      "gross_margin": 0.5546345139412208,
      "op_margin": 0.3918613413715147,
      "fcf_margin": 0.04144687264506405,
      "incr_op_margin_yoy": 0.9473684210526315,
      "rev_growth_yoy": 0.11139028475711893,
      "rev_growth_yoy_accel": 0.03377295623726333,
      "op_leverage_ratio": 2.29463986599665,
      "fcf_margin_change": -0.17128344561289238
    },
    {
      "date": "2022-07-02T00:00:00",
      "quarter_label": "2022-07 (Q3)",
      "revenue": 1398000000,
      "gross_profit": 816000000,
      "operating_income": 599000000,
      "net_income": 238000000,
      "opex": 217000000,
      "cogs": 582000000,
      "rd": null,
      "sga": 184000000,
      "fcf": 280000000,
      "ocf": 309000000,
      "capex": -29000000,
      "gross_margin": 0.5836909871244635,
      "op_margin": 0.4284692417739628,
      "fcf_margin": 0.20028612303290416,
      "incr_op_margin_yoy": 0.8444444444444444,
      "rev_growth_yoy": 0.1477832512315271,
      "rev_growth_yoy_accel": 0.03639296647440818,
      "op_leverage_ratio": 11.556895252449134,
      "fcf_margin_change": 0.1588392503878401
    },
    {
      "date": "2022-09-30T00:00:00",
      "quarter_label": "2022-09 (Q3)",
      "revenue": 1510000000,
      "gross_profit": 886000000,
      "operating_income": 641000000,
      "net_income": 266000000,
      "opex": 245000000,
      "cogs": 624000000,
      "rd": null,
      "sga": 211000000,
      "fcf": 240000000,
      "ocf": 273000000,
      "capex": -33000000,
      "gross_margin": 0.5867549668874172,
      "op_margin": 0.42450331125827817,
      "fcf_margin": 0.15894039735099338,
      "incr_op_margin_yoy": 0.4588744588744589,
      "rev_growth_yoy": 0.18060985144644254,
      "rev_growth_yoy_accel": 0.03282660021491543,
      "op_leverage_ratio": 0.6208869814020028,
      "fcf_margin_change": -0.04134572568191078
    },
    {
      "date": "2022-12-31T00:00:00",
      "quarter_label": "2022-12 (Q4)",
      "revenue": 1397000000,
      "gross_profit": 793000000,
      "operating_income": 590000000,
      "net_income": 228000000,
      "opex": 203000000,
      "cogs": 604000000,
      "rd": null,
      "sga": 169000000,
      "fcf": 346000000,
      "ocf": 377000000,
      "capex": -31000000,
      "gross_margin": 0.5676449534717252,
      "op_margin": 0.42233357193987114,
      "fcf_margin": 0.24767358625626343,
      "incr_op_margin_yoy": 0.6650246305418719,
      "rev_growth_yoy": 0.17001675041876047,
      "rev_growth_yoy_accel": -0.010593101027682073,
      "fcf_margin_change": 0.08873318890527004
    },
    {
      "date": "2023-04-01T00:00:00",
      "quarter_label": "2023-04 (Q2)",
      "revenue": 1592000000,
      "gross_profit": 929000000,
      "operating_income": 695000000,
      "net_income": 304000000,
      "opex": 234000000,
      "cogs": 663000000,
      "rd": null,
      "sga": 199000000,
      "fcf": 95000000,
      "ocf": 130000000,
      "capex": -35000000,
      "gross_margin": 0.5835427135678392,
      "op_margin": 0.43655778894472363,
      "fcf_margin": 0.059673366834170856,
      "incr_op_margin_yoy": 0.660377358490566,
      "rev_growth_yoy": 0.199698568198945,
      "rev_growth_yoy_accel": 0.029681817780184527,
      "op_leverage_ratio": 0.9140554644745652,
      "fcf_margin_change": -0.18800021942209258
    },
    {
      "date": "2023-07-01T00:00:00",
      "quarter_label": "2023-07 (Q3)",
      "revenue": 1744000000,
      "gross_profit": 1029000000,
      "operating_income": 783000000,
      "net_income": 351000000,
      "opex": 246000000,
      "cogs": 715000000,
      "rd": null,
      "sga": 209000000,
      "fcf": 370000000,
      "ocf": 406000000,
      "capex": -36000000,
      "gross_margin": 0.5900229357798165,
      "op_margin": 0.44896788990825687,
      "fcf_margin": 0.2121559633027523,
      "incr_op_margin_yoy": 0.5317919075144508,
      "rev_growth_yoy": 0.2474964234620887,
      "rev_growth_yoy_accel": 0.0477978552631437,
      "op_leverage_ratio": 1.8618090452261307,
      "fcf_margin_change": 0.15248259646858145
    },
    {
      "date": "2023-09-30T00:00:00",
      "quarter_label": "2023-09 (Q3)",
      "revenue": 1852000000,
      "gross_profit": 1092000000,
      "operating_income": 856000000,
      "net_income": 415000000,
      "opex": 236000000,
      "cogs": 760000000,
      "rd": null,
      "sga": 202000000,
      "fcf": 425000000,
      "ocf": 462000000,
      "capex": -37000000,
      "gross_margin": 0.5896328293736501,
      "op_margin": 0.46220302375809935,
      "fcf_margin": 0.2294816414686825,
      "incr_op_margin_yoy": 0.6286549707602339,
      "rev_growth_yoy": 0.22649006622516557,
      "rev_growth_yoy_accel": -0.021006357236923123,
      "op_leverage_ratio": Infinity,
      "fcf_margin_change": 0.017325678165930197
    },
    {
      "date": "2023-12-30T00:00:00",
      "quarter_label": "2023-12 (Q4)",
      "revenue": 1789000000,
      "gross_profit": 1042000000,
      "operating_income": 787000000,
      "net_income": 382000000,
      "opex": 255000000,
      "cogs": 747000000,
      "rd": null,
      "sga": 220000000,
      "fcf": 600000000,
      "ocf": 636000000,
      "capex": -36000000,
      "gross_margin": 0.5824482951369481,
      "op_margin": 0.43991056456120736,
      "fcf_margin": 0.3353828954723309,
      "incr_op_margin_yoy": 0.5025510204081632,
      "rev_growth_yoy": 0.28060128847530424,
      "rev_growth_yoy_accel": 0.054111222250138674,
      "fcf_margin_change": 0.10590125400364842
    },
    {
      "date": "2024-03-30T00:00:00",
      "quarter_label": "2024-03 (Q1)",
      "revenue": 1919000000,
      "gross_profit": 1152000000,
      "operating_income": 867000000,
      "net_income": 403000000,
      "opex": 285000000,
      "cogs": 767000000,
      "rd": null,
      "sga": 248000000,
      "fcf": 181000000,
      "ocf": 229000000,
      "capex": -48000000,
      "gross_margin": 0.6003126628452319,
      "op_margin": 0.4517978113600834,
      "fcf_margin": 0.09431995831162064,
      "incr_op_margin_yoy": 0.5259938837920489,
      "rev_growth_yoy": 0.20540201005025124,
      "rev_growth_yoy_accel": -0.075199278425053,
      "op_leverage_ratio": 0.6176634991615427,
      "fcf_margin_change": -0.24106293716071026
    },
    {
      "date": "2024-06-29T00:00:00",
      "quarter_label": "2024-06 (Q2)",
      "revenue": 2046000000,
      "gross_profit": 1220000000,
      "operating_income": 934000000,
      "net_income": 461000000,
      "opex": 286000000,
      "cogs": 826000000,
      "rd": null,
      "sga": 248000000,
      "fcf": 568000000,
      "ocf": 608000000,
      "capex": -40000000,
      "gross_margin": 0.5962854349951124,
      "op_margin": 0.45650048875855326,
      "fcf_margin": 0.2776148582600195,
      "incr_op_margin_yoy": 0.5,
      "rev_growth_yoy": 0.1731651376146789,
      "rev_growth_yoy_accel": -0.032236872435572356,
      "op_leverage_ratio": 18.86138613861386,
      "fcf_margin_change": 0.18329489994839887
    },
    {
      "date": "2024-09-30T00:00:00",
      "quarter_label": "2024-09 (Q3)",
      "revenue": 2186000000,
      "gross_profit": 1259000000,
      "operating_income": 943000000,
      "net_income": 468000000,
      "opex": 316000000,
      "cogs": 927000000,
      "rd": null,
      "sga": 265000000,
      "fcf": 531000000,
      "ocf": 572000000,
      "capex": -41000000,
      "gross_margin": 0.5759377859103385,
      "op_margin": 0.43138151875571823,
      "fcf_margin": 0.24290942360475754,
      "incr_op_margin_yoy": 0.26047904191616766,
      "rev_growth_yoy": 0.18034557235421167,
      "rev_growth_yoy_accel": 0.007180434739532782,
      "op_leverage_ratio": 0.6523297491039426,
      "fcf_margin_change": -0.03470543465526199
    },
    {
      "date": "2024-12-28T00:00:00",
      "quarter_label": "2024-12 (Q4)",
      "revenue": 2006000000,
      "gross_profit": 1235000000,
      "operating_income": 974000000,
      "net_income": 493000000,
      "opex": 261000000,
      "cogs": 771000000,
      "rd": null,
      "sga": 211000000,
      "fcf": 710000000,
      "ocf": 752000000,
      "capex": -42000000,
      "gross_margin": 0.6156530408773679,
      "op_margin": 0.48554336989032904,
      "fcf_margin": 0.353938185443669,
      "incr_op_margin_yoy": 0.8617511520737328,
      "rev_growth_yoy": 0.12129681386249301,
      "rev_growth_yoy_accel": -0.05904875849171866,
      "fcf_margin_change": 0.11102876183891147
    },
    {
      "date": "2025-03-29T00:00:00",
      "quarter_label": "2025-03 (Q1)",
      "revenue": 2150000000,
      "gross_profit": 1274000000,
      "operating_income": 991000000,
      "net_income": 479000000,
      "opex": 283000000,
      "cogs": 876000000,
      "rd": null,
      "sga": 236000000,
      "fcf": 92000000,
      "ocf": 148000000,
      "capex": -56000000,
      "gross_margin": 0.5925581395348837,
      "op_margin": 0.46093023255813953,
      "fcf_margin": 0.04279069767441861,
      "incr_op_margin_yoy": 0.5367965367965368,
      "rev_growth_yoy": 0.12037519541427827,
      "rev_growth_yoy_accel": -0.0009216184482147421,
      "op_leverage_ratio": 0.8516269373697091,
      "fcf_margin_change": -0.3111474877692504
    },
    {
      "date": "2025-06-28T00:00:00",
      "quarter_label": "2025-06 (Q2)",
      "revenue": 2237000000,
      "gross_profit": 1332000000,
      "operating_income": 1039000000,
      "net_income": 492000000,
      "opex": 293000000,
      "cogs": 905000000,
      "rd": null,
      "sga": 242000000,
      "fcf": 573000000,
      "ocf": 631000000,
      "capex": -58000000,
      "gross_margin": 0.5954403218596335,
      "op_margin": 0.4644613321412606,
      "fcf_margin": 0.2561466249441216,
      "incr_op_margin_yoy": 0.5497382198952879,
      "rev_growth_yoy": 0.09335288367546432,
      "rev_growth_yoy_accel": -0.027022311738813948,
      "op_leverage_ratio": 1.1451627906976745,
      "fcf_margin_change": 0.21335592726970298
    },
    {
      "date": "2025-09-30T00:00:00",
      "quarter_label": "2025-09 (Q3)",
      "revenue": 2437000000,
      "gross_profit": 1470000000,
      "operating_income": 1161000000,
      "net_income": 610000000,
      "opex": 309000000,
      "cogs": 967000000,
      "rd": null,
      "sga": 256000000,
      "fcf": 441000000,
      "ocf": 507000000,
      "capex": -66000000,
      "gross_margin": 0.6032006565449323,
      "op_margin": 0.4764054164956914,
      "fcf_margin": 0.18096019696347967,
      "incr_op_margin_yoy": 0.8685258964143426,
      "rev_growth_yoy": 0.11482159194876487,
      "rev_growth_yoy_accel": 0.021468708273300552,
      "op_leverage_ratio": 1.6372373714796602,
      "fcf_margin_change": -0.07518642798064193
    }
  ],
  "signals": [
    {
      "quarter": "2025-09 (Q3)",
      "signal": "OPERATING LEVERAGE",
      "detail": "Rev growth +8.9% vs OpEx growth +5.5% (leverage: 1.6x)",
      "severity": "MEDIUM"
    },
    {
      "quarter": "2025-09 (Q3)",
      "signal": "INCREMENTAL MARGIN (YoY)",
      "detail": "YoY Incr OPM: +86.9% vs year-ago OPM: +43.1%",
      "severity": "HIGH"
    },
    {
      "quarter": "2025-06 (Q2)",
      "signal": "FCF MARGIN EXPANSION",
      "detail": "FCF margin: +4.3% -> +25.6% (+21.3%)",
      "severity": "MEDIUM"
    },
    {
      "quarter": "2024-12 (Q4)",
      "signal": "FCF MARGIN EXPANSION",
      "detail": "FCF margin: +24.3% -> +35.4% (+11.1%)",
      "severity": "MEDIUM"
    },
    {
      "quarter": "2024-12 (Q4)",
      "signal": "GROSS MARGIN INFLECTION",
      "detail": "GM: +59.6% -> +57.6% -> +61.6% (reversal +4.0%)",
      "severity": "MEDIUM"
    },
    {
      "quarter": "2024-12 (Q4)",
      "signal": "YoY REVENUE GROWTH DECELERATION",
      "detail": "YoY growth: +12.1% vs prior quarter YoY: +18.0% (decel: -5.9%)",
      "severity": "WARNING"
    },
    {
      "quarter": "2024-12 (Q4)",
      "signal": "INCREMENTAL MARGIN (YoY)",
      "detail": "YoY Incr OPM: +86.2% vs year-ago OPM: +44.0%",
      "severity": "HIGH"
    },
    {
      "quarter": "2024-06 (Q2)",
      "signal": "FCF MARGIN EXPANSION",
      "detail": "FCF margin: +9.4% -> +27.8% (+18.3%)",
      "severity": "MEDIUM"
    },
    {
      "quarter": "2024-06 (Q2)",
      "signal": "OPERATING LEVERAGE",
      "detail": "Rev growth +6.6% vs OpEx growth +0.4% (leverage: 18.9x)",
      "severity": "MEDIUM"
    },
    {
      "quarter": "2024-03 (Q1)",
      "signal": "YoY REVENUE GROWTH DECELERATION",
      "detail": "YoY growth: +20.5% vs prior quarter YoY: +28.1% (decel: -7.5%)",
      "severity": "WARNING"
    },
    {
      "quarter": "2023-12 (Q4)",
      "signal": "FCF MARGIN EXPANSION",
      "detail": "FCF margin: +22.9% -> +33.5% (+10.6%)",
      "severity": "MEDIUM"
    },
    {
      "quarter": "2023-12 (Q4)",
      "signal": "YoY REVENUE GROWTH ACCELERATION",
      "detail": "YoY growth: +28.1% vs prior quarter YoY: +22.6% (accel: +5.4%)",
      "severity": "MEDIUM"
    },
    {
      "quarter": "2023-09 (Q3)",
      "signal": "INCREMENTAL MARGIN (YoY)",
      "detail": "YoY Incr OPM: +62.9% vs year-ago OPM: +42.5%",
      "severity": "HIGH"
    },
    {
      "quarter": "2023-07 (Q3)",
      "signal": "FCF MARGIN EXPANSION",
      "detail": "FCF margin: +6.0% -> +21.2% (+15.2%)",
      "severity": "MEDIUM"
    },
    {
      "quarter": "2023-07 (Q3)",
      "signal": "OPERATING LEVERAGE",
      "detail": "Rev growth +9.5% vs OpEx growth +5.1% (leverage: 1.9x)",
      "severity": "MEDIUM"
    },
    {
      "quarter": "2023-07 (Q3)",
      "signal": "INCREMENTAL MARGIN (YoY)",
      "detail": "YoY Incr OPM: +53.2% vs year-ago OPM: +42.8%",
      "severity": "MEDIUM"
    },
    {
      "quarter": "2023-04 (Q2)",
      "signal": "INCREMENTAL MARGIN (YoY)",
      "detail": "YoY Incr OPM: +66.0% vs year-ago OPM: +39.2%",
      "severity": "HIGH"
    },
    {
      "quarter": "2022-12 (Q4)",
      "signal": "FCF MARGIN EXPANSION",
      "detail": "FCF margin: +15.9% -> +24.8% (+8.9%)",
      "severity": "MEDIUM"
    },
    {
      "quarter": "2022-12 (Q4)",
      "signal": "INCREMENTAL MARGIN (YoY)",
      "detail": "YoY Incr OPM: +66.5% vs year-ago OPM: +38.1%",
      "severity": "HIGH"
    },
    {
      "quarter": "2022-07 (Q3)",
      "signal": "FCF MARGIN EXPANSION",
      "detail": "FCF margin: +4.1% -> +20.0% (+15.9%)",
      "severity": "MEDIUM"
    },
    {
      "quarter": "2022-07 (Q3)",
      "signal": "OPERATING LEVERAGE",
      "detail": "Rev growth +5.4% vs OpEx growth +0.5% (leverage: 11.6x)",
      "severity": "MEDIUM"
    },
    {
      "quarter": "2022-07 (Q3)",
      "signal": "INCREMENTAL MARGIN (YoY)",
      "detail": "YoY Incr OPM: +84.4% vs year-ago OPM: +36.7%",
      "severity": "HIGH"
    },
    {
      "quarter": "2022-04 (Q2)",
      "signal": "OPERATING LEVERAGE",
      "detail": "Rev growth +11.1% vs OpEx growth +4.9% (leverage: 2.3x)",
      "severity": "MEDIUM"
    },
    {
      "quarter": "2022-04 (Q2)",
      "signal": "INCREMENTAL MARGIN (YoY)",
      "detail": "YoY Incr OPM: +94.7% vs year-ago OPM: +33.0%",
      "severity": "HIGH"
    },
    {
      "quarter": "2022-01 (Q1)",
      "signal": "INCREMENTAL MARGIN (YoY)",
      "detail": "YoY Incr OPM: +162.8% vs year-ago OPM: +28.4%",
      "severity": "HIGH"
    },
    {
      "quarter": "2021-07 (Q3)",
      "signal": "FCF MARGIN EXPANSION",
      "detail": "FCF margin: +5.8% -> +19.0% (+13.3%)",
      "severity": "MEDIUM"
    }
  ],
  "data_quality": {
    "n_quarters": 20,
    "coverage": {
      "revenue": [
        20,
        20
      ],
      "gross_profit": [
        20,
        20
      ],
      "op_income": [
        20,
        20
      ],
      "fcf": [
        20,
        20
      ]
    },
    "gaps": [],
    "warnings": []
  },
  "market_cap": null,
  "source": "SEC EDGAR",
  "last_updated": "2026-02-02T19:53:17.837003"
}