{
  "ticker": "TDUP",
  "name": "ThredUp Inc.",
  "quarters": [
    {
      "date": "2020-12-31T00:00:00",
      "quarter_label": "2020-12 (Q4)",
      "revenue": 43433000,
      "gross_profit": 29735000,
      "operating_income": -16247000,
      "net_income": -17001000,
      "opex": 45982000,
      "cogs": 13698000,
      "rd": null,
      "sga": 7802000,
      "fcf": -19307000,
      "ocf": -14242000,
      "capex": -5065000,
      "gross_margin": 0.6846176870121797,
      "op_margin": -0.37407040729399305,
      "fcf_margin": -0.4445237492229411
    },
    {
      "date": "2021-03-31T00:00:00",
      "quarter_label": "2021-03 (Q1)",
      "revenue": 55680000,
      "gross_profit": 39718000,
      "operating_income": -14678000,
      "net_income": -16171000,
      "opex": 54396000,
      "cogs": 15962000,
      "rd": null,
      "sga": 10638000,
      "fcf": -3022000,
      "ocf": 1077000,
      "capex": -4099000,
      "gross_margin": 0.7133261494252874,
      "op_margin": -0.26361350574712644,
      "fcf_margin": -0.05427442528735632,
      "op_leverage_ratio": 1.540973745063905,
      "fcf_margin_change": 0.39024932393558476
    },
    {
      "date": "2021-06-30T00:00:00",
      "quarter_label": "2021-06 (Q2)",
      "revenue": 59959000,
      "gross_profit": 44132000,
      "operating_income": -13886000,
      "net_income": -14379000,
      "opex": 58018000,
      "cogs": 15827000,
      "rd": null,
      "sga": 10999000,
      "fcf": -15067000,
      "ocf": -10167000,
      "capex": -4900000,
      "gross_margin": 0.7360362914658349,
      "op_margin": -0.23159158758484966,
      "fcf_margin": -0.25128838039326873,
      "op_leverage_ratio": 1.154148201127211,
      "fcf_margin_change": -0.1970139551059124
    },
    {
      "date": "2021-09-30T00:00:00",
      "quarter_label": "2021-09 (Q3)",
      "revenue": 63274000,
      "gross_profit": 46094000,
      "operating_income": -15497000,
      "net_income": -14715000,
      "opex": 61591000,
      "cogs": 17180000,
      "rd": null,
      "sga": 12569000,
      "fcf": -11250000,
      "ocf": -5042000,
      "capex": -6208000,
      "gross_margin": 0.728482473053703,
      "op_margin": -0.24491892404463128,
      "fcf_margin": -0.17779814773840755,
      "op_leverage_ratio": 0.897757184173809,
      "fcf_margin_change": 0.07349023265486118
    },
    {
      "date": "2021-12-31T00:00:00",
      "quarter_label": "2021-12 (Q4)",
      "revenue": 72879000,
      "gross_profit": 48188000,
      "operating_income": -18325000,
      "net_income": -17911000,
      "opex": 66513000,
      "cogs": 24691000,
      "rd": null,
      "sga": 14608000,
      "fcf": -25508000,
      "ocf": -20887000,
      "capex": -4621000,
      "gross_margin": 0.6612055599006572,
      "op_margin": -0.25144417459076,
      "fcf_margin": -0.3500048024808244,
      "incr_op_margin_yoy": -0.07056985668681655,
      "rev_growth_yoy": 0.6779637602744457,
      "op_leverage_ratio": 1.8995368588235473,
      "fcf_margin_change": -0.17220665474241684
    },
    {
      "date": "2022-03-31T00:00:00",
      "quarter_label": "2022-03 (Q1)",
      "revenue": 72695000,
      "gross_profit": 50228000,
      "operating_income": -20575000,
      "net_income": -20708000,
      "opex": 70803000,
      "cogs": 22467000,
      "rd": null,
      "sga": 14664000,
      "fcf": -19317000,
      "ocf": -6679000,
      "capex": -12638000,
      "gross_margin": 0.6909416053373685,
      "op_margin": -0.283031845381388,
      "fcf_margin": -0.26572666620812985,
      "incr_op_margin_yoy": -0.34657655010285043,
      "rev_growth_yoy": 0.3055854885057471,
      "rev_growth_yoy_accel": -0.3723782717686986,
      "fcf_margin_change": 0.08427813627269454
    },
    {
      "date": "2022-06-30T00:00:00",
      "quarter_label": "2022-06 (Q2)",
      "revenue": 76421000,
      "gross_profit": 52648000,
      "operating_income": -28333000,
      "net_income": -28399000,
      "opex": 80981000,
      "cogs": 23773000,
      "rd": null,
      "sga": 17380000,
      "fcf": -33101000,
      "ocf": -18156000,
      "capex": -14945000,
      "gross_margin": 0.68892058465605,
      "op_margin": -0.37074887792622446,
      "fcf_margin": -0.4331401054683922,
      "incr_op_margin_yoy": -0.8775968898068278,
      "rev_growth_yoy": 0.2745542787571507,
      "rev_growth_yoy_accel": -0.03103120974859641,
      "op_leverage_ratio": 0.35655581424426075,
      "fcf_margin_change": -0.16741343926026236
    },
    {
      "date": "2022-09-30T00:00:00",
      "quarter_label": "2022-09 (Q3)",
      "revenue": 67945000,
      "gross_profit": 44496000,
      "operating_income": -24190000,
      "net_income": -23678000,
      "opex": 68686000,
      "cogs": 23449000,
      "rd": null,
      "sga": 15232000,
      "fcf": -23837000,
      "ocf": -12104000,
      "capex": -11733000,
      "gross_margin": 0.6548826256531017,
      "op_margin": -0.35602325410258295,
      "fcf_margin": -0.3508278754875267,
      "incr_op_margin_yoy": -1.8610575893812888,
      "rev_growth_yoy": 0.07382179094098681,
      "rev_growth_yoy_accel": -0.2007324878161639,
      "fcf_margin_change": 0.08231222998086551
    },
    {
      "date": "2022-12-31T00:00:00",
      "quarter_label": "2022-12 (Q4)",
      "revenue": 71318000,
      "gross_profit": 44966000,
      "operating_income": -16389000,
      "net_income": -19499000,
      "opex": 61355000,
      "cogs": 26352000,
      "rd": null,
      "sga": 14538000,
      "fcf": -19101000,
      "ocf": -15166000,
      "capex": -3935000,
      "gross_margin": 0.6305000140217056,
      "op_margin": -0.22980173308281218,
      "fcf_margin": -0.2678285986707423,
      "incr_op_margin_yoy": -1.2402306213965406,
      "rev_growth_yoy": -0.02141906447673541,
      "rev_growth_yoy_accel": -0.09524085541772223,
      "op_leverage_ratio": Infinity,
      "fcf_margin_change": 0.08299927681678437
    },
    {
      "date": "2023-03-31T00:00:00",
      "quarter_label": "2023-03 (Q1)",
      "revenue": 75922000,
      "gross_profit": 51093000,
      "operating_income": -20183000,
      "net_income": -19793000,
      "opex": 71276000,
      "cogs": 24829000,
      "rd": null,
      "sga": 16059000,
      "fcf": -10137000,
      "ocf": -4458000,
      "capex": -5679000,
      "gross_margin": 0.6729669924396091,
      "op_margin": -0.2658386238507942,
      "fcf_margin": -0.13351861120623798,
      "incr_op_margin_yoy": 0.12147505422993492,
      "rev_growth_yoy": 0.0443909484833895,
      "rev_growth_yoy_accel": 0.06581001296012491,
      "op_leverage_ratio": 0.39923689584408834,
      "fcf_margin_change": 0.13430998746450434
    },
    {
      "date": "2023-06-30T00:00:00",
      "quarter_label": "2023-06 (Q2)",
      "revenue": 82658000,
      "gross_profit": 55732000,
      "operating_income": -18712000,
      "net_income": -18760000,
      "opex": 74444000,
      "cogs": 26926000,
      "rd": null,
      "sga": 16030000,
      "fcf": -16994000,
      "ocf": -10381000,
      "capex": -6613000,
      "gross_margin": 0.674248106656343,
      "op_margin": -0.22637857194705896,
      "fcf_margin": -0.2055941348689782,
      "incr_op_margin_yoy": 1.5425685425685425,
      "rev_growth_yoy": 0.08161369257141361,
      "rev_growth_yoy_accel": 0.03722274408802411,
      "op_leverage_ratio": 1.9961472952437365,
      "fcf_margin_change": -0.07207552366274023
    },
    {
      "date": "2023-09-30T00:00:00",
      "quarter_label": "2023-09 (Q3)",
      "revenue": 82049000,
      "gross_profit": 56627000,
      "operating_income": -18192000,
      "net_income": -18082000,
      "opex": 74819000,
      "cogs": 25422000,
      "rd": null,
      "sga": 15058000,
      "fcf": -1260000,
      "ocf": 223000,
      "capex": -1483000,
      "gross_margin": 0.6901607575960707,
      "op_margin": -0.22172116661994662,
      "fcf_margin": -0.015356677107582055,
      "incr_op_margin_yoy": 0.4252694271128758,
      "rev_growth_yoy": 0.2075796600191331,
      "rev_growth_yoy_accel": 0.12596596744771948,
      "fcf_margin_change": 0.19023745776139614
    },
    {
      "date": "2023-12-31T00:00:00",
      "quarter_label": "2023-12 (Q4)",
      "revenue": 81393000,
      "gross_profit": 50353000,
      "operating_income": -14750000,
      "net_income": -14613000,
      "opex": 65103000,
      "cogs": 31040000,
      "rd": null,
      "sga": 15510000,
      "fcf": -7308000,
      "ocf": -7975000,
      "capex": 667000,
      "gross_margin": 0.6186404236236531,
      "op_margin": -0.1812195151917241,
      "fcf_margin": -0.08978659098448269,
      "incr_op_margin_yoy": 0.16267990074441688,
      "rev_growth_yoy": 0.14126868392271236,
      "rev_growth_yoy_accel": -0.06631097609642075,
      "fcf_margin_change": -0.07442991387690064
    },
    {
      "date": "2024-03-31T00:00:00",
      "quarter_label": "2024-03 (Q1)",
      "revenue": 79588000,
      "gross_profit": 55326000,
      "operating_income": -16711000,
      "net_income": -16554000,
      "opex": 72037000,
      "cogs": 24262000,
      "rd": null,
      "sga": 17573000,
      "fcf": 267000,
      "ocf": 1393000,
      "capex": -1126000,
      "gross_margin": 0.6951550484997738,
      "op_margin": -0.20996883952354625,
      "fcf_margin": 0.0033547771020756897,
      "incr_op_margin_yoy": 0.9470812875068194,
      "rev_growth_yoy": 0.048286399199178105,
      "rev_growth_yoy_accel": -0.09298228472353426,
      "fcf_margin_change": 0.09314136808655837
    },
    {
      "date": "2024-06-30T00:00:00",
      "quarter_label": "2024-06 (Q2)",
      "revenue": 79755000,
      "gross_profit": 56120000,
      "operating_income": -14294000,
      "net_income": -13954000,
      "opex": 70414000,
      "cogs": 23635000,
      "rd": null,
      "sga": 15440000,
      "fcf": -5820000,
      "ocf": -4972000,
      "capex": -848000,
      "gross_margin": 0.7036549432637452,
      "op_margin": -0.17922387311140367,
      "fcf_margin": -0.07297348128643973,
      "incr_op_margin_yoy": -1.5218739235273855,
      "rev_growth_yoy": -0.03512061748409107,
      "rev_growth_yoy_accel": -0.08340701668326918,
      "fcf_margin_change": -0.07632825838851541
    },
    {
      "date": "2024-09-30T00:00:00",
      "quarter_label": "2024-09 (Q3)",
      "revenue": 73021000,
      "gross_profit": 51980000,
      "operating_income": -24868000,
      "net_income": -24771000,
      "opex": 76848000,
      "cogs": 21041000,
      "rd": null,
      "sga": 14545000,
      "fcf": 1200000,
      "ocf": 3347000,
      "capex": -2147000,
      "gross_margin": 0.7118500157488942,
      "op_margin": -0.34055956505662754,
      "fcf_margin": 0.016433628682159928,
      "incr_op_margin_yoy": 0.7394771821001329,
      "rev_growth_yoy": -0.11003181025972285,
      "rev_growth_yoy_accel": -0.07491119277563177,
      "fcf_margin_change": 0.08940710996859966
    },
    {
      "date": "2024-12-31T00:00:00",
      "quarter_label": "2024-12 (Q4)",
      "revenue": 27667000,
      "gross_profit": 43699000,
      "operating_income": 15254000,
      "net_income": -21707000,
      "opex": 28445000,
      "cogs": -16032000,
      "rd": null,
      "sga": 9337000,
      "fcf": null,
      "ocf": null,
      "capex": -2463000,
      "gross_margin": 1.579462898037373,
      "op_margin": 0.5513427549065674,
      "fcf_margin": null,
      "incr_op_margin_yoy": -0.5584633138517664,
      "rev_growth_yoy": -0.6600813337756318,
      "rev_growth_yoy_accel": -0.550049523515909
    },
    {
      "date": "2025-03-31T00:00:00",
      "quarter_label": "2025-03 (Q1)",
      "revenue": 71291000,
      "gross_profit": 56371000,
      "operating_income": -5434000,
      "net_income": -5215000,
      "opex": 61805000,
      "cogs": 14920000,
      "rd": null,
      "sga": 13536000,
      "fcf": null,
      "ocf": null,
      "capex": -1815000,
      "gross_margin": 0.7907169207894404,
      "op_margin": -0.07622280512266626,
      "fcf_margin": null,
      "incr_op_margin_yoy": -1.3591659636013016,
      "rev_growth_yoy": -0.10424938432929587,
      "rev_growth_yoy_accel": 0.555831949446336,
      "op_leverage_ratio": 1.344445837048509
    },
    {
      "date": "2025-06-30T00:00:00",
      "quarter_label": "2025-06 (Q2)",
      "revenue": 77657000,
      "gross_profit": 61736000,
      "operating_income": -5245000,
      "net_income": -5176000,
      "opex": 66981000,
      "cogs": 15921000,
      "rd": null,
      "sga": 13250000,
      "fcf": null,
      "ocf": null,
      "capex": -3279000,
      "gross_margin": 0.7949830665619326,
      "op_margin": -0.06754059518137451,
      "fcf_margin": null,
      "incr_op_margin_yoy": -4.3131553860819825,
      "rev_growth_yoy": -0.02630556077988841,
      "rev_growth_yoy_accel": 0.07794382354940746,
      "op_leverage_ratio": 1.0662554666067372
    },
    {
      "date": "2025-09-30T00:00:00",
      "quarter_label": "2025-09 (Q3)",
      "revenue": 82161000,
      "gross_profit": 65212000,
      "operating_income": -4388000,
      "net_income": -4248000,
      "opex": 69600000,
      "cogs": 16949000,
      "rd": null,
      "sga": 14869000,
      "fcf": null,
      "ocf": null,
      "capex": -3651000,
      "gross_margin": 0.7937099110283468,
      "op_margin": -0.053407334380058666,
      "fcf_margin": null,
      "incr_op_margin_yoy": 2.2407002188183807,
      "rev_growth_yoy": 0.12516947179578478,
      "rev_growth_yoy_accel": 0.15147503257567319,
      "op_leverage_ratio": 1.4833167516196468
    }
  ],
  "signals": [
    {
      "quarter": "2025-09 (Q3)",
      "signal": "YoY REVENUE GROWTH ACCELERATION",
      "detail": "YoY growth: +12.5% vs prior quarter YoY: -2.6% (accel: +15.1%)",
      "severity": "HIGH"
    },
    {
      "quarter": "2025-06 (Q2)",
      "signal": "YoY REVENUE GROWTH ACCELERATION",
      "detail": "YoY growth: -2.6% vs prior quarter YoY: -10.4% (accel: +7.8%)",
      "severity": "MEDIUM"
    },
    {
      "quarter": "2025-03 (Q1)",
      "signal": "YoY REVENUE GROWTH ACCELERATION",
      "detail": "YoY growth: -10.4% vs prior quarter YoY: -66.0% (accel: +55.6%)",
      "severity": "HIGH"
    },
    {
      "quarter": "2024-12 (Q4)",
      "signal": "YoY REVENUE GROWTH DECELERATION",
      "detail": "YoY growth: -66.0% vs prior quarter YoY: -11.0% (decel: -55.0%)",
      "severity": "WARNING"
    },
    {
      "quarter": "2024-12 (Q4)",
      "signal": "OP MARGIN TURNED POSITIVE (YoY)",
      "detail": "Op margin: -18.1% (year-ago) -> +55.1%",
      "severity": "HIGH"
    },
    {
      "quarter": "2024-12 (Q4)",
      "signal": "OP MARGIN TURNED POSITIVE (QoQ)",
      "detail": "Op margin: -34.1% -> +55.1%",
      "severity": "HIGH"
    },
    {
      "quarter": "2024-09 (Q3)",
      "signal": "FCF TURNED POSITIVE",
      "detail": "FCF margin: -7.3% -> +1.6%",
      "severity": "HIGH"
    },
    {
      "quarter": "2024-09 (Q3)",
      "signal": "YoY REVENUE GROWTH DECELERATION",
      "detail": "YoY growth: -11.0% vs prior quarter YoY: -3.5% (decel: -7.5%)",
      "severity": "WARNING"
    },
    {
      "quarter": "2024-06 (Q2)",
      "signal": "YoY REVENUE GROWTH DECELERATION",
      "detail": "YoY growth: -3.5% vs prior quarter YoY: +4.8% (decel: -8.3%)",
      "severity": "WARNING"
    },
    {
      "quarter": "2024-03 (Q1)",
      "signal": "FCF TURNED POSITIVE",
      "detail": "FCF margin: -9.0% -> +0.3%",
      "severity": "HIGH"
    },
    {
      "quarter": "2024-03 (Q1)",
      "signal": "GROSS MARGIN INFLECTION",
      "detail": "GM: +69.0% -> +61.9% -> +69.5% (reversal +7.7%)",
      "severity": "HIGH"
    },
    {
      "quarter": "2024-03 (Q1)",
      "signal": "YoY REVENUE GROWTH DECELERATION",
      "detail": "YoY growth: +4.8% vs prior quarter YoY: +14.1% (decel: -9.3%)",
      "severity": "WARNING"
    },
    {
      "quarter": "2023-12 (Q4)",
      "signal": "YoY REVENUE GROWTH DECELERATION",
      "detail": "YoY growth: +14.1% vs prior quarter YoY: +20.8% (decel: -6.6%)",
      "severity": "WARNING"
    },
    {
      "quarter": "2023-09 (Q3)",
      "signal": "FCF MARGIN EXPANSION",
      "detail": "FCF margin: -20.6% -> -1.5% (+19.0%)",
      "severity": "MEDIUM"
    },
    {
      "quarter": "2023-09 (Q3)",
      "signal": "YoY REVENUE GROWTH ACCELERATION",
      "detail": "YoY growth: +20.8% vs prior quarter YoY: +8.2% (accel: +12.6%)",
      "severity": "MEDIUM"
    },
    {
      "quarter": "2023-06 (Q2)",
      "signal": "OPERATING LEVERAGE",
      "detail": "Rev growth +8.9% vs OpEx growth +4.4% (leverage: 2.0x)",
      "severity": "MEDIUM"
    },
    {
      "quarter": "2023-03 (Q1)",
      "signal": "FCF MARGIN EXPANSION",
      "detail": "FCF margin: -26.8% -> -13.4% (+13.4%)",
      "severity": "MEDIUM"
    },
    {
      "quarter": "2023-03 (Q1)",
      "signal": "GROSS MARGIN INFLECTION",
      "detail": "GM: +65.5% -> +63.1% -> +67.3% (reversal +4.2%)",
      "severity": "MEDIUM"
    },
    {
      "quarter": "2023-03 (Q1)",
      "signal": "YoY REVENUE GROWTH ACCELERATION",
      "detail": "YoY growth: +4.4% vs prior quarter YoY: -2.1% (accel: +6.6%)",
      "severity": "MEDIUM"
    },
    {
      "quarter": "2022-12 (Q4)",
      "signal": "FCF MARGIN EXPANSION",
      "detail": "FCF margin: -35.1% -> -26.8% (+8.3%)",
      "severity": "MEDIUM"
    },
    {
      "quarter": "2022-12 (Q4)",
      "signal": "YoY REVENUE GROWTH DECELERATION",
      "detail": "YoY growth: -2.1% vs prior quarter YoY: +7.4% (decel: -9.5%)",
      "severity": "WARNING"
    },
    {
      "quarter": "2022-09 (Q3)",
      "signal": "FCF MARGIN EXPANSION",
      "detail": "FCF margin: -43.3% -> -35.1% (+8.2%)",
      "severity": "MEDIUM"
    },
    {
      "quarter": "2022-09 (Q3)",
      "signal": "YoY REVENUE GROWTH DECELERATION",
      "detail": "YoY growth: +7.4% vs prior quarter YoY: +27.5% (decel: -20.1%)",
      "severity": "WARNING"
    },
    {
      "quarter": "2022-03 (Q1)",
      "signal": "FCF MARGIN EXPANSION",
      "detail": "FCF margin: -35.0% -> -26.6% (+8.4%)",
      "severity": "MEDIUM"
    },
    {
      "quarter": "2022-03 (Q1)",
      "signal": "GROSS MARGIN INFLECTION",
      "detail": "GM: +72.8% -> +66.1% -> +69.1% (reversal +3.0%)",
      "severity": "MEDIUM"
    },
    {
      "quarter": "2022-03 (Q1)",
      "signal": "YoY REVENUE GROWTH DECELERATION",
      "detail": "YoY growth: +30.6% vs prior quarter YoY: +67.8% (decel: -37.2%)",
      "severity": "WARNING"
    },
    {
      "quarter": "2021-12 (Q4)",
      "signal": "OPERATING LEVERAGE",
      "detail": "Rev growth +15.2% vs OpEx growth +8.0% (leverage: 1.9x)",
      "severity": "MEDIUM"
    },
    {
      "quarter": "2021-09 (Q3)",
      "signal": "FCF MARGIN EXPANSION",
      "detail": "FCF margin: -25.1% -> -17.8% (+7.3%)",
      "severity": "MEDIUM"
    },
    {
      "quarter": "2021-03 (Q1)",
      "signal": "FCF MARGIN EXPANSION",
      "detail": "FCF margin: -44.5% -> -5.4% (+39.0%)",
      "severity": "MEDIUM"
    },
    {
      "quarter": "2021-03 (Q1)",
      "signal": "OPERATING LEVERAGE",
      "detail": "Rev growth +28.2% vs OpEx growth +18.3% (leverage: 1.5x)",
      "severity": "MEDIUM"
    }
  ],
  "data_quality": {
    "n_quarters": 20,
    "coverage": {
      "revenue": [
        20,
        20
      ],
      "gross_profit": [
        20,
        20
      ],
      "op_income": [
        20,
        20
      ],
      "fcf": [
        16,
        20
      ]
    },
    "gaps": [],
    "warnings": []
  },
  "market_cap": null,
  "source": "SEC EDGAR",
  "last_updated": "2026-02-02T22:14:59.145777"
}