{
  "ticker": "TDY",
  "name": "Teledyne Technologies Inc",
  "quarters": [
    {
      "date": "2021-01-03T00:00:00",
      "quarter_label": "2021-01 (Q1)",
      "revenue": 809300000,
      "gross_profit": 315700000,
      "operating_income": 143800000,
      "net_income": 132100000,
      "opex": 665500000,
      "cogs": 493600000,
      "rd": null,
      "sga": 171900000,
      "fcf": 217000000,
      "ocf": 236400000,
      "capex": -19400000,
      "gross_margin": 0.3900902014086247,
      "op_margin": 0.17768441863338688,
      "fcf_margin": 0.26813295440504137
    },
    {
      "date": "2021-04-04T00:00:00",
      "quarter_label": "2021-04 (Q2)",
      "revenue": 805700000,
      "gross_profit": 313200000,
      "operating_income": 135200000,
      "net_income": 84700000,
      "opex": 670500000,
      "cogs": 492500000,
      "rd": null,
      "sga": 178000000,
      "fcf": 107300000,
      "ocf": 124900000,
      "capex": -17600000,
      "gross_margin": 0.3887302966364652,
      "op_margin": 0.16780439369492367,
      "fcf_margin": 0.13317612014397417,
      "fcf_margin_change": -0.1349568342610672
    },
    {
      "date": "2021-07-04T00:00:00",
      "quarter_label": "2021-07 (Q3)",
      "revenue": 1121000000,
      "gross_profit": 457900000,
      "operating_income": 104400000,
      "net_income": 64700000,
      "opex": 1016600000,
      "cogs": 663100000,
      "rd": null,
      "sga": 320700000,
      "fcf": 190500000,
      "ocf": 211300000,
      "capex": -20800000,
      "gross_margin": 0.40847457627118644,
      "op_margin": 0.09313113291703835,
      "fcf_margin": 0.16993755575379127,
      "op_leverage_ratio": 0.7581371703784759,
      "fcf_margin_change": 0.036761435609817095
    },
    {
      "date": "2021-10-03T00:00:00",
      "quarter_label": "2021-10 (Q4)",
      "revenue": 1311900000,
      "gross_profit": 524200000,
      "operating_income": 189600000,
      "net_income": 134100000,
      "opex": 1122300000,
      "cogs": 787700000,
      "rd": null,
      "sga": 279300000,
      "fcf": 163600000,
      "ocf": 192800000,
      "capex": -29200000,
      "gross_margin": 0.39957313819650886,
      "op_margin": 0.14452321061056483,
      "fcf_margin": 0.12470462687704856,
      "op_leverage_ratio": 1.6378549359142611,
      "fcf_margin_change": -0.04523292887674271
    },
    {
      "date": "2022-01-02T00:00:00",
      "quarter_label": "2022-01 (Q1)",
      "revenue": 1375700000,
      "gross_profit": 546100000,
      "operating_income": 195100000,
      "net_income": 161800000,
      "opex": 1180600000,
      "cogs": 829600000,
      "rd": null,
      "sga": 299600000,
      "fcf": 261600000,
      "ocf": 295600000,
      "capex": -34000000,
      "gross_margin": 0.3969615468488769,
      "op_margin": 0.14181871047466743,
      "fcf_margin": 0.190157737878898,
      "incr_op_margin_yoy": 0.09057203389830508,
      "rev_growth_yoy": 0.6998640800691956,
      "op_leverage_ratio": 0.9361821468790046,
      "fcf_margin_change": 0.06545311100184945
    },
    {
      "date": "2022-04-03T00:00:00",
      "quarter_label": "2022-04 (Q2)",
      "revenue": 1321000000,
      "gross_profit": 568400000,
      "operating_income": 223500000,
      "net_income": 212600000,
      "opex": 1097500000,
      "cogs": 752600000,
      "rd": null,
      "sga": 291300000,
      "fcf": -237700000,
      "ocf": -216700000,
      "capex": -21000000,
      "gross_margin": 0.4302800908402725,
      "op_margin": 0.1691900075700227,
      "fcf_margin": -0.17993943981831945,
      "incr_op_margin_yoy": 0.17135649136425382,
      "rev_growth_yoy": 0.6395680774481817,
      "rev_growth_yoy_accel": -0.06029600262101398,
      "fcf_margin_change": -0.37009717769721745
    },
    {
      "date": "2022-07-03T00:00:00",
      "quarter_label": "2022-07 (Q3)",
      "revenue": 1355800000,
      "gross_profit": 567200000,
      "operating_income": 229500000,
      "net_income": 171300000,
      "opex": 1126300000,
      "cogs": 788600000,
      "rd": null,
      "sga": 286400000,
      "fcf": 176100000,
      "ocf": 196900000,
      "capex": -20800000,
      "gross_margin": 0.4183507892019472,
      "op_margin": 0.16927275409352413,
      "fcf_margin": 0.1298864139253577,
      "incr_op_margin_yoy": 0.532793867120954,
      "rev_growth_yoy": 0.2094558429973238,
      "rev_growth_yoy_accel": -0.4301122344508579,
      "op_leverage_ratio": 1.0038954075195559,
      "fcf_margin_change": 0.30982585374367716
    },
    {
      "date": "2022-10-02T00:00:00",
      "quarter_label": "2022-10 (Q4)",
      "revenue": 1363600000,
      "gross_profit": 577800000,
      "operating_income": 245200000,
      "net_income": 178300000,
      "opex": 1118400000,
      "cogs": 785800000,
      "rd": null,
      "sga": 283700000,
      "fcf": 252200000,
      "ocf": 268900000,
      "capex": -16700000,
      "gross_margin": 0.42373129950132005,
      "op_margin": 0.17981812848342624,
      "fcf_margin": 0.18495159870929892,
      "incr_op_margin_yoy": 1.0754352030947776,
      "rev_growth_yoy": 0.039408491500876594,
      "rev_growth_yoy_accel": -0.17004735149644723,
      "fcf_margin_change": 0.05506518478394121
    },
    {
      "date": "2023-01-01T00:00:00",
      "quarter_label": "2023-01 (Q1)",
      "revenue": 1418200000,
      "gross_profit": 616900000,
      "operating_income": 273800000,
      "net_income": 226400000,
      "opex": 1144400000,
      "cogs": 801300000,
      "rd": null,
      "sga": 295200000,
      "fcf": 203600000,
      "ocf": 237700000,
      "capex": -34100000,
      "gross_margin": 0.43498801297419265,
      "op_margin": 0.19306162741503313,
      "fcf_margin": 0.14356226202228176,
      "incr_op_margin_yoy": 1.851764705882353,
      "rev_growth_yoy": 0.0308933633786436,
      "rev_growth_yoy_accel": -0.008515128122232995,
      "op_leverage_ratio": 1.722381930184805,
      "fcf_margin_change": -0.041389336687017164
    },
    {
      "date": "2023-04-02T00:00:00",
      "quarter_label": "2023-04 (Q2)",
      "revenue": 1383300000,
      "gross_profit": 592600000,
      "operating_income": 242500000,
      "net_income": 178700000,
      "opex": 1140800000,
      "cogs": 790700000,
      "rd": null,
      "sga": 300400000,
      "fcf": 178600000,
      "ocf": 203000000,
      "capex": -24400000,
      "gross_margin": 0.42839586496060145,
      "op_margin": 0.17530542904648305,
      "fcf_margin": 0.12911154485650256,
      "incr_op_margin_yoy": 0.30497592295345105,
      "rev_growth_yoy": 0.04716124148372445,
      "rev_growth_yoy_accel": 0.01626787810508085,
      "fcf_margin_change": -0.014450717165779198
    },
    {
      "date": "2023-07-02T00:00:00",
      "quarter_label": "2023-07 (Q3)",
      "revenue": 1424700000,
      "gross_profit": 618400000,
      "operating_income": 256100000,
      "net_income": 185300000,
      "opex": 1168600000,
      "cogs": 806300000,
      "rd": null,
      "sga": 313000000,
      "fcf": 163200000,
      "ocf": 190500000,
      "capex": -27300000,
      "gross_margin": 0.43405629255281813,
      "op_margin": 0.17975714185442548,
      "fcf_margin": 0.11455043166982523,
      "incr_op_margin_yoy": 0.386066763425254,
      "rev_growth_yoy": 0.05081870482372031,
      "rev_growth_yoy_accel": 0.0036574633399958645,
      "op_leverage_ratio": 1.2281422747293382,
      "fcf_margin_change": -0.014561113186677327
    },
    {
      "date": "2023-10-01T00:00:00",
      "quarter_label": "2023-10 (Q4)",
      "revenue": 1402500000,
      "gross_profit": 605300000,
      "operating_income": 264300000,
      "net_income": 198600000,
      "opex": 1138200000,
      "cogs": 797200000,
      "rd": null,
      "sga": 291900000,
      "fcf": 255200000,
      "ocf": 278200000,
      "capex": -23000000,
      "gross_margin": 0.43158645276292334,
      "op_margin": 0.18844919786096256,
      "fcf_margin": 0.18196078431372548,
      "incr_op_margin_yoy": 0.4910025706940874,
      "rev_growth_yoy": 0.028527427398063947,
      "rev_growth_yoy_accel": -0.022291277425656366,
      "fcf_margin_change": 0.06741035264390025
    },
    {
      "date": "2023-12-31T00:00:00",
      "quarter_label": "2023-12 (Q4)",
      "revenue": 1425000000,
      "gross_profit": 623100000,
      "operating_income": 271500000,
      "net_income": 323100000,
      "opex": 1153500000,
      "cogs": 801900000,
      "rd": null,
      "sga": 303000000,
      "fcf": 124200000,
      "ocf": 164400000,
      "capex": -40200000,
      "gross_margin": 0.43726315789473685,
      "op_margin": 0.19052631578947368,
      "fcf_margin": 0.0871578947368421,
      "incr_op_margin_yoy": -0.3382352941176471,
      "rev_growth_yoy": 0.004794810322944577,
      "rev_growth_yoy_accel": -0.02373261707511937,
      "op_leverage_ratio": 1.193457061969173,
      "fcf_margin_change": -0.09480288957688338
    },
    {
      "date": "2024-03-31T00:00:00",
      "quarter_label": "2024-03 (Q1)",
      "revenue": 1350100000,
      "gross_profit": 579900000,
      "operating_income": 234300000,
      "net_income": 178500000,
      "opex": 1115800000,
      "cogs": 770200000,
      "rd": 76500000,
      "sga": 296200000,
      "fcf": 275100000,
      "ocf": 291000000,
      "capex": -15900000,
      "gross_margin": 0.4295237389822976,
      "op_margin": 0.1735427005407007,
      "fcf_margin": 0.20376268424561145,
      "incr_op_margin_yoy": 0.2469879518072289,
      "rev_growth_yoy": -0.024000578327188608,
      "rev_growth_yoy_accel": -0.028795388650133185,
      "fcf_margin_change": 0.11660478950876935
    },
    {
      "date": "2024-06-30T00:00:00",
      "quarter_label": "2024-06 (Q2)",
      "revenue": 1374100000,
      "gross_profit": 592600000,
      "operating_income": 247000000,
      "net_income": 180200000,
      "opex": 1127100000,
      "cogs": 781500000,
      "rd": 71700000,
      "sga": 296500000,
      "fcf": 301000000,
      "ocf": 318700000,
      "capex": -17700000,
      "gross_margin": 0.4312641001382723,
      "op_margin": 0.17975402081362346,
      "fcf_margin": 0.21905247070809986,
      "incr_op_margin_yoy": 0.17984189723320157,
      "rev_growth_yoy": -0.03551624903488454,
      "rev_growth_yoy_accel": -0.011515670707695932,
      "op_leverage_ratio": 1.7553075386746182,
      "fcf_margin_change": 0.015289786462488408
    },
    {
      "date": "2024-09-29T00:00:00",
      "quarter_label": "2024-09 (Q3)",
      "revenue": 1443500000,
      "gross_profit": 619600000,
      "operating_income": 270700000,
      "net_income": 262000000,
      "opex": 1172800000,
      "cogs": 823900000,
      "rd": 73000000,
      "sga": 299100000,
      "fcf": 228700000,
      "ocf": 249800000,
      "capex": -21100000,
      "gross_margin": 0.4292344994804295,
      "op_margin": 0.1875303082784898,
      "fcf_margin": 0.15843436092829927,
      "incr_op_margin_yoy": 0.15609756097560976,
      "rev_growth_yoy": 0.02923351158645276,
      "rev_growth_yoy_accel": 0.0647497606213373,
      "op_leverage_ratio": 1.2456251850226374,
      "fcf_margin_change": -0.06061810977980059
    },
    {
      "date": "2024-12-29T00:00:00",
      "quarter_label": "2024-12 (Q4)",
      "revenue": 1502300000,
      "gross_profit": 642700000,
      "operating_income": 237100000,
      "net_income": 198500000,
      "opex": 1265200000,
      "cogs": 859600000,
      "rd": 71400000,
      "sga": 10800000,
      "fcf": 303400000,
      "ocf": 332400000,
      "capex": -29000000,
      "gross_margin": 0.4278106902749118,
      "op_margin": 0.1578246688411103,
      "fcf_margin": 0.2019569992677894,
      "incr_op_margin_yoy": -0.445019404915912,
      "rev_growth_yoy": 0.05424561403508772,
      "rev_growth_yoy_accel": 0.02501210244863496,
      "op_leverage_ratio": 0.517026167459143,
      "fcf_margin_change": 0.04352263833949013
    },
    {
      "date": "2025-03-30T00:00:00",
      "quarter_label": "2025-03 (Q1)",
      "revenue": 1449900000,
      "gross_profit": 619500000,
      "operating_income": 259300000,
      "net_income": 188600000,
      "opex": 1190600000,
      "cogs": 830400000,
      "rd": 74300000,
      "sga": 233900000,
      "fcf": 224600000,
      "ocf": 242600000,
      "capex": -18000000,
      "gross_margin": 0.4272708462652597,
      "op_margin": 0.17883991999448237,
      "fcf_margin": 0.15490723498172287,
      "incr_op_margin_yoy": 0.250501002004008,
      "rev_growth_yoy": 0.07392045033701207,
      "rev_growth_yoy_accel": 0.019674836301924348,
      "fcf_margin_change": -0.047049764286066525
    },
    {
      "date": "2025-06-29T00:00:00",
      "quarter_label": "2025-06 (Q2)",
      "revenue": 1513700000,
      "gross_profit": 644600000,
      "operating_income": 278200000,
      "net_income": 209900000,
      "opex": 1235500000,
      "cogs": 869100000,
      "rd": 82400000,
      "sga": 229400000,
      "fcf": 196300000,
      "ocf": 226600000,
      "capex": -30300000,
      "gross_margin": 0.42584395851225476,
      "op_margin": 0.18378806897007333,
      "fcf_margin": 0.12968223558168726,
      "incr_op_margin_yoy": 0.22349570200573066,
      "rev_growth_yoy": 0.10159377046794266,
      "rev_growth_yoy_accel": 0.027673320130930587,
      "op_leverage_ratio": 1.1668154366225396,
      "fcf_margin_change": -0.025224999400035614
    },
    {
      "date": "2025-09-28T00:00:00",
      "quarter_label": "2025-09 (Q3)",
      "revenue": 1539500000,
      "gross_profit": 659500000,
      "operating_income": 282800000,
      "net_income": 220700000,
      "opex": 1256700000,
      "cogs": 880000000,
      "rd": 83400000,
      "sga": 238200000,
      "fcf": 313900000,
      "ocf": 343100000,
      "capex": -29200000,
      "gross_margin": 0.4283858395582982,
      "op_margin": 0.18369600519649237,
      "fcf_margin": 0.20389736927573887,
      "incr_op_margin_yoy": 0.12604166666666666,
      "rev_growth_yoy": 0.06650502251472117,
      "rev_growth_yoy_accel": -0.03508874795322149,
      "op_leverage_ratio": 0.993314519838307,
      "fcf_margin_change": 0.07421513369405161
    }
  ],
  "signals": [
    {
      "quarter": "2025-09 (Q3)",
      "signal": "FCF MARGIN EXPANSION",
      "detail": "FCF margin: +13.0% -> +20.4% (+7.4%)",
      "severity": "MEDIUM"
    },
    {
      "quarter": "2024-09 (Q3)",
      "signal": "YoY REVENUE GROWTH ACCELERATION",
      "detail": "YoY growth: +2.9% vs prior quarter YoY: -3.6% (accel: +6.5%)",
      "severity": "MEDIUM"
    },
    {
      "quarter": "2024-06 (Q2)",
      "signal": "OPERATING LEVERAGE",
      "detail": "Rev growth +1.8% vs OpEx growth +1.0% (leverage: 1.8x)",
      "severity": "MEDIUM"
    },
    {
      "quarter": "2024-03 (Q1)",
      "signal": "FCF MARGIN EXPANSION",
      "detail": "FCF margin: +8.7% -> +20.4% (+11.7%)",
      "severity": "MEDIUM"
    },
    {
      "quarter": "2023-10 (Q4)",
      "signal": "FCF MARGIN EXPANSION",
      "detail": "FCF margin: +11.5% -> +18.2% (+6.7%)",
      "severity": "MEDIUM"
    },
    {
      "quarter": "2023-10 (Q4)",
      "signal": "INCREMENTAL MARGIN (YoY)",
      "detail": "YoY Incr OPM: +49.1% vs year-ago OPM: +18.0%",
      "severity": "HIGH"
    },
    {
      "quarter": "2023-07 (Q3)",
      "signal": "INCREMENTAL MARGIN (YoY)",
      "detail": "YoY Incr OPM: +38.6% vs year-ago OPM: +16.9%",
      "severity": "HIGH"
    },
    {
      "quarter": "2023-04 (Q2)",
      "signal": "INCREMENTAL MARGIN (YoY)",
      "detail": "YoY Incr OPM: +30.5% vs year-ago OPM: +16.9%",
      "severity": "MEDIUM"
    },
    {
      "quarter": "2023-01 (Q1)",
      "signal": "OPERATING LEVERAGE",
      "detail": "Rev growth +4.0% vs OpEx growth +2.3% (leverage: 1.7x)",
      "severity": "MEDIUM"
    },
    {
      "quarter": "2023-01 (Q1)",
      "signal": "INCREMENTAL MARGIN (YoY)",
      "detail": "YoY Incr OPM: +185.2% vs year-ago OPM: +14.2%",
      "severity": "HIGH"
    },
    {
      "quarter": "2022-10 (Q4)",
      "signal": "FCF MARGIN EXPANSION",
      "detail": "FCF margin: +13.0% -> +18.5% (+5.5%)",
      "severity": "MEDIUM"
    },
    {
      "quarter": "2022-10 (Q4)",
      "signal": "YoY REVENUE GROWTH DECELERATION",
      "detail": "YoY growth: +3.9% vs prior quarter YoY: +20.9% (decel: -17.0%)",
      "severity": "WARNING"
    },
    {
      "quarter": "2022-10 (Q4)",
      "signal": "INCREMENTAL MARGIN (YoY)",
      "detail": "YoY Incr OPM: +107.5% vs year-ago OPM: +14.5%",
      "severity": "HIGH"
    },
    {
      "quarter": "2022-07 (Q3)",
      "signal": "FCF TURNED POSITIVE",
      "detail": "FCF margin: -18.0% -> +13.0%",
      "severity": "HIGH"
    },
    {
      "quarter": "2022-07 (Q3)",
      "signal": "YoY REVENUE GROWTH DECELERATION",
      "detail": "YoY growth: +20.9% vs prior quarter YoY: +64.0% (decel: -43.0%)",
      "severity": "WARNING"
    },
    {
      "quarter": "2022-07 (Q3)",
      "signal": "INCREMENTAL MARGIN (YoY)",
      "detail": "YoY Incr OPM: +53.3% vs year-ago OPM: +9.3%",
      "severity": "HIGH"
    },
    {
      "quarter": "2022-04 (Q2)",
      "signal": "GROSS MARGIN INFLECTION",
      "detail": "GM: +40.0% -> +39.7% -> +43.0% (reversal +3.3%)",
      "severity": "MEDIUM"
    },
    {
      "quarter": "2022-04 (Q2)",
      "signal": "YoY REVENUE GROWTH DECELERATION",
      "detail": "YoY growth: +64.0% vs prior quarter YoY: +70.0% (decel: -6.0%)",
      "severity": "WARNING"
    },
    {
      "quarter": "2022-01 (Q1)",
      "signal": "FCF MARGIN EXPANSION",
      "detail": "FCF margin: +12.5% -> +19.0% (+6.5%)",
      "severity": "MEDIUM"
    },
    {
      "quarter": "2021-10 (Q4)",
      "signal": "OPERATING LEVERAGE",
      "detail": "Rev growth +17.0% vs OpEx growth +10.4% (leverage: 1.6x)",
      "severity": "MEDIUM"
    }
  ],
  "data_quality": {
    "n_quarters": 20,
    "coverage": {
      "revenue": [
        20,
        20
      ],
      "gross_profit": [
        20,
        20
      ],
      "op_income": [
        20,
        20
      ],
      "fcf": [
        20,
        20
      ]
    },
    "gaps": [],
    "warnings": []
  },
  "market_cap": null,
  "source": "SEC EDGAR",
  "last_updated": "2026-02-02T20:09:45.355972"
}