{
  "ticker": "TEAD",
  "name": "Teads Holding Co.",
  "quarters": [
    {
      "date": "2020-12-31T00:00:00",
      "quarter_label": "2020-12 (Q4)",
      "revenue": 245438000,
      "gross_profit": 58462000,
      "operating_income": 15774000,
      "net_income": 14009000,
      "opex": 42688000,
      "cogs": 186976000,
      "rd": 8209000,
      "sga": null,
      "fcf": 9218000,
      "ocf": 9461000,
      "capex": -243000,
      "gross_margin": 0.23819457459725063,
      "op_margin": 0.06426877663605472,
      "fcf_margin": 0.03755734645816866
    },
    {
      "date": "2021-03-31T00:00:00",
      "quarter_label": "2021-03 (Q1)",
      "revenue": 228024000,
      "gross_profit": 53469000,
      "operating_income": 14780000,
      "net_income": 10746000,
      "opex": 38689000,
      "cogs": 174555000,
      "rd": 8428000,
      "sga": null,
      "fcf": 5167000,
      "ocf": 5406000,
      "capex": -239000,
      "gross_margin": 0.23448847489737923,
      "op_margin": 0.06481773848366838,
      "fcf_margin": 0.022659895449601796,
      "fcf_margin_change": -0.014897451008566865
    },
    {
      "date": "2021-06-30T00:00:00",
      "quarter_label": "2021-06 (Q2)",
      "revenue": 247153000,
      "gross_profit": 59062000,
      "operating_income": 17155000,
      "net_income": 15201000,
      "opex": 41907000,
      "cogs": 188091000,
      "rd": 8474000,
      "sga": null,
      "fcf": 19018000,
      "ocf": 19455000,
      "capex": -437000,
      "gross_margin": 0.23896938333744686,
      "op_margin": 0.0694104461608801,
      "fcf_margin": 0.07694828709341986,
      "op_leverage_ratio": 1.0085865496761575,
      "fcf_margin_change": 0.05428839164381806
    },
    {
      "date": "2021-09-30T00:00:00",
      "quarter_label": "2021-09 (Q3)",
      "revenue": 250784000,
      "gross_profit": 60269000,
      "operating_income": -6416000,
      "net_income": -53906000,
      "opex": 66685000,
      "cogs": 190515000,
      "rd": 10659000,
      "sga": null,
      "fcf": 33007000,
      "ocf": 36216000,
      "capex": -3209000,
      "gross_margin": 0.24032234911318107,
      "op_margin": -0.025583769299476842,
      "fcf_margin": 0.13161525456169454,
      "op_leverage_ratio": 0.024847384812660984,
      "fcf_margin_change": 0.05466696746827468
    },
    {
      "date": "2021-12-31T00:00:00",
      "quarter_label": "2021-12 (Q4)",
      "revenue": 289669000,
      "gross_profit": 67460000,
      "operating_income": 9037000,
      "net_income": 38954000,
      "opex": 58423000,
      "cogs": 222209000,
      "rd": 11608000,
      "sga": null,
      "fcf": -10173000,
      "ocf": -4315000,
      "capex": -5858000,
      "gross_margin": 0.23288650148963128,
      "op_margin": 0.031197677348974173,
      "fcf_margin": -0.0351193948955532,
      "incr_op_margin_yoy": -0.1523139879270195,
      "rev_growth_yoy": 0.18021251802899307,
      "op_leverage_ratio": Infinity,
      "fcf_margin_change": -0.16673464945724775
    },
    {
      "date": "2022-03-31T00:00:00",
      "quarter_label": "2022-03 (Q1)",
      "revenue": 254216000,
      "gross_profit": 53931000,
      "operating_income": 74000,
      "net_income": -1890000,
      "opex": 53857000,
      "cogs": 200285000,
      "rd": 10428000,
      "sga": null,
      "fcf": -5450000,
      "ocf": -2641000,
      "capex": -2809000,
      "gross_margin": 0.212146363722189,
      "op_margin": 0.0002910910406898071,
      "fcf_margin": -0.02143846178053309,
      "incr_op_margin_yoy": -0.5614691508857667,
      "rev_growth_yoy": 0.11486510191909624,
      "rev_growth_yoy_accel": -0.06534741610989683,
      "fcf_margin_change": 0.01368093311502011
    },
    {
      "date": "2022-06-30T00:00:00",
      "quarter_label": "2022-06 (Q2)",
      "revenue": 250883000,
      "gross_profit": 48719000,
      "operating_income": -2879000,
      "net_income": -10318000,
      "opex": 51598000,
      "cogs": 202164000,
      "rd": 10519000,
      "sga": null,
      "fcf": -6035000,
      "ocf": 1511000,
      "capex": -7546000,
      "gross_margin": 0.19419012049441373,
      "op_margin": -0.011475468644746755,
      "fcf_margin": -0.02405503760717147,
      "incr_op_margin_yoy": -5.371045576407507,
      "rev_growth_yoy": 0.015091866171966353,
      "rev_growth_yoy_accel": -0.09977323574712989,
      "fcf_margin_change": -0.002616575826638382
    },
    {
      "date": "2022-09-30T00:00:00",
      "quarter_label": "2022-09 (Q3)",
      "revenue": 229017000,
      "gross_profit": 41914000,
      "operating_income": -7073000,
      "net_income": -4624000,
      "opex": 48987000,
      "cogs": 187103000,
      "rd": 9911000,
      "sga": null,
      "fcf": -12633000,
      "ocf": -12137000,
      "capex": -496000,
      "gross_margin": 0.18301698127213264,
      "op_margin": -0.03088417017077335,
      "fcf_margin": -0.05516184388058529,
      "incr_op_margin_yoy": 0.03018330500298617,
      "rev_growth_yoy": -0.08679580834502999,
      "rev_growth_yoy_accel": -0.10188767451699635,
      "fcf_margin_change": -0.031106806273413817
    },
    {
      "date": "2022-12-31T00:00:00",
      "quarter_label": "2022-12 (Q4)",
      "revenue": 257966000,
      "gross_profit": 48089000,
      "operating_income": -3670000,
      "net_income": -7749000,
      "opex": 51759000,
      "cogs": 209877000,
      "rd": 9462000,
      "sga": null,
      "fcf": 14556000,
      "ocf": 17080000,
      "capex": -2524000,
      "gross_margin": 0.18641603932301157,
      "op_margin": -0.014226681035485297,
      "fcf_margin": 0.05642604064101471,
      "incr_op_margin_yoy": 0.4008138031101158,
      "rev_growth_yoy": -0.1094456086084462,
      "rev_growth_yoy_accel": -0.022649800263416203,
      "op_leverage_ratio": 2.2338471980954853,
      "fcf_margin_change": 0.1115878845216
    },
    {
      "date": "2023-03-31T00:00:00",
      "quarter_label": "2023-03 (Q1)",
      "revenue": 231774000,
      "gross_profit": 41155000,
      "operating_income": -9310000,
      "net_income": -5605000,
      "opex": 50465000,
      "cogs": 190619000,
      "rd": 9311000,
      "sga": null,
      "fcf": -24227000,
      "ocf": -20478000,
      "capex": -3749000,
      "gross_margin": 0.1775652143898798,
      "op_margin": -0.04016843994580928,
      "fcf_margin": -0.1045285493627413,
      "incr_op_margin_yoy": 0.41814455039657783,
      "rev_growth_yoy": -0.08827925858325204,
      "rev_growth_yoy_accel": 0.021166350025194153,
      "fcf_margin_change": -0.160954590003756
    },
    {
      "date": "2023-06-30T00:00:00",
      "quarter_label": "2023-06 (Q2)",
      "revenue": 225800000,
      "gross_profit": 44021000,
      "operating_income": -7659000,
      "net_income": 11282000,
      "opex": 51680000,
      "cogs": 181779000,
      "rd": 10041000,
      "sga": null,
      "fcf": 485000,
      "ocf": 1827000,
      "capex": -1342000,
      "gross_margin": 0.194955713020372,
      "op_margin": -0.03391939769707706,
      "fcf_margin": 0.0021479185119574846,
      "incr_op_margin_yoy": 0.19056731650918948,
      "rev_growth_yoy": -0.09997887461486031,
      "rev_growth_yoy_accel": -0.011699616031608268,
      "fcf_margin_change": 0.10667646787469878
    },
    {
      "date": "2023-09-30T00:00:00",
      "quarter_label": "2023-09 (Q3)",
      "revenue": 230015000,
      "gross_profit": 46390000,
      "operating_income": 2620000,
      "net_income": 508000,
      "opex": 43770000,
      "cogs": 183625000,
      "rd": 8681000,
      "sga": null,
      "fcf": 4141000,
      "ocf": 6920000,
      "capex": -2779000,
      "gross_margin": 0.20168249896745866,
      "op_margin": 0.011390561485120536,
      "fcf_margin": 0.018003173706062647,
      "rev_growth_yoy": 0.004357755101149697,
      "rev_growth_yoy_accel": 0.10433662971601,
      "op_leverage_ratio": Infinity,
      "fcf_margin_change": 0.01585525519410516
    },
    {
      "date": "2023-12-31T00:00:00",
      "quarter_label": "2023-12 (Q4)",
      "revenue": 248229000,
      "gross_profit": 53232000,
      "operating_income": 5710000,
      "net_income": 4057000,
      "opex": 47522000,
      "cogs": 194997000,
      "rd": 8369000,
      "sga": null,
      "fcf": 23220000,
      "ocf": 25477000,
      "capex": -2257000,
      "gross_margin": 0.21444714356501457,
      "op_margin": 0.023002952918474474,
      "fcf_margin": 0.09354265617635328,
      "incr_op_margin_yoy": -0.9633357296908699,
      "rev_growth_yoy": -0.03774528426226712,
      "rev_growth_yoy_accel": -0.04210303936341682,
      "op_leverage_ratio": 0.9237679502407532,
      "fcf_margin_change": 0.07553948247029063
    },
    {
      "date": "2024-03-31T00:00:00",
      "quarter_label": "2024-03 (Q1)",
      "revenue": 216964000,
      "gross_profit": 41595000,
      "operating_income": -6597000,
      "net_income": -5041000,
      "opex": 48192000,
      "cogs": 175369000,
      "rd": 9193000,
      "sga": null,
      "fcf": 7270000,
      "ocf": 8605000,
      "capex": -1335000,
      "gross_margin": 0.19171383270957393,
      "op_margin": -0.030405965966704154,
      "fcf_margin": 0.03350786305562213,
      "incr_op_margin_yoy": -0.18318703578663065,
      "rev_growth_yoy": -0.0638984528031617,
      "rev_growth_yoy_accel": -0.026153168540894577,
      "fcf_margin_change": -0.06003479312073115
    },
    {
      "date": "2024-06-30T00:00:00",
      "quarter_label": "2024-06 (Q2)",
      "revenue": 214148000,
      "gross_profit": 45576000,
      "operating_income": -5627000,
      "net_income": -2199000,
      "opex": 51203000,
      "cogs": 168572000,
      "rd": 9400000,
      "sga": null,
      "fcf": 2826000,
      "ocf": 3631000,
      "capex": -805000,
      "gross_margin": 0.2128247753889833,
      "op_margin": -0.026276220184171695,
      "fcf_margin": 0.013196480938416423,
      "incr_op_margin_yoy": -0.1743906625472022,
      "rev_growth_yoy": -0.05160318866253322,
      "rev_growth_yoy_accel": 0.012295264140628481,
      "fcf_margin_change": -0.020311382117205706
    },
    {
      "date": "2024-09-30T00:00:00",
      "quarter_label": "2024-09 (Q3)",
      "revenue": 224177000,
      "gross_profit": 48869000,
      "operating_income": -2949000,
      "net_income": 6696000,
      "opex": 51818000,
      "cogs": 175308000,
      "rd": 9053000,
      "sga": null,
      "fcf": 11134000,
      "ocf": 13662000,
      "capex": -2528000,
      "gross_margin": 0.21799292523318628,
      "op_margin": -0.013154783943045005,
      "fcf_margin": 0.0496661120453927,
      "incr_op_margin_yoy": 0.9539225762247345,
      "rev_growth_yoy": -0.02538095341608156,
      "rev_growth_yoy_accel": 0.026222235246451658,
      "op_leverage_ratio": 3.8990957473222307,
      "fcf_margin_change": 0.03646963110697628
    },
    {
      "date": "2024-12-31T00:00:00",
      "quarter_label": "2024-12 (Q4)",
      "revenue": 234586000,
      "gross_profit": 56062000,
      "operating_income": 2535000,
      "net_income": -167000,
      "opex": 53527000,
      "cogs": 178524000,
      "rd": 9434000,
      "sga": null,
      "fcf": 39951000,
      "ocf": 42663000,
      "capex": -2712000,
      "gross_margin": 0.23898271849129957,
      "op_margin": 0.010806271474001006,
      "fcf_margin": 0.17030428073286555,
      "incr_op_margin_yoy": 0.23272007622956828,
      "rev_growth_yoy": -0.054961346176313,
      "rev_growth_yoy_accel": -0.02958039276023144,
      "op_leverage_ratio": 1.4078505001845472,
      "fcf_margin_change": 0.12063816868747285
    },
    {
      "date": "2025-03-31T00:00:00",
      "quarter_label": "2025-03 (Q1)",
      "revenue": 286357000,
      "gross_profit": 82650000,
      "operating_income": -44436000,
      "net_income": -54843000,
      "opex": 127086000,
      "cogs": 203707000,
      "rd": 13979000,
      "sga": null,
      "fcf": -3887000,
      "ocf": -966000,
      "capex": -2921000,
      "gross_margin": 0.2886257364059548,
      "op_margin": -0.15517692949709627,
      "fcf_margin": -0.01357396536491163,
      "incr_op_margin_yoy": -0.5452855475336129,
      "rev_growth_yoy": 0.3198364705665456,
      "rev_growth_yoy_accel": 0.3747978167428586,
      "op_leverage_ratio": 0.16059112873384038,
      "fcf_margin_change": -0.18387824609777717
    },
    {
      "date": "2025-06-30T00:00:00",
      "quarter_label": "2025-06 (Q2)",
      "revenue": 343096000,
      "gross_profit": 120264000,
      "operating_income": -2259000,
      "net_income": -14313000,
      "opex": 122523000,
      "cogs": 222832000,
      "rd": 13285000,
      "sga": null,
      "fcf": 23901000,
      "ocf": 25044000,
      "capex": -1143000,
      "gross_margin": 0.35052580035908315,
      "op_margin": -0.0065841630330869495,
      "fcf_margin": 0.06966271830624665,
      "incr_op_margin_yoy": 0.02611905574340044,
      "rev_growth_yoy": 0.6021443114108,
      "rev_growth_yoy_accel": 0.2823078408442544,
      "op_leverage_ratio": Infinity,
      "fcf_margin_change": 0.08323668367115829
    },
    {
      "date": "2025-09-30T00:00:00",
      "quarter_label": "2025-09 (Q3)",
      "revenue": 318772000,
      "gross_profit": 105748000,
      "operating_income": -6280000,
      "net_income": -19690000,
      "opex": 112028000,
      "cogs": 213024000,
      "rd": 10743000,
      "sga": null,
      "fcf": -24523000,
      "ocf": -23734000,
      "capex": -789000,
      "gross_margin": 0.3317355351160077,
      "op_margin": -0.019700601056554527,
      "fcf_margin": -0.07692959231049151,
      "incr_op_margin_yoy": -0.03521327765738147,
      "rev_growth_yoy": 0.4219656789055077,
      "rev_growth_yoy_accel": -0.18017863250529237,
      "fcf_margin_change": -0.14659231061673816
    }
  ],
  "signals": [
    {
      "quarter": "2025-09 (Q3)",
      "signal": "YoY REVENUE GROWTH DECELERATION",
      "detail": "YoY growth: +42.2% vs prior quarter YoY: +60.2% (decel: -18.0%)",
      "severity": "WARNING"
    },
    {
      "quarter": "2025-06 (Q2)",
      "signal": "FCF TURNED POSITIVE",
      "detail": "FCF margin: -1.4% -> +7.0%",
      "severity": "HIGH"
    },
    {
      "quarter": "2025-06 (Q2)",
      "signal": "YoY REVENUE GROWTH ACCELERATION",
      "detail": "YoY growth: +60.2% vs prior quarter YoY: +32.0% (accel: +28.2%)",
      "severity": "HIGH"
    },
    {
      "quarter": "2025-03 (Q1)",
      "signal": "YoY REVENUE GROWTH ACCELERATION",
      "detail": "YoY growth: +32.0% vs prior quarter YoY: -5.5% (accel: +37.5%)",
      "severity": "HIGH"
    },
    {
      "quarter": "2024-12 (Q4)",
      "signal": "FCF MARGIN EXPANSION",
      "detail": "FCF margin: +5.0% -> +17.0% (+12.1%)",
      "severity": "MEDIUM"
    },
    {
      "quarter": "2024-12 (Q4)",
      "signal": "INCREMENTAL MARGIN (YoY)",
      "detail": "YoY Incr OPM: +23.3% vs year-ago OPM: +2.3%",
      "severity": "HIGH"
    },
    {
      "quarter": "2024-12 (Q4)",
      "signal": "OP MARGIN TURNED POSITIVE (QoQ)",
      "detail": "Op margin: -1.3% -> +1.1%",
      "severity": "HIGH"
    },
    {
      "quarter": "2024-09 (Q3)",
      "signal": "OPERATING LEVERAGE",
      "detail": "Rev growth +4.7% vs OpEx growth +1.2% (leverage: 3.9x)",
      "severity": "MEDIUM"
    },
    {
      "quarter": "2024-06 (Q2)",
      "signal": "GROSS MARGIN INFLECTION",
      "detail": "GM: +21.4% -> +19.2% -> +21.3% (reversal +2.1%)",
      "severity": "MEDIUM"
    },
    {
      "quarter": "2023-12 (Q4)",
      "signal": "FCF MARGIN EXPANSION",
      "detail": "FCF margin: +1.8% -> +9.4% (+7.6%)",
      "severity": "MEDIUM"
    },
    {
      "quarter": "2023-12 (Q4)",
      "signal": "OP MARGIN TURNED POSITIVE (YoY)",
      "detail": "Op margin: -1.4% (year-ago) -> +2.3%",
      "severity": "HIGH"
    },
    {
      "quarter": "2023-09 (Q3)",
      "signal": "YoY REVENUE GROWTH ACCELERATION",
      "detail": "YoY growth: +0.4% vs prior quarter YoY: -10.0% (accel: +10.4%)",
      "severity": "MEDIUM"
    },
    {
      "quarter": "2023-09 (Q3)",
      "signal": "OP MARGIN TURNED POSITIVE (YoY)",
      "detail": "Op margin: -3.1% (year-ago) -> +1.1%",
      "severity": "HIGH"
    },
    {
      "quarter": "2023-09 (Q3)",
      "signal": "OP MARGIN TURNED POSITIVE (QoQ)",
      "detail": "Op margin: -3.4% -> +1.1%",
      "severity": "HIGH"
    },
    {
      "quarter": "2023-06 (Q2)",
      "signal": "FCF TURNED POSITIVE",
      "detail": "FCF margin: -10.5% -> +0.2%",
      "severity": "HIGH"
    },
    {
      "quarter": "2022-12 (Q4)",
      "signal": "FCF TURNED POSITIVE",
      "detail": "FCF margin: -5.5% -> +5.6%",
      "severity": "HIGH"
    },
    {
      "quarter": "2022-12 (Q4)",
      "signal": "OPERATING LEVERAGE",
      "detail": "Rev growth +12.6% vs OpEx growth +5.7% (leverage: 2.2x)",
      "severity": "MEDIUM"
    },
    {
      "quarter": "2022-09 (Q3)",
      "signal": "YoY REVENUE GROWTH DECELERATION",
      "detail": "YoY growth: -8.7% vs prior quarter YoY: +1.5% (decel: -10.2%)",
      "severity": "WARNING"
    },
    {
      "quarter": "2022-06 (Q2)",
      "signal": "YoY REVENUE GROWTH DECELERATION",
      "detail": "YoY growth: +1.5% vs prior quarter YoY: +11.5% (decel: -10.0%)",
      "severity": "WARNING"
    },
    {
      "quarter": "2022-03 (Q1)",
      "signal": "YoY REVENUE GROWTH DECELERATION",
      "detail": "YoY growth: +11.5% vs prior quarter YoY: +18.0% (decel: -6.5%)",
      "severity": "WARNING"
    },
    {
      "quarter": "2021-12 (Q4)",
      "signal": "OP MARGIN TURNED POSITIVE (QoQ)",
      "detail": "Op margin: -2.6% -> +3.1%",
      "severity": "HIGH"
    },
    {
      "quarter": "2021-09 (Q3)",
      "signal": "FCF MARGIN EXPANSION",
      "detail": "FCF margin: +7.7% -> +13.2% (+5.5%)",
      "severity": "MEDIUM"
    },
    {
      "quarter": "2021-06 (Q2)",
      "signal": "FCF MARGIN EXPANSION",
      "detail": "FCF margin: +2.3% -> +7.7% (+5.4%)",
      "severity": "MEDIUM"
    }
  ],
  "data_quality": {
    "n_quarters": 20,
    "coverage": {
      "revenue": [
        20,
        20
      ],
      "gross_profit": [
        20,
        20
      ],
      "op_income": [
        20,
        20
      ],
      "fcf": [
        20,
        20
      ]
    },
    "gaps": [],
    "warnings": []
  },
  "market_cap": null,
  "source": "SEC EDGAR",
  "last_updated": "2026-02-02T23:33:18.940441"
}