{
  "ticker": "TEAM",
  "name": "ATLASSIAN CORPORATION",
  "quarters": [
    {
      "date": "2021-09-30T00:00:00",
      "quarter_label": "2021-09 (Q3)",
      "revenue": 614024000,
      "gross_profit": 517768000,
      "operating_income": 56477000,
      "net_income": -411204000,
      "opex": 461291000,
      "cogs": 96256000,
      "rd": 272140000,
      "sga": null,
      "fcf": 58120000,
      "ocf": 65001000,
      "capex": -6881000,
      "gross_margin": 0.8432373978867276,
      "op_margin": 0.09197848944015218,
      "fcf_margin": 0.09465428061443852
    },
    {
      "date": "2021-12-31T00:00:00",
      "quarter_label": "2021-12 (Q4)",
      "revenue": 688526000,
      "gross_profit": 578335000,
      "operating_income": 23042000,
      "net_income": -22328000,
      "opex": 555293000,
      "cogs": 110191000,
      "rd": 318569000,
      "sga": null,
      "fcf": 193874000,
      "ocf": 206455000,
      "capex": -12581000,
      "gross_margin": 0.839961018175058,
      "op_margin": 0.0334656933797707,
      "fcf_margin": 0.28157832819675654,
      "op_leverage_ratio": 0.595415961331533,
      "fcf_margin_change": 0.186924047582318
    },
    {
      "date": "2022-03-31T00:00:00",
      "quarter_label": "2022-03 (Q1)",
      "revenue": 740491000,
      "gross_profit": 624428000,
      "operating_income": 32897000,
      "net_income": 4661000,
      "opex": 591531000,
      "cogs": 116063000,
      "rd": 334161000,
      "sga": null,
      "fcf": 308236000,
      "ocf": 334709000,
      "capex": -26473000,
      "gross_margin": 0.8432621058189769,
      "op_margin": 0.0444259282016932,
      "fcf_margin": 0.4162589417021949,
      "op_leverage_ratio": 1.156507797146286,
      "fcf_margin_change": 0.13468061350543836
    },
    {
      "date": "2022-06-30T00:00:00",
      "quarter_label": "2022-06 (Q2)",
      "revenue": 759841000,
      "gross_profit": 629437000,
      "operating_income": -42333000,
      "net_income": -90639000,
      "opex": 671770000,
      "cogs": 130404000,
      "rd": 367007000,
      "sga": null,
      "fcf": 190231000,
      "ocf": 214879000,
      "capex": -24648000,
      "gross_margin": 0.8283798847390441,
      "op_margin": -0.05571297152957,
      "fcf_margin": 0.250356324546846,
      "op_leverage_ratio": 0.19264297955974571,
      "fcf_margin_change": -0.16590261715534893
    },
    {
      "date": "2022-09-30T00:00:00",
      "quarter_label": "2022-09 (Q3)",
      "revenue": 807392000,
      "gross_profit": 668000000,
      "operating_income": -34027000,
      "net_income": -13741000,
      "opex": 702027000,
      "cogs": 139392000,
      "rd": 399006000,
      "sga": null,
      "fcf": 75946000,
      "ocf": 92442000,
      "capex": -16496000,
      "gross_margin": 0.8273552376045341,
      "op_margin": -0.042144336332289645,
      "fcf_margin": 0.09406335460346399,
      "incr_op_margin_yoy": -0.4680402134789624,
      "rev_growth_yoy": 0.3149192865425456,
      "op_leverage_ratio": 1.3894140003446762,
      "fcf_margin_change": -0.156292969943382
    },
    {
      "date": "2022-12-31T00:00:00",
      "quarter_label": "2022-12 (Q4)",
      "revenue": 872704000,
      "gross_profit": 716759000,
      "operating_income": -99239000,
      "net_income": -205031000,
      "opex": 815998000,
      "cogs": 155945000,
      "rd": 473676000,
      "sga": null,
      "fcf": 146485000,
      "ocf": 150525000,
      "capex": -4040000,
      "gross_margin": 0.8213082557201525,
      "op_margin": -0.11371438655030801,
      "fcf_margin": 0.1678518718832502,
      "incr_op_margin_yoy": -0.6639283736385453,
      "rev_growth_yoy": 0.26749607131756825,
      "rev_growth_yoy_accel": -0.04742321522497733,
      "op_leverage_ratio": 0.4982737378189349,
      "fcf_margin_change": 0.07378851727978622
    },
    {
      "date": "2023-03-31T00:00:00",
      "quarter_label": "2023-03 (Q1)",
      "revenue": 915453000,
      "gross_profit": 746801000,
      "operating_income": -161567000,
      "net_income": -209037000,
      "opex": 908368000,
      "cogs": 168652000,
      "rd": 522344000,
      "sga": null,
      "fcf": 349678000,
      "ocf": 352369000,
      "capex": -2691000,
      "gross_margin": 0.8157720822368816,
      "op_margin": -0.17648857997079043,
      "fcf_margin": 0.38197264086741756,
      "incr_op_margin_yoy": -1.111464203655651,
      "rev_growth_yoy": 0.23627836124949528,
      "rev_growth_yoy_accel": -0.031217710068072974,
      "op_leverage_ratio": 0.43273013894576073,
      "fcf_margin_change": 0.21412076898416735
    },
    {
      "date": "2023-06-30T00:00:00",
      "quarter_label": "2023-06 (Q2)",
      "revenue": 939098000,
      "gross_profit": 769322000,
      "operating_income": -50389000,
      "net_income": -58952000,
      "opex": 819711000,
      "cogs": 169776000,
      "rd": 474855000,
      "sga": null,
      "fcf": 270190000,
      "ocf": 272775000,
      "capex": -2585000,
      "gross_margin": 0.8192137561788013,
      "op_margin": -0.0536568068508292,
      "fcf_margin": 0.2877122515435024,
      "incr_op_margin_yoy": -0.04494106227371874,
      "rev_growth_yoy": 0.23591382934061206,
      "rev_growth_yoy_accel": -0.00036453190888321996,
      "op_leverage_ratio": Infinity,
      "fcf_margin_change": -0.09426038932391517
    },
    {
      "date": "2023-09-30T00:00:00",
      "quarter_label": "2023-09 (Q3)",
      "revenue": 977775000,
      "gross_profit": 799746000,
      "operating_income": -18869000,
      "net_income": -31883000,
      "opex": 818615000,
      "cogs": 178029000,
      "rd": 481738000,
      "sga": null,
      "fcf": 163287000,
      "ocf": 166956000,
      "capex": -3669000,
      "gross_margin": 0.8179243691033213,
      "op_margin": -0.019297895732658332,
      "fcf_margin": 0.16699854260949604,
      "incr_op_margin_yoy": 0.08896427460486081,
      "rev_growth_yoy": 0.21102884348618764,
      "rev_growth_yoy_accel": -0.02488498585442442,
      "op_leverage_ratio": Infinity,
      "fcf_margin_change": -0.12071370893400635
    },
    {
      "date": "2023-12-31T00:00:00",
      "quarter_label": "2023-12 (Q4)",
      "revenue": 1060110000,
      "gross_profit": 865574000,
      "operating_income": -49062000,
      "net_income": -84469000,
      "opex": 914636000,
      "cogs": 194536000,
      "rd": 536779000,
      "sga": null,
      "fcf": 284261000,
      "ocf": 289594000,
      "capex": -5333000,
      "gross_margin": 0.8164945147201705,
      "op_margin": -0.0462801030081784,
      "fcf_margin": 0.26814292856401695,
      "incr_op_margin_yoy": 0.2677448961079154,
      "rev_growth_yoy": 0.21474176811381637,
      "rev_growth_yoy_accel": 0.003712924627628733,
      "op_leverage_ratio": 0.7178918692293391,
      "fcf_margin_change": 0.10114438595452091
    },
    {
      "date": "2024-03-31T00:00:00",
      "quarter_label": "2024-03 (Q1)",
      "revenue": 1189128000,
      "gross_profit": 975703000,
      "operating_income": 17804000,
      "net_income": 12752000,
      "opex": 957899000,
      "cogs": 213425000,
      "rd": 576490000,
      "sga": null,
      "fcf": 554870000,
      "ocf": 565390000,
      "capex": -10520000,
      "gross_margin": 0.820519742197644,
      "op_margin": 0.014972315848251828,
      "fcf_margin": 0.4666192369534651,
      "incr_op_margin_yoy": 0.6554160957339911,
      "rev_growth_yoy": 0.29895035572552603,
      "rev_growth_yoy_accel": 0.08420858761170966,
      "op_leverage_ratio": 2.5729481457614156,
      "fcf_margin_change": 0.19847630838944813
    },
    {
      "date": "2024-06-30T00:00:00",
      "quarter_label": "2024-06 (Q2)",
      "revenue": 1131590000,
      "gross_profit": 914085000,
      "operating_income": -66950000,
      "net_income": -196919000,
      "opex": 981035000,
      "cogs": 217505000,
      "rd": 589104000,
      "sga": null,
      "fcf": 412629000,
      "ocf": 426219000,
      "capex": -13590000,
      "gross_margin": 0.8077881564877738,
      "op_margin": -0.059164538392880814,
      "fcf_margin": 0.36464532206894723,
      "incr_op_margin_yoy": -0.08603474430106187,
      "rev_growth_yoy": 0.20497541257674917,
      "rev_growth_yoy_accel": -0.09397494314877686,
      "fcf_margin_change": -0.10197391488451785
    },
    {
      "date": "2024-09-30T00:00:00",
      "quarter_label": "2024-09 (Q3)",
      "revenue": 1187781000,
      "gross_profit": 970157000,
      "operating_income": -31978000,
      "net_income": -123769000,
      "opex": 1002135000,
      "cogs": 217624000,
      "rd": 603101000,
      "sga": null,
      "fcf": 74341000,
      "ocf": 80492000,
      "capex": -6151000,
      "gross_margin": 0.8167810396024183,
      "op_margin": -0.026922471398347,
      "fcf_margin": 0.0625881370387302,
      "incr_op_margin_yoy": -0.062422026037351315,
      "rev_growth_yoy": 0.2147794738053233,
      "rev_growth_yoy_accel": 0.009804061228574135,
      "op_leverage_ratio": 2.3087648757364394,
      "fcf_margin_change": -0.30205718503021706
    },
    {
      "date": "2024-12-31T00:00:00",
      "quarter_label": "2024-12 (Q4)",
      "revenue": 1286463000,
      "gross_profit": 1063336000,
      "operating_income": -57479000,
      "net_income": -38208000,
      "opex": 1120815000,
      "cogs": 223127000,
      "rd": 680213000,
      "sga": null,
      "fcf": 342569000,
      "ocf": 351905000,
      "capex": -9336000,
      "gross_margin": 0.8265577789644941,
      "op_margin": -0.044679870311077736,
      "fcf_margin": 0.2662874874753491,
      "incr_op_margin_yoy": -0.03718528139675639,
      "rev_growth_yoy": 0.21351840846704587,
      "rev_growth_yoy_accel": -0.0012610653382774395,
      "op_leverage_ratio": 0.7015364835909801,
      "fcf_margin_change": 0.20369935043661888
    },
    {
      "date": "2025-03-31T00:00:00",
      "quarter_label": "2025-03 (Q1)",
      "revenue": 1356716000,
      "gross_profit": 1137041000,
      "operating_income": -12456000,
      "net_income": -70807000,
      "opex": 1149497000,
      "cogs": 219675000,
      "rd": 685320000,
      "sga": null,
      "fcf": 638315000,
      "ocf": 652681000,
      "capex": -14366000,
      "gross_margin": 0.8380832834579971,
      "op_margin": -0.009180992927038525,
      "fcf_margin": 0.47048534844433176,
      "incr_op_margin_yoy": -0.1805618540706972,
      "rev_growth_yoy": 0.14093352439770993,
      "rev_growth_yoy_accel": -0.07258488406933594,
      "op_leverage_ratio": 2.1339885145581463,
      "fcf_margin_change": 0.20419786096898268
    },
    {
      "date": "2025-06-30T00:00:00",
      "quarter_label": "2025-06 (Q2)",
      "revenue": 1384344000,
      "gross_profit": 1149919000,
      "operating_income": -28479000,
      "net_income": -23903000,
      "opex": 1178398000,
      "cogs": 234425000,
      "rd": 700678000,
      "sga": null,
      "fcf": 360318000,
      "ocf": 375315000,
      "capex": -14997000,
      "gross_margin": 0.8306598648890738,
      "op_margin": -0.02057219881763492,
      "fcf_margin": 0.260280681680276,
      "incr_op_margin_yoy": 0.1522072845533602,
      "rev_growth_yoy": 0.22336181832642565,
      "rev_growth_yoy_accel": 0.08242829392871573,
      "op_leverage_ratio": 0.8099448956079639,
      "fcf_margin_change": -0.21020466676405575
    },
    {
      "date": "2025-09-30T00:00:00",
      "quarter_label": "2025-09 (Q3)",
      "revenue": 1432553000,
      "gross_profit": 1174629000,
      "operating_income": -96337000,
      "net_income": -51870000,
      "opex": 1270966000,
      "cogs": 257924000,
      "rd": 755994000,
      "sga": null,
      "fcf": 114603000,
      "ocf": 128715000,
      "capex": -14112000,
      "gross_margin": 0.819955003409996,
      "op_margin": -0.06724847178429001,
      "fcf_margin": 0.07999913441247898,
      "incr_op_margin_yoy": -0.2629344859706176,
      "rev_growth_yoy": 0.2060750256149913,
      "rev_growth_yoy_accel": -0.01728679271143435,
      "op_leverage_ratio": 0.4433178480602013,
      "fcf_margin_change": -0.18028154726779705
    }
  ],
  "signals": [
    {
      "quarter": "2025-06 (Q2)",
      "signal": "YoY REVENUE GROWTH ACCELERATION",
      "detail": "YoY growth: +22.3% vs prior quarter YoY: +14.1% (accel: +8.2%)",
      "severity": "MEDIUM"
    },
    {
      "quarter": "2025-03 (Q1)",
      "signal": "FCF MARGIN EXPANSION",
      "detail": "FCF margin: +26.6% -> +47.0% (+20.4%)",
      "severity": "MEDIUM"
    },
    {
      "quarter": "2025-03 (Q1)",
      "signal": "OPERATING LEVERAGE",
      "detail": "Rev growth +5.5% vs OpEx growth +2.6% (leverage: 2.1x)",
      "severity": "MEDIUM"
    },
    {
      "quarter": "2025-03 (Q1)",
      "signal": "YoY REVENUE GROWTH DECELERATION",
      "detail": "YoY growth: +14.1% vs prior quarter YoY: +21.4% (decel: -7.3%)",
      "severity": "WARNING"
    },
    {
      "quarter": "2024-12 (Q4)",
      "signal": "FCF MARGIN EXPANSION",
      "detail": "FCF margin: +6.3% -> +26.6% (+20.4%)",
      "severity": "MEDIUM"
    },
    {
      "quarter": "2024-09 (Q3)",
      "signal": "OPERATING LEVERAGE",
      "detail": "Rev growth +5.0% vs OpEx growth +2.2% (leverage: 2.3x)",
      "severity": "MEDIUM"
    },
    {
      "quarter": "2024-06 (Q2)",
      "signal": "YoY REVENUE GROWTH DECELERATION",
      "detail": "YoY growth: +20.5% vs prior quarter YoY: +29.9% (decel: -9.4%)",
      "severity": "WARNING"
    },
    {
      "quarter": "2024-03 (Q1)",
      "signal": "FCF MARGIN EXPANSION",
      "detail": "FCF margin: +26.8% -> +46.7% (+19.8%)",
      "severity": "MEDIUM"
    },
    {
      "quarter": "2024-03 (Q1)",
      "signal": "OPERATING LEVERAGE",
      "detail": "Rev growth +12.2% vs OpEx growth +4.7% (leverage: 2.6x)",
      "severity": "MEDIUM"
    },
    {
      "quarter": "2024-03 (Q1)",
      "signal": "YoY REVENUE GROWTH ACCELERATION",
      "detail": "YoY growth: +29.9% vs prior quarter YoY: +21.5% (accel: +8.4%)",
      "severity": "MEDIUM"
    },
    {
      "quarter": "2024-03 (Q1)",
      "signal": "OP MARGIN TURNED POSITIVE (YoY)",
      "detail": "Op margin: -17.6% (year-ago) -> +1.5%",
      "severity": "HIGH"
    },
    {
      "quarter": "2024-03 (Q1)",
      "signal": "OP MARGIN TURNED POSITIVE (QoQ)",
      "detail": "Op margin: -4.6% -> +1.5%",
      "severity": "HIGH"
    },
    {
      "quarter": "2023-12 (Q4)",
      "signal": "FCF MARGIN EXPANSION",
      "detail": "FCF margin: +16.7% -> +26.8% (+10.1%)",
      "severity": "MEDIUM"
    },
    {
      "quarter": "2023-03 (Q1)",
      "signal": "FCF MARGIN EXPANSION",
      "detail": "FCF margin: +16.8% -> +38.2% (+21.4%)",
      "severity": "MEDIUM"
    },
    {
      "quarter": "2022-12 (Q4)",
      "signal": "FCF MARGIN EXPANSION",
      "detail": "FCF margin: +9.4% -> +16.8% (+7.4%)",
      "severity": "MEDIUM"
    },
    {
      "quarter": "2022-03 (Q1)",
      "signal": "FCF MARGIN EXPANSION",
      "detail": "FCF margin: +28.2% -> +41.6% (+13.5%)",
      "severity": "MEDIUM"
    },
    {
      "quarter": "2021-12 (Q4)",
      "signal": "FCF MARGIN EXPANSION",
      "detail": "FCF margin: +9.5% -> +28.2% (+18.7%)",
      "severity": "MEDIUM"
    }
  ],
  "data_quality": {
    "n_quarters": 17,
    "coverage": {
      "revenue": [
        17,
        17
      ],
      "gross_profit": [
        17,
        17
      ],
      "op_income": [
        17,
        17
      ],
      "fcf": [
        17,
        17
      ]
    },
    "gaps": [],
    "warnings": []
  },
  "market_cap": null,
  "source": "SEC EDGAR",
  "last_updated": "2026-02-02T20:06:14.809716"
}