{
  "ticker": "TECH",
  "name": "BIO-TECHNE Corp",
  "quarters": [
    {
      "date": "2020-12-31T00:00:00",
      "quarter_label": "2020-12 (Q4)",
      "revenue": 224253000,
      "gross_profit": 150900000,
      "operating_income": 50995000,
      "net_income": 46274000,
      "opex": 99905000,
      "cogs": 73353000,
      "rd": null,
      "sga": 83116000,
      "fcf": 77824000,
      "ocf": 89269000,
      "capex": -11445000,
      "gross_margin": 0.6729006969806424,
      "op_margin": 0.22739941048726214,
      "fcf_margin": 0.3470366059762857
    },
    {
      "date": "2021-03-31T00:00:00",
      "quarter_label": "2021-03 (Q1)",
      "revenue": 243552000,
      "gross_profit": 168274000,
      "operating_income": 68626000,
      "net_income": 45782000,
      "opex": 99648000,
      "cogs": 75278000,
      "rd": null,
      "sga": 82596000,
      "fcf": 64264000,
      "ocf": 74866000,
      "capex": -10602000,
      "gross_margin": 0.6909161082643542,
      "op_margin": 0.28177144921823677,
      "fcf_margin": 0.26386151622651427,
      "op_leverage_ratio": Infinity,
      "fcf_margin_change": -0.08317508974977145
    },
    {
      "date": "2021-06-30T00:00:00",
      "quarter_label": "2021-06 (Q2)",
      "revenue": 259028000,
      "gross_profit": 175944000,
      "operating_income": 68582000,
      "net_income": 14960000,
      "opex": 107362000,
      "cogs": 83084000,
      "rd": null,
      "sga": 86641000,
      "fcf": 110704000,
      "ocf": 122020000,
      "capex": -11316000,
      "gross_margin": 0.6792470312089812,
      "op_margin": 0.2647667433636518,
      "fcf_margin": 0.4273823679293358,
      "op_leverage_ratio": 0.8208352013738286,
      "fcf_margin_change": 0.16352085170282155
    },
    {
      "date": "2021-09-30T00:00:00",
      "quarter_label": "2021-09 (Q3)",
      "revenue": 257719000,
      "gross_profit": 170997000,
      "operating_income": 63222000,
      "net_income": 69615000,
      "opex": 107775000,
      "cogs": 86722000,
      "rd": null,
      "sga": 86175000,
      "fcf": 42364000,
      "ocf": 48434000,
      "capex": -6070000,
      "gross_margin": 0.6635017208665251,
      "op_margin": 0.24531369437255304,
      "fcf_margin": 0.1643805850558166,
      "fcf_margin_change": -0.2630017828735192
    },
    {
      "date": "2021-12-31T00:00:00",
      "quarter_label": "2021-12 (Q4)",
      "revenue": 269276000,
      "gross_profit": 183691000,
      "operating_income": 62348000,
      "net_income": 80173000,
      "opex": 121343000,
      "cogs": 85585000,
      "rd": null,
      "sga": 100693000,
      "fcf": 90825000,
      "ocf": 100993000,
      "capex": -10168000,
      "gross_margin": 0.6821662532123175,
      "op_margin": 0.23153938709725339,
      "fcf_margin": 0.3372933347197671,
      "incr_op_margin_yoy": 0.2521600071074784,
      "rev_growth_yoy": 0.20076877455374065,
      "op_leverage_ratio": 0.35620570623458403,
      "fcf_margin_change": 0.17291274966395048
    },
    {
      "date": "2022-03-31T00:00:00",
      "quarter_label": "2022-03 (Q1)",
      "revenue": 290376000,
      "gross_profit": 201458000,
      "operating_income": 90447000,
      "net_income": 60739000,
      "opex": 111011000,
      "cogs": 88918000,
      "rd": null,
      "sga": 89269000,
      "fcf": 58028000,
      "ocf": 73128000,
      "capex": -15100000,
      "gross_margin": 0.6937832327740585,
      "op_margin": 0.31148235391354656,
      "fcf_margin": 0.1998374521310301,
      "incr_op_margin_yoy": 0.4660216982743892,
      "rev_growth_yoy": 0.1922546314544738,
      "rev_growth_yoy_accel": -0.008514143099266847,
      "op_leverage_ratio": Infinity,
      "fcf_margin_change": -0.13745588258873698
    },
    {
      "date": "2022-06-30T00:00:00",
      "quarter_label": "2022-06 (Q2)",
      "revenue": 288228000,
      "gross_profit": 200350000,
      "operating_income": 80573000,
      "net_income": 61524000,
      "opex": 119777000,
      "cogs": 87878000,
      "rd": null,
      "sga": 96629000,
      "fcf": 89147000,
      "ocf": 102717000,
      "capex": -13570000,
      "gross_margin": 0.6951094272589755,
      "op_margin": 0.2795460538185048,
      "fcf_margin": 0.309293337219146,
      "incr_op_margin_yoy": 0.41065068493150686,
      "rev_growth_yoy": 0.11272912580879287,
      "rev_growth_yoy_accel": -0.07952550564568094,
      "fcf_margin_change": 0.10945588508811588
    },
    {
      "date": "2022-09-30T00:00:00",
      "quarter_label": "2022-09 (Q3)",
      "revenue": 269655000,
      "gross_profit": 179595000,
      "operating_income": 56317000,
      "net_income": 89555000,
      "opex": 123278000,
      "cogs": 90060000,
      "rd": null,
      "sga": 99375000,
      "fcf": 46525000,
      "ocf": 56081000,
      "capex": -9556000,
      "gross_margin": 0.6660176892696223,
      "op_margin": 0.2088483432534164,
      "fcf_margin": 0.1725352765570822,
      "incr_op_margin_yoy": -0.5785020107238605,
      "rev_growth_yoy": 0.04631400866835585,
      "rev_growth_yoy_accel": -0.06641511714043702,
      "fcf_margin_change": -0.13675806066206378
    },
    {
      "date": "2022-12-31T00:00:00",
      "quarter_label": "2022-12 (Q4)",
      "revenue": 271581000,
      "gross_profit": 183360000,
      "operating_income": 67891000,
      "net_income": 50005000,
      "opex": 115469000,
      "cogs": 88221000,
      "rd": null,
      "sga": 93010000,
      "fcf": 58275000,
      "ocf": 64384000,
      "capex": -6109000,
      "gross_margin": 0.6751576877616623,
      "op_margin": 0.24998435089347193,
      "fcf_margin": 0.21457686657019454,
      "incr_op_margin_yoy": 2.404772234273319,
      "rev_growth_yoy": 0.008559990493025743,
      "rev_growth_yoy_accel": -0.037754018175330105,
      "fcf_margin_change": 0.042041590013112334
    },
    {
      "date": "2023-03-31T00:00:00",
      "quarter_label": "2023-03 (Q1)",
      "revenue": 294146000,
      "gross_profit": 202162000,
      "operating_income": 80211000,
      "net_income": 70218000,
      "opex": 121951000,
      "cogs": 91984000,
      "rd": null,
      "sga": 99238000,
      "fcf": 38787000,
      "ocf": 50535000,
      "capex": -11748000,
      "gross_margin": 0.6872845457697878,
      "op_margin": 0.2726911125767476,
      "fcf_margin": 0.1318630883982784,
      "incr_op_margin_yoy": -2.7151193633952255,
      "rev_growth_yoy": 0.012983166652891424,
      "rev_growth_yoy_accel": 0.004423176159865681,
      "op_leverage_ratio": 1.480104342244788,
      "fcf_margin_change": -0.08271377817191614
    },
    {
      "date": "2023-06-30T00:00:00",
      "quarter_label": "2023-06 (Q2)",
      "revenue": 301320000,
      "gross_profit": 204698000,
      "operating_income": 94525000,
      "net_income": 75484000,
      "opex": 110173000,
      "cogs": 96622000,
      "rd": null,
      "sga": 86754000,
      "fcf": 72562000,
      "ocf": 83393000,
      "capex": -10831000,
      "gross_margin": 0.6793375813089074,
      "op_margin": 0.31370303995752025,
      "fcf_margin": 0.24081375282092127,
      "incr_op_margin_yoy": 1.0656889703635808,
      "rev_growth_yoy": 0.04542237395395312,
      "rev_growth_yoy_accel": 0.032439207301061694,
      "op_leverage_ratio": Infinity,
      "fcf_margin_change": 0.10895066442264287
    },
    {
      "date": "2023-09-30T00:00:00",
      "quarter_label": "2023-09 (Q3)",
      "revenue": 276935000,
      "gross_profit": 185191000,
      "operating_income": 55862000,
      "net_income": 50993000,
      "opex": 129329000,
      "cogs": 91744000,
      "rd": null,
      "sga": 105331000,
      "fcf": 45791000,
      "ocf": 59383000,
      "capex": -13592000,
      "gross_margin": 0.6687164858179717,
      "op_margin": 0.20171520392871972,
      "fcf_margin": 0.16534926968422192,
      "incr_op_margin_yoy": -0.0625,
      "rev_growth_yoy": 0.026997459717045855,
      "rev_growth_yoy_accel": -0.018424914236907265,
      "fcf_margin_change": -0.07546448313669935
    },
    {
      "date": "2023-12-31T00:00:00",
      "quarter_label": "2023-12 (Q4)",
      "revenue": 272598000,
      "gross_profit": 176587000,
      "operating_income": 38004000,
      "net_income": 27465000,
      "opex": 138583000,
      "cogs": 96011000,
      "rd": null,
      "sga": 115667000,
      "fcf": 68252000,
      "ocf": 83116000,
      "capex": -14864000,
      "gross_margin": 0.6477927204161439,
      "op_margin": 0.13941408227499835,
      "fcf_margin": 0.2503760115628141,
      "incr_op_margin_yoy": -29.3874139626352,
      "rev_growth_yoy": 0.0037447391385995337,
      "rev_growth_yoy_accel": -0.02325272057844632,
      "fcf_margin_change": 0.08502674187859216
    },
    {
      "date": "2024-03-31T00:00:00",
      "quarter_label": "2024-03 (Q1)",
      "revenue": 303428000,
      "gross_profit": 204599000,
      "operating_income": 66998000,
      "net_income": 49059000,
      "opex": 137601000,
      "cogs": 98829000,
      "rd": null,
      "sga": 111840000,
      "fcf": 64545000,
      "ocf": 80986000,
      "capex": -16441000,
      "gross_margin": 0.674291759494839,
      "op_margin": 0.22080361733261267,
      "fcf_margin": 0.21271932715504172,
      "incr_op_margin_yoy": -1.4235078646843353,
      "rev_growth_yoy": 0.0315557580249264,
      "rev_growth_yoy_accel": 0.027811018886326862,
      "op_leverage_ratio": Infinity,
      "fcf_margin_change": -0.03765668440777237
    },
    {
      "date": "2024-06-30T00:00:00",
      "quarter_label": "2024-06 (Q2)",
      "revenue": 306099000,
      "gross_profit": 203348000,
      "operating_income": 45823000,
      "net_income": 40588000,
      "opex": 157525000,
      "cogs": 102751000,
      "rd": null,
      "sga": 133536000,
      "fcf": 57516000,
      "ocf": 75496000,
      "capex": -17980000,
      "gross_margin": 0.6643210203234902,
      "op_margin": 0.14969993368158668,
      "fcf_margin": 0.18789999313947447,
      "incr_op_margin_yoy": -10.19083490269931,
      "rev_growth_yoy": 0.015860215053763442,
      "rev_growth_yoy_accel": -0.015695542971162955,
      "fcf_margin_change": -0.02481933401556724
    },
    {
      "date": "2024-09-30T00:00:00",
      "quarter_label": "2024-09 (Q3)",
      "revenue": 289458000,
      "gross_profit": 183017000,
      "operating_income": 39987000,
      "net_income": 33600000,
      "opex": 143030000,
      "cogs": 106441000,
      "rd": null,
      "sga": 119161000,
      "fcf": 54717000,
      "ocf": 63889000,
      "capex": -9172000,
      "gross_margin": 0.6322748032529762,
      "op_margin": 0.13814439400534792,
      "fcf_margin": 0.18903260576663972,
      "incr_op_margin_yoy": -1.2676674918150603,
      "rev_growth_yoy": 0.045219997472331054,
      "rev_growth_yoy_accel": 0.029359782418567612,
      "fcf_margin_change": 0.0011326126271652415
    },
    {
      "date": "2024-12-31T00:00:00",
      "quarter_label": "2024-12 (Q4)",
      "revenue": 297031000,
      "gross_profit": 193886000,
      "operating_income": 47419000,
      "net_income": 34890000,
      "opex": 146467000,
      "cogs": 103145000,
      "rd": null,
      "sga": 121451000,
      "fcf": 77525000,
      "ocf": 84346000,
      "capex": -6821000,
      "gross_margin": 0.6527466830061509,
      "op_margin": 0.15964326955772293,
      "fcf_margin": 0.2609996936346711,
      "incr_op_margin_yoy": 0.3853394998567511,
      "rev_growth_yoy": 0.08963015135841056,
      "rev_growth_yoy_accel": 0.0444101538860795,
      "op_leverage_ratio": 1.0887546084469855,
      "fcf_margin_change": 0.07196708786803141
    },
    {
      "date": "2025-03-31T00:00:00",
      "quarter_label": "2025-03 (Q1)",
      "revenue": 316181000,
      "gross_profit": 214556000,
      "operating_income": 38708000,
      "net_income": 22588000,
      "opex": 175848000,
      "cogs": 101625000,
      "rd": null,
      "sga": 151269000,
      "fcf": 30997000,
      "ocf": 41120000,
      "capex": -10123000,
      "gross_margin": 0.6785859997912588,
      "op_margin": 0.12242354853707212,
      "fcf_margin": 0.09803561883857664,
      "incr_op_margin_yoy": -2.218301576099741,
      "rev_growth_yoy": 0.042029740169002204,
      "rev_growth_yoy_accel": -0.04760041118940835,
      "op_leverage_ratio": 0.3213958125161633,
      "fcf_margin_change": -0.16296407479609448
    },
    {
      "date": "2025-06-30T00:00:00",
      "quarter_label": "2025-06 (Q2)",
      "revenue": 316964000,
      "gross_profit": 198812000,
      "operating_income": -23860000,
      "net_income": -17678000,
      "opex": 222672000,
      "cogs": 118152000,
      "rd": null,
      "sga": 196640000,
      "fcf": 93311000,
      "ocf": 98201000,
      "capex": -4890000,
      "gross_margin": 0.6272384245529461,
      "op_margin": -0.07527668757335218,
      "fcf_margin": 0.29438989916835984,
      "incr_op_margin_yoy": -6.413529682466636,
      "rev_growth_yoy": 0.03549505225433602,
      "rev_growth_yoy_accel": -0.006534687914666187,
      "fcf_margin_change": 0.1963542803297832
    },
    {
      "date": "2025-09-30T00:00:00",
      "quarter_label": "2025-09 (Q3)",
      "revenue": 286555000,
      "gross_profit": 188112000,
      "operating_income": 47658000,
      "net_income": 38185000,
      "opex": 140454000,
      "cogs": 98443000,
      "rd": null,
      "sga": 116213000,
      "fcf": 22222000,
      "ocf": 27585000,
      "capex": -5363000,
      "gross_margin": 0.6564603653748844,
      "op_margin": 0.16631362216677426,
      "fcf_margin": 0.07754881261886898,
      "incr_op_margin_yoy": -2.6424388563554944,
      "rev_growth_yoy": -0.01002908884881399,
      "rev_growth_yoy_accel": -0.045524141103150007,
      "fcf_margin_change": -0.21684108654949086
    }
  ],
  "signals": [
    {
      "quarter": "2025-09 (Q3)",
      "signal": "GROSS MARGIN INFLECTION",
      "detail": "GM: +67.9% -> +62.7% -> +65.6% (reversal +2.9%)",
      "severity": "MEDIUM"
    },
    {
      "quarter": "2025-09 (Q3)",
      "signal": "OP MARGIN TURNED POSITIVE (QoQ)",
      "detail": "Op margin: -7.5% -> +16.6%",
      "severity": "HIGH"
    },
    {
      "quarter": "2025-06 (Q2)",
      "signal": "FCF MARGIN EXPANSION",
      "detail": "FCF margin: +9.8% -> +29.4% (+19.6%)",
      "severity": "MEDIUM"
    },
    {
      "quarter": "2024-12 (Q4)",
      "signal": "FCF MARGIN EXPANSION",
      "detail": "FCF margin: +18.9% -> +26.1% (+7.2%)",
      "severity": "MEDIUM"
    },
    {
      "quarter": "2024-12 (Q4)",
      "signal": "GROSS MARGIN INFLECTION",
      "detail": "GM: +66.4% -> +63.2% -> +65.3% (reversal +2.0%)",
      "severity": "MEDIUM"
    },
    {
      "quarter": "2024-12 (Q4)",
      "signal": "INCREMENTAL MARGIN (YoY)",
      "detail": "YoY Incr OPM: +38.5% vs year-ago OPM: +13.9%",
      "severity": "HIGH"
    },
    {
      "quarter": "2024-03 (Q1)",
      "signal": "GROSS MARGIN INFLECTION",
      "detail": "GM: +66.9% -> +64.8% -> +67.4% (reversal +2.6%)",
      "severity": "MEDIUM"
    },
    {
      "quarter": "2023-12 (Q4)",
      "signal": "FCF MARGIN EXPANSION",
      "detail": "FCF margin: +16.5% -> +25.0% (+8.5%)",
      "severity": "MEDIUM"
    },
    {
      "quarter": "2023-06 (Q2)",
      "signal": "FCF MARGIN EXPANSION",
      "detail": "FCF margin: +13.2% -> +24.1% (+10.9%)",
      "severity": "MEDIUM"
    },
    {
      "quarter": "2023-06 (Q2)",
      "signal": "INCREMENTAL MARGIN (YoY)",
      "detail": "YoY Incr OPM: +106.6% vs year-ago OPM: +28.0%",
      "severity": "HIGH"
    },
    {
      "quarter": "2022-12 (Q4)",
      "signal": "INCREMENTAL MARGIN (YoY)",
      "detail": "YoY Incr OPM: +240.5% vs year-ago OPM: +23.2%",
      "severity": "HIGH"
    },
    {
      "quarter": "2022-09 (Q3)",
      "signal": "YoY REVENUE GROWTH DECELERATION",
      "detail": "YoY growth: +4.6% vs prior quarter YoY: +11.3% (decel: -6.6%)",
      "severity": "WARNING"
    },
    {
      "quarter": "2022-06 (Q2)",
      "signal": "FCF MARGIN EXPANSION",
      "detail": "FCF margin: +20.0% -> +30.9% (+10.9%)",
      "severity": "MEDIUM"
    },
    {
      "quarter": "2022-06 (Q2)",
      "signal": "YoY REVENUE GROWTH DECELERATION",
      "detail": "YoY growth: +11.3% vs prior quarter YoY: +19.2% (decel: -8.0%)",
      "severity": "WARNING"
    },
    {
      "quarter": "2022-06 (Q2)",
      "signal": "INCREMENTAL MARGIN (YoY)",
      "detail": "YoY Incr OPM: +41.1% vs year-ago OPM: +26.5%",
      "severity": "MEDIUM"
    },
    {
      "quarter": "2022-03 (Q1)",
      "signal": "INCREMENTAL MARGIN (YoY)",
      "detail": "YoY Incr OPM: +46.6% vs year-ago OPM: +28.2%",
      "severity": "MEDIUM"
    },
    {
      "quarter": "2021-12 (Q4)",
      "signal": "FCF MARGIN EXPANSION",
      "detail": "FCF margin: +16.4% -> +33.7% (+17.3%)",
      "severity": "MEDIUM"
    },
    {
      "quarter": "2021-06 (Q2)",
      "signal": "FCF MARGIN EXPANSION",
      "detail": "FCF margin: +26.4% -> +42.7% (+16.4%)",
      "severity": "MEDIUM"
    }
  ],
  "data_quality": {
    "n_quarters": 20,
    "coverage": {
      "revenue": [
        20,
        20
      ],
      "gross_profit": [
        20,
        20
      ],
      "op_income": [
        20,
        20
      ],
      "fcf": [
        20,
        20
      ]
    },
    "gaps": [],
    "warnings": []
  },
  "market_cap": null,
  "source": "SEC EDGAR",
  "last_updated": "2026-02-02T20:36:14.108926"
}