{
  "ticker": "TEL",
  "name": "TE CONNECTIVITY\u00a0PLC",
  "quarters": [
    {
      "date": "2021-03-26T00:00:00",
      "quarter_label": "2021-03 (Q1)",
      "revenue": 3738000000,
      "gross_profit": 1210000000,
      "operating_income": 612000000,
      "net_income": 506000000,
      "opex": 598000000,
      "cogs": 2528000000,
      "rd": null,
      "sga": 401000000,
      "fcf": 438000000,
      "ocf": 580000000,
      "capex": -142000000,
      "gross_margin": 0.32370251471375067,
      "op_margin": 0.1637239165329053,
      "fcf_margin": 0.11717495987158909
    },
    {
      "date": "2021-06-25T00:00:00",
      "quarter_label": "2021-06 (Q2)",
      "revenue": 3845000000,
      "gross_profit": 1268000000,
      "operating_income": 714000000,
      "net_income": 580000000,
      "opex": 554000000,
      "cogs": 2577000000,
      "rd": null,
      "sga": 366000000,
      "fcf": 512000000,
      "ocf": 682000000,
      "capex": -170000000,
      "gross_margin": 0.329778933680104,
      "op_margin": 0.1856957087126138,
      "fcf_margin": 0.13315994798439532,
      "op_leverage_ratio": Infinity,
      "fcf_margin_change": 0.015984988112806228
    },
    {
      "date": "2021-09-24T00:00:00",
      "quarter_label": "2021-09 (Q3)",
      "revenue": 3818000000,
      "gross_profit": 1263000000,
      "operating_income": 660000000,
      "net_income": 794000000,
      "opex": 603000000,
      "cogs": 2555000000,
      "rd": null,
      "sga": 384000000,
      "fcf": 538000000,
      "ocf": 774000000,
      "capex": -236000000,
      "gross_margin": 0.3308014667365113,
      "op_margin": 0.17286537454164483,
      "fcf_margin": 0.14091147197485596,
      "fcf_margin_change": 0.00775152399046064
    },
    {
      "date": "2021-12-24T00:00:00",
      "quarter_label": "2021-12 (Q4)",
      "revenue": 3818000000,
      "gross_profit": 1230000000,
      "operating_income": 672000000,
      "net_income": 566000000,
      "opex": 558000000,
      "cogs": 2588000000,
      "rd": null,
      "sga": 363000000,
      "fcf": 360000000,
      "ocf": 532000000,
      "capex": -172000000,
      "gross_margin": 0.322158198009429,
      "op_margin": 0.17600838135149294,
      "fcf_margin": 0.09429020429544265,
      "fcf_margin_change": -0.04662126767941331
    },
    {
      "date": "2022-03-25T00:00:00",
      "quarter_label": "2022-03 (Q1)",
      "revenue": 4007000000,
      "gross_profit": 1337000000,
      "operating_income": 705000000,
      "net_income": 560000000,
      "opex": 632000000,
      "cogs": 2670000000,
      "rd": null,
      "sga": 416000000,
      "fcf": 234000000,
      "ocf": 413000000,
      "capex": -179000000,
      "gross_margin": 0.3336660843523833,
      "op_margin": 0.1759421013226853,
      "fcf_margin": 0.05839780384327427,
      "incr_op_margin_yoy": 0.34572490706319703,
      "rev_growth_yoy": 0.07196361690743713,
      "op_leverage_ratio": 0.37327453173445835,
      "fcf_margin_change": -0.03589240045216838
    },
    {
      "date": "2022-06-24T00:00:00",
      "quarter_label": "2022-06 (Q2)",
      "revenue": 4097000000,
      "gross_profit": 1328000000,
      "operating_income": 719000000,
      "net_income": 594000000,
      "opex": 609000000,
      "cogs": 2769000000,
      "rd": null,
      "sga": 393000000,
      "fcf": 374000000,
      "ocf": 579000000,
      "capex": -205000000,
      "gross_margin": 0.32413961435196487,
      "op_margin": 0.17549426409567975,
      "fcf_margin": 0.0912863070539419,
      "incr_op_margin_yoy": 0.01984126984126984,
      "rev_growth_yoy": 0.06553966189856957,
      "rev_growth_yoy_accel": -0.006423955008867568,
      "op_leverage_ratio": Infinity,
      "fcf_margin_change": 0.032888503210667636
    },
    {
      "date": "2022-09-30T00:00:00",
      "quarter_label": "2022-09 (Q3)",
      "revenue": 4359000000,
      "gross_profit": 1349000000,
      "operating_income": 660000000,
      "net_income": 708000000,
      "opex": 689000000,
      "cogs": 3010000000,
      "rd": null,
      "sga": 412000000,
      "fcf": 732000000,
      "ocf": 944000000,
      "capex": -212000000,
      "gross_margin": 0.3094746501491168,
      "op_margin": 0.15141087405368203,
      "fcf_margin": 0.16792842395044735,
      "incr_op_margin_yoy": 0.0,
      "rev_growth_yoy": 0.14169722367731796,
      "rev_growth_yoy_accel": 0.0761575617787484,
      "op_leverage_ratio": 0.4868135220893336,
      "fcf_margin_change": 0.07664211689650545
    },
    {
      "date": "2022-12-30T00:00:00",
      "quarter_label": "2022-12 (Q4)",
      "revenue": 3841000000,
      "gross_profit": 1187000000,
      "operating_income": 502000000,
      "net_income": 397000000,
      "opex": 685000000,
      "cogs": 2654000000,
      "rd": null,
      "sga": 392000000,
      "fcf": 398000000,
      "ocf": 581000000,
      "capex": -183000000,
      "gross_margin": 0.3090341057016402,
      "op_margin": 0.1306951314761781,
      "fcf_margin": 0.10361884925800573,
      "incr_op_margin_yoy": -7.391304347826087,
      "rev_growth_yoy": 0.006024096385542169,
      "rev_growth_yoy_accel": -0.1356731272917758,
      "fcf_margin_change": -0.06430957469244163
    },
    {
      "date": "2023-03-31T00:00:00",
      "quarter_label": "2023-03 (Q1)",
      "revenue": 4160000000,
      "gross_profit": 1284000000,
      "operating_income": 537000000,
      "net_income": 433000000,
      "opex": 747000000,
      "cogs": 2876000000,
      "rd": null,
      "sga": 435000000,
      "fcf": 445000000,
      "ocf": 634000000,
      "capex": -189000000,
      "gross_margin": 0.30865384615384617,
      "op_margin": 0.12908653846153847,
      "fcf_margin": 0.10697115384615384,
      "incr_op_margin_yoy": -1.0980392156862746,
      "rev_growth_yoy": 0.03818317943598702,
      "rev_growth_yoy_accel": 0.032159083050444855,
      "op_leverage_ratio": 0.917582786740684,
      "fcf_margin_change": 0.003352304588148114
    },
    {
      "date": "2023-06-30T00:00:00",
      "quarter_label": "2023-06 (Q2)",
      "revenue": 3998000000,
      "gross_profit": 1299000000,
      "operating_income": 630000000,
      "net_income": 528000000,
      "opex": 669000000,
      "cogs": 2699000000,
      "rd": null,
      "sga": 431000000,
      "fcf": 613000000,
      "ocf": 779000000,
      "capex": -166000000,
      "gross_margin": 0.32491245622811404,
      "op_margin": 0.15757878939469736,
      "fcf_margin": 0.15332666333166584,
      "incr_op_margin_yoy": 0.898989898989899,
      "rev_growth_yoy": -0.024164022455455212,
      "rev_growth_yoy_accel": -0.06234720189144223,
      "fcf_margin_change": 0.046355509485511995
    },
    {
      "date": "2023-09-29T00:00:00",
      "quarter_label": "2023-09 (Q3)",
      "revenue": 4035000000,
      "gross_profit": 1285000000,
      "operating_income": 635000000,
      "net_income": 552000000,
      "opex": 650000000,
      "cogs": 2750000000,
      "rd": null,
      "sga": 412000000,
      "fcf": 944000000,
      "ocf": 1138000000,
      "capex": -194000000,
      "gross_margin": 0.3184634448574969,
      "op_margin": 0.15737298636926889,
      "fcf_margin": 0.23395291201982651,
      "incr_op_margin_yoy": 0.07716049382716049,
      "rev_growth_yoy": -0.0743289745354439,
      "rev_growth_yoy_accel": -0.050164952079988695,
      "fcf_margin_change": 0.08062624868816068
    },
    {
      "date": "2023-12-29T00:00:00",
      "quarter_label": "2023-12 (Q4)",
      "revenue": 3831000000,
      "gross_profit": 1324000000,
      "operating_income": 698000000,
      "net_income": 1803000000,
      "opex": 626000000,
      "cogs": 2507000000,
      "rd": null,
      "sga": 424000000,
      "fcf": 568000000,
      "ocf": 719000000,
      "capex": -151000000,
      "gross_margin": 0.34560167058209346,
      "op_margin": 0.18219785956669277,
      "fcf_margin": 0.1482641607935265,
      "incr_op_margin_yoy": -19.6,
      "rev_growth_yoy": -0.0026034886748242643,
      "rev_growth_yoy_accel": 0.07172548586061964,
      "fcf_margin_change": -0.08568875122630001
    },
    {
      "date": "2024-03-29T00:00:00",
      "quarter_label": "2024-03 (Q1)",
      "revenue": 3967000000,
      "gross_profit": 1363000000,
      "operating_income": 692000000,
      "net_income": 541000000,
      "opex": 671000000,
      "cogs": 2604000000,
      "rd": null,
      "sga": 444000000,
      "fcf": 543000000,
      "ocf": 710000000,
      "capex": -167000000,
      "gross_margin": 0.3435845727249811,
      "op_margin": 0.17443912276279305,
      "fcf_margin": 0.13687925384421476,
      "incr_op_margin_yoy": -0.8031088082901554,
      "rev_growth_yoy": -0.04639423076923077,
      "rev_growth_yoy_accel": -0.043790742094406504,
      "op_leverage_ratio": 0.4938426288465443,
      "fcf_margin_change": -0.01138490694931174
    },
    {
      "date": "2024-06-28T00:00:00",
      "quarter_label": "2024-06 (Q2)",
      "revenue": 3979000000,
      "gross_profit": 1386000000,
      "operating_income": 755000000,
      "net_income": 573000000,
      "opex": 631000000,
      "cogs": 2593000000,
      "rd": null,
      "sga": 431000000,
      "fcf": 857000000,
      "ocf": 1006000000,
      "capex": -149000000,
      "gross_margin": 0.34832872581050517,
      "op_margin": 0.18974616737873837,
      "fcf_margin": 0.21538074893189244,
      "incr_op_margin_yoy": -6.578947368421052,
      "rev_growth_yoy": -0.004752376188094047,
      "rev_growth_yoy_accel": 0.04164185458113672,
      "fcf_margin_change": 0.07850149508767768
    },
    {
      "date": "2024-09-27T00:00:00",
      "quarter_label": "2024-09 (Q3)",
      "revenue": 4068000000,
      "gross_profit": 1383000000,
      "operating_income": 651000000,
      "net_income": 276000000,
      "opex": 732000000,
      "cogs": 2685000000,
      "rd": null,
      "sga": 433000000,
      "fcf": 829000000,
      "ocf": 1042000000,
      "capex": -213000000,
      "gross_margin": 0.33997050147492625,
      "op_margin": 0.16002949852507375,
      "fcf_margin": 0.20378564405113078,
      "incr_op_margin_yoy": 0.48484848484848486,
      "rev_growth_yoy": 0.008178438661710037,
      "rev_growth_yoy_accel": 0.012930814849804084,
      "op_leverage_ratio": 0.1397410663408638,
      "fcf_margin_change": -0.011595104880761653
    },
    {
      "date": "2024-12-27T00:00:00",
      "quarter_label": "2024-12 (Q4)",
      "revenue": 3836000000,
      "gross_profit": 1360000000,
      "operating_income": 690000000,
      "net_income": 528000000,
      "opex": 670000000,
      "cogs": 2476000000,
      "rd": null,
      "sga": 427000000,
      "fcf": 673000000,
      "ocf": 878000000,
      "capex": -205000000,
      "gross_margin": 0.3545359749739312,
      "op_margin": 0.17987486965589156,
      "fcf_margin": 0.17544316996871742,
      "incr_op_margin_yoy": -1.6,
      "rev_growth_yoy": 0.0013051422605063951,
      "rev_growth_yoy_accel": -0.0068732964012036425,
      "fcf_margin_change": -0.02834247408241336
    },
    {
      "date": "2025-03-28T00:00:00",
      "quarter_label": "2025-03 (Q1)",
      "revenue": 4143000000,
      "gross_profit": 1459000000,
      "operating_income": 748000000,
      "net_income": 13000000,
      "opex": 711000000,
      "cogs": 2684000000,
      "rd": null,
      "sga": 454000000,
      "fcf": 423000000,
      "ocf": 653000000,
      "capex": -230000000,
      "gross_margin": 0.3521602703355057,
      "op_margin": 0.18054549843108858,
      "fcf_margin": 0.10209992758870384,
      "incr_op_margin_yoy": 0.3181818181818182,
      "rev_growth_yoy": 0.044366019662213256,
      "rev_growth_yoy_accel": 0.04306087740170686,
      "op_leverage_ratio": 1.307828276405809,
      "fcf_margin_change": -0.07334324238001358
    },
    {
      "date": "2025-06-27T00:00:00",
      "quarter_label": "2025-06 (Q2)",
      "revenue": 4534000000,
      "gross_profit": 1600000000,
      "operating_income": 857000000,
      "net_income": 638000000,
      "opex": 743000000,
      "cogs": 2934000000,
      "rd": null,
      "sga": 491000000,
      "fcf": 957000000,
      "ocf": 1187000000,
      "capex": -230000000,
      "gross_margin": 0.35288928098808997,
      "op_margin": 0.1890163211292457,
      "fcf_margin": 0.21107190119100133,
      "incr_op_margin_yoy": 0.1837837837837838,
      "rev_growth_yoy": 0.13948228198039708,
      "rev_growth_yoy_accel": 0.09511626231818382,
      "op_leverage_ratio": 2.096917994207096,
      "fcf_margin_change": 0.10897197360229749
    },
    {
      "date": "2025-09-26T00:00:00",
      "quarter_label": "2025-09 (Q3)",
      "revenue": 4749000000,
      "gross_profit": 1660000000,
      "operating_income": 916000000,
      "net_income": 663000000,
      "opex": 744000000,
      "cogs": 3089000000,
      "rd": null,
      "sga": 494000000,
      "fcf": 1150000000,
      "ocf": 1421000000,
      "capex": -271000000,
      "gross_margin": 0.34954727311012845,
      "op_margin": 0.1928827121499263,
      "fcf_margin": 0.2421562434196673,
      "incr_op_margin_yoy": 0.3891336270190896,
      "rev_growth_yoy": 0.16740412979351033,
      "rev_growth_yoy_accel": 0.027921847813113243,
      "op_leverage_ratio": 35.232686369651525,
      "fcf_margin_change": 0.031084342228665962
    },
    {
      "date": "2025-12-26T00:00:00",
      "quarter_label": "2025-12 (Q4)",
      "revenue": 4669000000,
      "gross_profit": 1739000000,
      "operating_income": 963000000,
      "net_income": 750000000,
      "opex": 776000000,
      "cogs": 2930000000,
      "rd": null,
      "sga": 538000000,
      "fcf": 607000000,
      "ocf": 865000000,
      "capex": -258000000,
      "gross_margin": 0.37245662882844294,
      "op_margin": 0.20625401584921824,
      "fcf_margin": 0.1300064253587492,
      "incr_op_margin_yoy": 0.3277310924369748,
      "rev_growth_yoy": 0.21715328467153286,
      "rev_growth_yoy_accel": 0.04974915487802253,
      "fcf_margin_change": -0.11214981806091809
    }
  ],
  "signals": [
    {
      "quarter": "2025-12 (Q4)",
      "signal": "GROSS MARGIN INFLECTION",
      "detail": "GM: +35.3% -> +35.0% -> +37.2% (reversal +2.3%)",
      "severity": "MEDIUM"
    },
    {
      "quarter": "2025-12 (Q4)",
      "signal": "INCREMENTAL MARGIN (YoY)",
      "detail": "YoY Incr OPM: +32.8% vs year-ago OPM: +18.0%",
      "severity": "MEDIUM"
    },
    {
      "quarter": "2025-09 (Q3)",
      "signal": "OPERATING LEVERAGE",
      "detail": "Rev growth +4.7% vs OpEx growth +0.1% (leverage: 35.2x)",
      "severity": "MEDIUM"
    },
    {
      "quarter": "2025-09 (Q3)",
      "signal": "INCREMENTAL MARGIN (YoY)",
      "detail": "YoY Incr OPM: +38.9% vs year-ago OPM: +16.0%",
      "severity": "HIGH"
    },
    {
      "quarter": "2025-06 (Q2)",
      "signal": "FCF MARGIN EXPANSION",
      "detail": "FCF margin: +10.2% -> +21.1% (+10.9%)",
      "severity": "MEDIUM"
    },
    {
      "quarter": "2025-06 (Q2)",
      "signal": "OPERATING LEVERAGE",
      "detail": "Rev growth +9.4% vs OpEx growth +4.5% (leverage: 2.1x)",
      "severity": "MEDIUM"
    },
    {
      "quarter": "2025-06 (Q2)",
      "signal": "YoY REVENUE GROWTH ACCELERATION",
      "detail": "YoY growth: +13.9% vs prior quarter YoY: +4.4% (accel: +9.5%)",
      "severity": "MEDIUM"
    },
    {
      "quarter": "2025-03 (Q1)",
      "signal": "INCREMENTAL MARGIN (YoY)",
      "detail": "YoY Incr OPM: +31.8% vs year-ago OPM: +17.4%",
      "severity": "MEDIUM"
    },
    {
      "quarter": "2024-09 (Q3)",
      "signal": "INCREMENTAL MARGIN (YoY)",
      "detail": "YoY Incr OPM: +48.5% vs year-ago OPM: +15.7%",
      "severity": "HIGH"
    },
    {
      "quarter": "2024-06 (Q2)",
      "signal": "FCF MARGIN EXPANSION",
      "detail": "FCF margin: +13.7% -> +21.5% (+7.9%)",
      "severity": "MEDIUM"
    },
    {
      "quarter": "2023-12 (Q4)",
      "signal": "GROSS MARGIN INFLECTION",
      "detail": "GM: +32.5% -> +31.8% -> +34.6% (reversal +2.7%)",
      "severity": "MEDIUM"
    },
    {
      "quarter": "2023-12 (Q4)",
      "signal": "YoY REVENUE GROWTH ACCELERATION",
      "detail": "YoY growth: -0.3% vs prior quarter YoY: -7.4% (accel: +7.2%)",
      "severity": "MEDIUM"
    },
    {
      "quarter": "2023-09 (Q3)",
      "signal": "FCF MARGIN EXPANSION",
      "detail": "FCF margin: +15.3% -> +23.4% (+8.1%)",
      "severity": "MEDIUM"
    },
    {
      "quarter": "2023-09 (Q3)",
      "signal": "YoY REVENUE GROWTH DECELERATION",
      "detail": "YoY growth: -7.4% vs prior quarter YoY: -2.4% (decel: -5.0%)",
      "severity": "WARNING"
    },
    {
      "quarter": "2023-06 (Q2)",
      "signal": "YoY REVENUE GROWTH DECELERATION",
      "detail": "YoY growth: -2.4% vs prior quarter YoY: +3.8% (decel: -6.2%)",
      "severity": "WARNING"
    },
    {
      "quarter": "2023-06 (Q2)",
      "signal": "INCREMENTAL MARGIN (YoY)",
      "detail": "YoY Incr OPM: +89.9% vs year-ago OPM: +17.5%",
      "severity": "HIGH"
    },
    {
      "quarter": "2022-12 (Q4)",
      "signal": "YoY REVENUE GROWTH DECELERATION",
      "detail": "YoY growth: +0.6% vs prior quarter YoY: +14.2% (decel: -13.6%)",
      "severity": "WARNING"
    },
    {
      "quarter": "2022-09 (Q3)",
      "signal": "FCF MARGIN EXPANSION",
      "detail": "FCF margin: +9.1% -> +16.8% (+7.7%)",
      "severity": "MEDIUM"
    },
    {
      "quarter": "2022-09 (Q3)",
      "signal": "YoY REVENUE GROWTH ACCELERATION",
      "detail": "YoY growth: +14.2% vs prior quarter YoY: +6.6% (accel: +7.6%)",
      "severity": "MEDIUM"
    },
    {
      "quarter": "2022-03 (Q1)",
      "signal": "INCREMENTAL MARGIN (YoY)",
      "detail": "YoY Incr OPM: +34.6% vs year-ago OPM: +16.4%",
      "severity": "MEDIUM"
    }
  ],
  "data_quality": {
    "n_quarters": 20,
    "coverage": {
      "revenue": [
        20,
        20
      ],
      "gross_profit": [
        20,
        20
      ],
      "op_income": [
        20,
        20
      ],
      "fcf": [
        20,
        20
      ]
    },
    "gaps": [],
    "warnings": []
  },
  "market_cap": null,
  "source": "SEC EDGAR",
  "last_updated": "2026-02-02T19:55:36.933877"
}