{
  "ticker": "TELA",
  "name": "TELA Bio, Inc.",
  "quarters": [
    {
      "date": "2020-12-31T00:00:00",
      "quarter_label": "2020-12 (Q4)",
      "revenue": 5667000,
      "gross_profit": 3662000,
      "operating_income": -6747000,
      "net_income": -7790000,
      "opex": 10409000,
      "cogs": 1929000,
      "rd": 1163000,
      "sga": null,
      "fcf": -7142000,
      "ocf": -7104000,
      "capex": -38000,
      "gross_margin": 0.6461972825127934,
      "op_margin": -1.1905770248808893,
      "fcf_margin": -1.2602788071289923
    },
    {
      "date": "2021-03-31T00:00:00",
      "quarter_label": "2021-03 (Q1)",
      "revenue": 5877000,
      "gross_profit": 3465000,
      "operating_income": -7269000,
      "net_income": -8136000,
      "opex": 10734000,
      "cogs": 2336000,
      "rd": 1679000,
      "sga": null,
      "fcf": -8607000,
      "ocf": -8585000,
      "capex": -22000,
      "gross_margin": 0.5895865237366003,
      "op_margin": -1.2368555385400715,
      "fcf_margin": -1.4645227156712608,
      "op_leverage_ratio": 1.186838783238995,
      "fcf_margin_change": -0.20424390854226848
    },
    {
      "date": "2021-06-30T00:00:00",
      "quarter_label": "2021-06 (Q2)",
      "revenue": 7558000,
      "gross_profit": 5087000,
      "operating_income": -7311000,
      "net_income": -8255000,
      "opex": 12398000,
      "cogs": 2395000,
      "rd": 1930000,
      "sga": null,
      "fcf": -5654000,
      "ocf": -5629000,
      "capex": -25000,
      "gross_margin": 0.6730616565228896,
      "op_margin": -0.9673193966657846,
      "fcf_margin": -0.7480815030431331,
      "op_leverage_ratio": 1.8451016266148348,
      "fcf_margin_change": 0.7164412126281277
    },
    {
      "date": "2021-09-30T00:00:00",
      "quarter_label": "2021-09 (Q3)",
      "revenue": 7654000,
      "gross_profit": 4602000,
      "operating_income": -7217000,
      "net_income": -8266000,
      "opex": 11819000,
      "cogs": 2976000,
      "rd": 1409000,
      "sga": null,
      "fcf": -6921000,
      "ocf": -6630000,
      "capex": -291000,
      "gross_margin": 0.6012542461458061,
      "op_margin": -0.9429056702377842,
      "fcf_margin": -0.9042330807420956,
      "op_leverage_ratio": Infinity,
      "fcf_margin_change": -0.15615157769896248
    },
    {
      "date": "2021-12-31T00:00:00",
      "quarter_label": "2021-12 (Q4)",
      "revenue": 8374000,
      "gross_profit": 5659000,
      "operating_income": -7654000,
      "net_income": -8619000,
      "opex": 13313000,
      "cogs": 2639000,
      "rd": 1725000,
      "sga": null,
      "fcf": -9877000,
      "ocf": -9588000,
      "capex": -289000,
      "gross_margin": 0.6757821829472176,
      "op_margin": -0.9140195844279914,
      "fcf_margin": -1.179484117506568,
      "incr_op_margin_yoy": -0.3350572589582564,
      "rev_growth_yoy": 0.4776777836597847,
      "op_leverage_ratio": 0.7441734536788386,
      "fcf_margin_change": -0.2752510367644724
    },
    {
      "date": "2022-03-31T00:00:00",
      "quarter_label": "2022-03 (Q1)",
      "revenue": 8231000,
      "gross_profit": 4999000,
      "operating_income": -9844000,
      "net_income": -10862000,
      "opex": 14843000,
      "cogs": 3156000,
      "rd": 2007000,
      "sga": null,
      "fcf": -10766000,
      "ocf": -10430000,
      "capex": -336000,
      "gross_margin": 0.607338112015551,
      "op_margin": -1.1959664682298627,
      "fcf_margin": -1.3079820191957234,
      "incr_op_margin_yoy": -1.0938827527612573,
      "rev_growth_yoy": 0.4005444954908967,
      "rev_growth_yoy_accel": -0.07713328816888798,
      "fcf_margin_change": -0.12849790168915542
    },
    {
      "date": "2022-06-30T00:00:00",
      "quarter_label": "2022-06 (Q2)",
      "revenue": 10406000,
      "gross_profit": 6550000,
      "operating_income": -10237000,
      "net_income": -12741000,
      "opex": 16787000,
      "cogs": 3318000,
      "rd": 2102000,
      "sga": null,
      "fcf": -11886000,
      "ocf": -11686000,
      "capex": -200000,
      "gross_margin": 0.6294445512204497,
      "op_margin": -0.9837593695944647,
      "fcf_margin": -1.1422256390543917,
      "incr_op_margin_yoy": -1.0273876404494382,
      "rev_growth_yoy": 0.37681926435564966,
      "rev_growth_yoy_accel": -0.02372523113524705,
      "op_leverage_ratio": 2.017586143021489,
      "fcf_margin_change": 0.16575638014133176
    },
    {
      "date": "2022-09-30T00:00:00",
      "quarter_label": "2022-09 (Q3)",
      "revenue": 11159000,
      "gross_profit": 7319000,
      "operating_income": -9487000,
      "net_income": -10714000,
      "opex": 16806000,
      "cogs": 3745000,
      "rd": 2102000,
      "sga": null,
      "fcf": -7939000,
      "ocf": -7649000,
      "capex": -290000,
      "gross_margin": 0.6558831436508648,
      "op_margin": -0.8501657854646474,
      "fcf_margin": -0.7114436777489023,
      "incr_op_margin_yoy": -0.6476462196861626,
      "rev_growth_yoy": 0.4579304938594199,
      "rev_growth_yoy_accel": 0.08111122950377025,
      "op_leverage_ratio": 63.93381854598056,
      "fcf_margin_change": 0.4307819613054894
    },
    {
      "date": "2022-12-31T00:00:00",
      "quarter_label": "2022-12 (Q4)",
      "revenue": 11622000,
      "gross_profit": 8176000,
      "operating_income": -9439000,
      "net_income": -9979000,
      "opex": 17615000,
      "cogs": 3351000,
      "rd": 2726000,
      "sga": null,
      "fcf": -11029000,
      "ocf": -10983000,
      "capex": -46000,
      "gross_margin": 0.7034933746343143,
      "op_margin": -0.8121665806229564,
      "fcf_margin": -0.948976079848563,
      "incr_op_margin_yoy": -0.5495689655172413,
      "rev_growth_yoy": 0.38786720802483876,
      "rev_growth_yoy_accel": -0.07006328583458116,
      "op_leverage_ratio": 0.8619291151798294,
      "fcf_margin_change": -0.23753240209966076
    },
    {
      "date": "2023-03-31T00:00:00",
      "quarter_label": "2023-03 (Q1)",
      "revenue": 11909000,
      "gross_profit": 7898000,
      "operating_income": -11254000,
      "net_income": -12027000,
      "opex": 19152000,
      "cogs": 3916000,
      "rd": 2052000,
      "sga": null,
      "fcf": -11689000,
      "ocf": -11574000,
      "capex": -115000,
      "gross_margin": 0.6631959022587959,
      "op_margin": -0.9449995801494668,
      "fcf_margin": -0.9815265765387522,
      "incr_op_margin_yoy": -0.3833605220228385,
      "rev_growth_yoy": 0.4468472846555704,
      "rev_growth_yoy_accel": 0.058980076630731626,
      "op_leverage_ratio": 0.2830152291209087,
      "fcf_margin_change": -0.03255049669018917
    },
    {
      "date": "2023-06-30T00:00:00",
      "quarter_label": "2023-06 (Q2)",
      "revenue": 14494000,
      "gross_profit": 10201000,
      "operating_income": -10362000,
      "net_income": -10790000,
      "opex": 20563000,
      "cogs": 4198000,
      "rd": 2514000,
      "sga": null,
      "fcf": -11421000,
      "ocf": -11264000,
      "capex": -157000,
      "gross_margin": 0.7038084724713675,
      "op_margin": -0.7149165171795225,
      "fcf_margin": -0.7879812336139091,
      "incr_op_margin_yoy": -0.03057729941291585,
      "rev_growth_yoy": 0.3928502786853738,
      "rev_growth_yoy_accel": -0.05399700597019658,
      "op_leverage_ratio": 2.9462688320519903,
      "fcf_margin_change": 0.19354534292484304
    },
    {
      "date": "2023-09-30T00:00:00",
      "quarter_label": "2023-09 (Q3)",
      "revenue": 15052000,
      "gross_profit": 10389000,
      "operating_income": -10181000,
      "net_income": -10957000,
      "opex": 20570000,
      "cogs": 4568000,
      "rd": 2368000,
      "sga": null,
      "fcf": -7102000,
      "ocf": -6968000,
      "capex": -134000,
      "gross_margin": 0.6902072814243955,
      "op_margin": -0.6763885197980335,
      "fcf_margin": -0.47183098591549294,
      "incr_op_margin_yoy": -0.1782686873876188,
      "rev_growth_yoy": 0.3488663858768707,
      "rev_growth_yoy_accel": -0.04398389280850312,
      "op_leverage_ratio": Infinity,
      "fcf_margin_change": 0.3161502476984162
    },
    {
      "date": "2023-12-31T00:00:00",
      "quarter_label": "2023-12 (Q4)",
      "revenue": 16998000,
      "gross_profit": 11624000,
      "operating_income": -12278000,
      "net_income": -12890000,
      "opex": 23902000,
      "cogs": 5279000,
      "rd": 2685000,
      "sga": null,
      "fcf": -11256000,
      "ocf": -11051000,
      "capex": -205000,
      "gross_margin": 0.6838451582539122,
      "op_margin": -0.7223202729732909,
      "fcf_margin": -0.6621955524179315,
      "incr_op_margin_yoy": -0.5280877976190477,
      "rev_growth_yoy": 0.46257098606091895,
      "rev_growth_yoy_accel": 0.11370460018404827,
      "op_leverage_ratio": 0.798137883907217,
      "fcf_margin_change": -0.19036456650243855
    },
    {
      "date": "2024-03-31T00:00:00",
      "quarter_label": "2024-03 (Q1)",
      "revenue": 16603000,
      "gross_profit": 11336000,
      "operating_income": -4826000,
      "net_income": -5661000,
      "opex": 23742000,
      "cogs": 5172000,
      "rd": 2393000,
      "sga": null,
      "fcf": -14688000,
      "ocf": -14384000,
      "capex": -304000,
      "gross_margin": 0.6827681744263085,
      "op_margin": -0.2906703607781726,
      "fcf_margin": -0.8846593989038125,
      "incr_op_margin_yoy": 1.3694077545803154,
      "rev_growth_yoy": 0.39415568057771433,
      "rev_growth_yoy_accel": -0.06841530548320462,
      "fcf_margin_change": -0.22246384648588102
    },
    {
      "date": "2024-06-30T00:00:00",
      "quarter_label": "2024-06 (Q2)",
      "revenue": 16091000,
      "gross_profit": 11073000,
      "operating_income": -11570000,
      "net_income": -12600000,
      "opex": 22643000,
      "cogs": 4923000,
      "rd": 2323000,
      "sga": null,
      "fcf": -10996000,
      "ocf": -10697000,
      "capex": -299000,
      "gross_margin": 0.6881486545273755,
      "op_margin": -0.7190354856752221,
      "fcf_margin": -0.6833633708284134,
      "incr_op_margin_yoy": -0.7564182842830307,
      "rev_growth_yoy": 0.11018352421691735,
      "rev_growth_yoy_accel": -0.283972156360797,
      "fcf_margin_change": 0.20129602807539915
    },
    {
      "date": "2024-09-30T00:00:00",
      "quarter_label": "2024-09 (Q3)",
      "revenue": 18957000,
      "gross_profit": 12858000,
      "operating_income": -9365000,
      "net_income": -10372000,
      "opex": 22223000,
      "cogs": 6004000,
      "rd": 2068000,
      "sga": null,
      "fcf": -9105000,
      "ocf": -8983000,
      "capex": -122000,
      "gross_margin": 0.6782718784617819,
      "op_margin": -0.49401276573297465,
      "fcf_margin": -0.4802975154296566,
      "incr_op_margin_yoy": 0.20896286811779768,
      "rev_growth_yoy": 0.25943396226415094,
      "rev_growth_yoy_accel": 0.1492504380472336,
      "op_leverage_ratio": Infinity,
      "fcf_margin_change": 0.20306585539875677
    },
    {
      "date": "2024-12-31T00:00:00",
      "quarter_label": "2024-12 (Q4)",
      "revenue": 17649000,
      "gross_profit": 11221000,
      "operating_income": -8354000,
      "net_income": -9208000,
      "opex": 19575000,
      "cogs": 6333000,
      "rd": 2029000,
      "sga": null,
      "fcf": -7795000,
      "ocf": -7531000,
      "capex": -264000,
      "gross_margin": 0.6357867301263528,
      "op_margin": -0.47334126579409597,
      "fcf_margin": -0.44166808317751716,
      "rev_growth_yoy": 0.038298623367454994,
      "rev_growth_yoy_accel": -0.22113533889669595,
      "fcf_margin_change": 0.03862943225213944
    },
    {
      "date": "2025-03-31T00:00:00",
      "quarter_label": "2025-03 (Q1)",
      "revenue": 18520000,
      "gross_profit": 12512000,
      "operating_income": -10472000,
      "net_income": -11264000,
      "opex": 22984000,
      "cogs": 5913000,
      "rd": 2540000,
      "sga": null,
      "fcf": -9757000,
      "ocf": -9725000,
      "capex": -32000,
      "gross_margin": 0.6755939524838013,
      "op_margin": -0.5654427645788337,
      "fcf_margin": -0.5268358531317494,
      "incr_op_margin_yoy": -2.945226917057903,
      "rev_growth_yoy": 0.11546106125399025,
      "rev_growth_yoy_accel": 0.07716243788653526,
      "op_leverage_ratio": 0.2833823656341188,
      "fcf_margin_change": -0.08516776995423225
    },
    {
      "date": "2025-06-30T00:00:00",
      "quarter_label": "2025-06 (Q2)",
      "revenue": 20197000,
      "gross_profit": 14105000,
      "operating_income": -9081000,
      "net_income": -9923000,
      "opex": 23186000,
      "cogs": 5997000,
      "rd": 2203000,
      "sga": null,
      "fcf": -8019000,
      "ocf": -7905000,
      "capex": -114000,
      "gross_margin": 0.6983710452047334,
      "op_margin": -0.44962123087587264,
      "fcf_margin": -0.3970391642323117,
      "incr_op_margin_yoy": 0.6061860691670726,
      "rev_growth_yoy": 0.2551736995836182,
      "rev_growth_yoy_accel": 0.13971263832962794,
      "op_leverage_ratio": 10.3030622500695,
      "fcf_margin_change": 0.12979668889943768
    },
    {
      "date": "2025-09-30T00:00:00",
      "quarter_label": "2025-09 (Q3)",
      "revenue": 20689000,
      "gross_profit": 13969000,
      "operating_income": -7554000,
      "net_income": -8603000,
      "opex": 21523000,
      "cogs": 6625000,
      "rd": 2348000,
      "sga": null,
      "fcf": -5930000,
      "ocf": -5719000,
      "capex": -211000,
      "gross_margin": 0.6751897143409541,
      "op_margin": -0.36512156218280245,
      "fcf_margin": -0.28662574314853306,
      "incr_op_margin_yoy": 1.0456120092378753,
      "rev_growth_yoy": 0.09136466740518015,
      "rev_growth_yoy_accel": -0.16380903217843804,
      "op_leverage_ratio": Infinity,
      "fcf_margin_change": 0.11041342108377866
    }
  ],
  "signals": [
    {
      "quarter": "2025-09 (Q3)",
      "signal": "FCF MARGIN EXPANSION",
      "detail": "FCF margin: -39.7% -> -28.7% (+11.0%)",
      "severity": "MEDIUM"
    },
    {
      "quarter": "2025-09 (Q3)",
      "signal": "YoY REVENUE GROWTH DECELERATION",
      "detail": "YoY growth: +9.1% vs prior quarter YoY: +25.5% (decel: -16.4%)",
      "severity": "WARNING"
    },
    {
      "quarter": "2025-06 (Q2)",
      "signal": "FCF MARGIN EXPANSION",
      "detail": "FCF margin: -52.7% -> -39.7% (+13.0%)",
      "severity": "MEDIUM"
    },
    {
      "quarter": "2025-06 (Q2)",
      "signal": "OPERATING LEVERAGE",
      "detail": "Rev growth +9.1% vs OpEx growth +0.9% (leverage: 10.3x)",
      "severity": "MEDIUM"
    },
    {
      "quarter": "2025-06 (Q2)",
      "signal": "YoY REVENUE GROWTH ACCELERATION",
      "detail": "YoY growth: +25.5% vs prior quarter YoY: +11.5% (accel: +14.0%)",
      "severity": "MEDIUM"
    },
    {
      "quarter": "2025-03 (Q1)",
      "signal": "GROSS MARGIN INFLECTION",
      "detail": "GM: +67.8% -> +63.6% -> +67.6% (reversal +4.0%)",
      "severity": "MEDIUM"
    },
    {
      "quarter": "2025-03 (Q1)",
      "signal": "YoY REVENUE GROWTH ACCELERATION",
      "detail": "YoY growth: +11.5% vs prior quarter YoY: +3.8% (accel: +7.7%)",
      "severity": "MEDIUM"
    },
    {
      "quarter": "2024-12 (Q4)",
      "signal": "YoY REVENUE GROWTH DECELERATION",
      "detail": "YoY growth: +3.8% vs prior quarter YoY: +25.9% (decel: -22.1%)",
      "severity": "WARNING"
    },
    {
      "quarter": "2024-09 (Q3)",
      "signal": "FCF MARGIN EXPANSION",
      "detail": "FCF margin: -68.3% -> -48.0% (+20.3%)",
      "severity": "MEDIUM"
    },
    {
      "quarter": "2024-09 (Q3)",
      "signal": "YoY REVENUE GROWTH ACCELERATION",
      "detail": "YoY growth: +25.9% vs prior quarter YoY: +11.0% (accel: +14.9%)",
      "severity": "MEDIUM"
    },
    {
      "quarter": "2024-06 (Q2)",
      "signal": "FCF MARGIN EXPANSION",
      "detail": "FCF margin: -88.5% -> -68.3% (+20.1%)",
      "severity": "MEDIUM"
    },
    {
      "quarter": "2024-06 (Q2)",
      "signal": "YoY REVENUE GROWTH DECELERATION",
      "detail": "YoY growth: +11.0% vs prior quarter YoY: +39.4% (decel: -28.4%)",
      "severity": "WARNING"
    },
    {
      "quarter": "2024-03 (Q1)",
      "signal": "YoY REVENUE GROWTH DECELERATION",
      "detail": "YoY growth: +39.4% vs prior quarter YoY: +46.3% (decel: -6.8%)",
      "severity": "WARNING"
    },
    {
      "quarter": "2023-12 (Q4)",
      "signal": "YoY REVENUE GROWTH ACCELERATION",
      "detail": "YoY growth: +46.3% vs prior quarter YoY: +34.9% (accel: +11.4%)",
      "severity": "MEDIUM"
    },
    {
      "quarter": "2023-09 (Q3)",
      "signal": "FCF MARGIN EXPANSION",
      "detail": "FCF margin: -78.8% -> -47.2% (+31.6%)",
      "severity": "MEDIUM"
    },
    {
      "quarter": "2023-09 (Q3)",
      "signal": "OPERATING LEVERAGE",
      "detail": "Rev growth +3.8% vs OpEx growth +0.0% (leverage: 113.1x)",
      "severity": "MEDIUM"
    },
    {
      "quarter": "2023-06 (Q2)",
      "signal": "FCF MARGIN EXPANSION",
      "detail": "FCF margin: -98.2% -> -78.8% (+19.4%)",
      "severity": "MEDIUM"
    },
    {
      "quarter": "2023-06 (Q2)",
      "signal": "OPERATING LEVERAGE",
      "detail": "Rev growth +21.7% vs OpEx growth +7.4% (leverage: 2.9x)",
      "severity": "MEDIUM"
    },
    {
      "quarter": "2023-06 (Q2)",
      "signal": "GROSS MARGIN INFLECTION",
      "detail": "GM: +70.3% -> +66.3% -> +70.4% (reversal +4.1%)",
      "severity": "MEDIUM"
    },
    {
      "quarter": "2023-06 (Q2)",
      "signal": "YoY REVENUE GROWTH DECELERATION",
      "detail": "YoY growth: +39.3% vs prior quarter YoY: +44.7% (decel: -5.4%)",
      "severity": "WARNING"
    },
    {
      "quarter": "2023-03 (Q1)",
      "signal": "YoY REVENUE GROWTH ACCELERATION",
      "detail": "YoY growth: +44.7% vs prior quarter YoY: +38.8% (accel: +5.9%)",
      "severity": "MEDIUM"
    },
    {
      "quarter": "2022-12 (Q4)",
      "signal": "YoY REVENUE GROWTH DECELERATION",
      "detail": "YoY growth: +38.8% vs prior quarter YoY: +45.8% (decel: -7.0%)",
      "severity": "WARNING"
    },
    {
      "quarter": "2022-09 (Q3)",
      "signal": "FCF MARGIN EXPANSION",
      "detail": "FCF margin: -114.2% -> -71.1% (+43.1%)",
      "severity": "MEDIUM"
    },
    {
      "quarter": "2022-09 (Q3)",
      "signal": "OPERATING LEVERAGE",
      "detail": "Rev growth +7.2% vs OpEx growth +0.1% (leverage: 63.9x)",
      "severity": "MEDIUM"
    },
    {
      "quarter": "2022-09 (Q3)",
      "signal": "YoY REVENUE GROWTH ACCELERATION",
      "detail": "YoY growth: +45.8% vs prior quarter YoY: +37.7% (accel: +8.1%)",
      "severity": "MEDIUM"
    },
    {
      "quarter": "2022-06 (Q2)",
      "signal": "FCF MARGIN EXPANSION",
      "detail": "FCF margin: -130.8% -> -114.2% (+16.6%)",
      "severity": "MEDIUM"
    },
    {
      "quarter": "2022-06 (Q2)",
      "signal": "OPERATING LEVERAGE",
      "detail": "Rev growth +26.4% vs OpEx growth +13.1% (leverage: 2.0x)",
      "severity": "MEDIUM"
    },
    {
      "quarter": "2022-06 (Q2)",
      "signal": "GROSS MARGIN INFLECTION",
      "detail": "GM: +67.6% -> +60.7% -> +62.9% (reversal +2.2%)",
      "severity": "MEDIUM"
    },
    {
      "quarter": "2022-03 (Q1)",
      "signal": "YoY REVENUE GROWTH DECELERATION",
      "detail": "YoY growth: +40.1% vs prior quarter YoY: +47.8% (decel: -7.7%)",
      "severity": "WARNING"
    },
    {
      "quarter": "2021-12 (Q4)",
      "signal": "GROSS MARGIN INFLECTION",
      "detail": "GM: +67.3% -> +60.1% -> +67.6% (reversal +7.5%)",
      "severity": "HIGH"
    },
    {
      "quarter": "2021-06 (Q2)",
      "signal": "FCF MARGIN EXPANSION",
      "detail": "FCF margin: -146.5% -> -74.8% (+71.6%)",
      "severity": "MEDIUM"
    },
    {
      "quarter": "2021-06 (Q2)",
      "signal": "OPERATING LEVERAGE",
      "detail": "Rev growth +28.6% vs OpEx growth +15.5% (leverage: 1.8x)",
      "severity": "MEDIUM"
    },
    {
      "quarter": "2021-06 (Q2)",
      "signal": "GROSS MARGIN INFLECTION",
      "detail": "GM: +64.6% -> +59.0% -> +67.3% (reversal +8.3%)",
      "severity": "HIGH"
    }
  ],
  "data_quality": {
    "n_quarters": 20,
    "coverage": {
      "revenue": [
        20,
        20
      ],
      "gross_profit": [
        20,
        20
      ],
      "op_income": [
        20,
        20
      ],
      "fcf": [
        20,
        20
      ]
    },
    "gaps": [],
    "warnings": []
  },
  "market_cap": null,
  "source": "SEC EDGAR",
  "last_updated": "2026-02-02T23:42:31.007056"
}