{
  "ticker": "TENB",
  "name": "TENABLE HOLDINGS, INC.",
  "quarters": [
    {
      "date": "2020-12-31T00:00:00",
      "quarter_label": "2020-12 (Q4)",
      "revenue": 118082000,
      "gross_profit": 97765000,
      "operating_income": -731000,
      "net_income": -1936000,
      "opex": 98496000,
      "cogs": 20317000,
      "rd": 24418000,
      "sga": null,
      "fcf": 18125000,
      "ocf": 17934000,
      "capex": 191000,
      "gross_margin": 0.8279415999051507,
      "op_margin": -0.006190613302620213,
      "fcf_margin": 0.15349502887823716
    },
    {
      "date": "2021-03-31T00:00:00",
      "quarter_label": "2021-03 (Q1)",
      "revenue": 123189000,
      "gross_profit": 101116000,
      "operating_income": -5802000,
      "net_income": -7748000,
      "opex": 106918000,
      "cogs": 22073000,
      "rd": 26838000,
      "sga": null,
      "fcf": 37564000,
      "ocf": 38625000,
      "capex": -1061000,
      "gross_margin": 0.8208200407503917,
      "op_margin": -0.04709836105496432,
      "fcf_margin": 0.30492982327967594,
      "op_leverage_ratio": 0.5058077906497371,
      "fcf_margin_change": 0.15143479440143878
    },
    {
      "date": "2021-06-30T00:00:00",
      "quarter_label": "2021-06 (Q2)",
      "revenue": 130259000,
      "gross_profit": 103834000,
      "operating_income": -11881000,
      "net_income": -11638000,
      "opex": 115715000,
      "cogs": 26425000,
      "rd": 28201000,
      "sga": null,
      "fcf": 15001000,
      "ocf": 16535000,
      "capex": -1534000,
      "gross_margin": 0.7971349388525937,
      "op_margin": -0.09121058813594454,
      "fcf_margin": 0.11516286782487199,
      "op_leverage_ratio": 0.6975313289489448,
      "fcf_margin_change": -0.18976695545480393
    },
    {
      "date": "2021-09-30T00:00:00",
      "quarter_label": "2021-09 (Q3)",
      "revenue": 138664000,
      "gross_profit": 111602000,
      "operating_income": -11218000,
      "net_income": -16246000,
      "opex": 122820000,
      "cogs": 27062000,
      "rd": 30675000,
      "sga": null,
      "fcf": 18459000,
      "ocf": 19633000,
      "capex": -1174000,
      "gross_margin": 0.8048375930306352,
      "op_margin": -0.08090059424219696,
      "fcf_margin": 0.13312034846823978,
      "op_leverage_ratio": 1.0508858767542102,
      "fcf_margin_change": 0.017957480643367787
    },
    {
      "date": "2021-12-31T00:00:00",
      "quarter_label": "2021-12 (Q4)",
      "revenue": 149018000,
      "gross_profit": 118182000,
      "operating_income": -12867000,
      "net_income": -11045000,
      "opex": 131049000,
      "cogs": 30836000,
      "rd": 30718000,
      "sga": null,
      "fcf": 21854000,
      "ocf": 21972000,
      "capex": -118000,
      "gross_margin": 0.7930719778818667,
      "op_margin": -0.08634527372532178,
      "fcf_margin": 0.14665342441852663,
      "incr_op_margin_yoy": -0.3922937677786398,
      "rev_growth_yoy": 0.2619874324621873,
      "op_leverage_ratio": 1.1144650857969263,
      "fcf_margin_change": 0.013533075950286855
    },
    {
      "date": "2022-03-31T00:00:00",
      "quarter_label": "2022-03 (Q1)",
      "revenue": 159368000,
      "gross_profit": 124438000,
      "operating_income": -17548000,
      "net_income": -24506000,
      "opex": 141986000,
      "cogs": 34930000,
      "rd": 34290000,
      "sga": null,
      "fcf": 30855000,
      "ocf": 32862000,
      "capex": -2007000,
      "gross_margin": 0.7808217458962904,
      "op_margin": -0.11010993424024898,
      "fcf_margin": 0.19360850358917725,
      "incr_op_margin_yoy": -0.32466347881367646,
      "rev_growth_yoy": 0.2936869363336012,
      "rev_growth_yoy_accel": 0.0316995038714139,
      "op_leverage_ratio": 0.8322180263449208,
      "fcf_margin_change": 0.046955079170650615
    },
    {
      "date": "2022-06-30T00:00:00",
      "quarter_label": "2022-06 (Q2)",
      "revenue": 164341000,
      "gross_profit": 128304000,
      "operating_income": -23220000,
      "net_income": -27499000,
      "opex": 151524000,
      "cogs": 36037000,
      "rd": 36228000,
      "sga": null,
      "fcf": 29289000,
      "ocf": 30518000,
      "capex": -1229000,
      "gross_margin": 0.780718140938658,
      "op_margin": -0.14129158274563255,
      "fcf_margin": 0.17822089435989802,
      "incr_op_margin_yoy": -0.3326976116425092,
      "rev_growth_yoy": 0.2616479475506491,
      "rev_growth_yoy_accel": -0.03203898878295214,
      "op_leverage_ratio": 0.46452120416429127,
      "fcf_margin_change": -0.015387609229279231
    },
    {
      "date": "2022-09-30T00:00:00",
      "quarter_label": "2022-09 (Q3)",
      "revenue": 174851000,
      "gross_profit": 136269000,
      "operating_income": -12958000,
      "net_income": -18730000,
      "opex": 149227000,
      "cogs": 38582000,
      "rd": 36131000,
      "sga": null,
      "fcf": 33957000,
      "ocf": 35853000,
      "capex": -1896000,
      "gross_margin": 0.7793435553700008,
      "op_margin": -0.0741088126461959,
      "fcf_margin": 0.19420535198540473,
      "incr_op_margin_yoy": -0.04808356592146351,
      "rev_growth_yoy": 0.2609689609415566,
      "rev_growth_yoy_accel": -0.0006789866090924912,
      "op_leverage_ratio": Infinity,
      "fcf_margin_change": 0.01598445762550671
    },
    {
      "date": "2022-12-31T00:00:00",
      "quarter_label": "2022-12 (Q4)",
      "revenue": 184631000,
      "gross_profit": 139391000,
      "operating_income": -14089000,
      "net_income": -21487000,
      "opex": 153480000,
      "cogs": 45240000,
      "rd": 36911000,
      "sga": null,
      "fcf": 27691000,
      "ocf": 31918000,
      "capex": -4227000,
      "gross_margin": 0.7549707253928105,
      "op_margin": -0.07630896220028056,
      "fcf_margin": 0.1499802308388082,
      "incr_op_margin_yoy": -0.03431331255440429,
      "rev_growth_yoy": 0.23898455220174744,
      "rev_growth_yoy_accel": -0.02198440873980914,
      "op_leverage_ratio": 1.9625591721604523,
      "fcf_margin_change": -0.04422512114659652
    },
    {
      "date": "2023-03-31T00:00:00",
      "quarter_label": "2023-03 (Q1)",
      "revenue": 188839000,
      "gross_profit": 143333000,
      "operating_income": -19156000,
      "net_income": -25097000,
      "opex": 162489000,
      "cogs": 45506000,
      "rd": 38183000,
      "sga": null,
      "fcf": 38359000,
      "ocf": 38746000,
      "capex": -387000,
      "gross_margin": 0.7590222358728864,
      "op_margin": -0.10144090998151865,
      "fcf_margin": 0.20313070922849624,
      "incr_op_margin_yoy": -0.05456211190662007,
      "rev_growth_yoy": 0.18492420059233974,
      "rev_growth_yoy_accel": -0.0540603516094077,
      "op_leverage_ratio": 0.3882811549996367,
      "fcf_margin_change": 0.05315047838968803
    },
    {
      "date": "2023-06-30T00:00:00",
      "quarter_label": "2023-06 (Q2)",
      "revenue": 195036000,
      "gross_profit": 151522000,
      "operating_income": -10745000,
      "net_income": -15974000,
      "opex": 162267000,
      "cogs": 43514000,
      "rd": 37845000,
      "sga": null,
      "fcf": 29482000,
      "ocf": 30193000,
      "capex": -711000,
      "gross_margin": 0.7768924711335343,
      "op_margin": -0.05509239319920425,
      "fcf_margin": 0.1511618367891056,
      "incr_op_margin_yoy": 0.40641798338491614,
      "rev_growth_yoy": 0.18677627615750178,
      "rev_growth_yoy_accel": 0.0018520755651620369,
      "op_leverage_ratio": Infinity,
      "fcf_margin_change": -0.051968872439390634
    },
    {
      "date": "2023-09-30T00:00:00",
      "quarter_label": "2023-09 (Q3)",
      "revenue": 201529000,
      "gross_profit": 155775000,
      "operating_income": -7913000,
      "net_income": -15565000,
      "opex": 163688000,
      "cogs": 45754000,
      "rd": 37052000,
      "sga": null,
      "fcf": 42210000,
      "ocf": 42411000,
      "capex": -201000,
      "gross_margin": 0.7729656773963053,
      "op_margin": -0.039264820447677505,
      "fcf_margin": 0.20944876419770853,
      "incr_op_margin_yoy": 0.18910712946997527,
      "rev_growth_yoy": 0.15257562152918772,
      "rev_growth_yoy_accel": -0.034200654628314064,
      "op_leverage_ratio": 3.801602902260712,
      "fcf_margin_change": 0.05828692740860292
    },
    {
      "date": "2023-12-31T00:00:00",
      "quarter_label": "2023-12 (Q4)",
      "revenue": 213306000,
      "gross_profit": 164503000,
      "operating_income": -14346000,
      "net_income": -21648000,
      "opex": 178849000,
      "cogs": 48803000,
      "rd": 40083000,
      "sga": null,
      "fcf": 38100000,
      "ocf": 38505000,
      "capex": -405000,
      "gross_margin": 0.7712066233486166,
      "op_margin": -0.06725549210992658,
      "fcf_margin": 0.17861663525639224,
      "incr_op_margin_yoy": -0.008962510897994769,
      "rev_growth_yoy": 0.15530978004777096,
      "rev_growth_yoy_accel": 0.002734158518583246,
      "op_leverage_ratio": 0.6309371791510181,
      "fcf_margin_change": -0.03083212894131629
    },
    {
      "date": "2024-03-31T00:00:00",
      "quarter_label": "2024-03 (Q1)",
      "revenue": 215961000,
      "gross_profit": 167029000,
      "operating_income": -8930000,
      "net_income": -14386000,
      "opex": 175959000,
      "cogs": 48932000,
      "rd": 43727000,
      "sga": null,
      "fcf": 49661000,
      "ocf": 50326000,
      "capex": -665000,
      "gross_margin": 0.7734220530558759,
      "op_margin": -0.041350058575390924,
      "fcf_margin": 0.2299535564291701,
      "incr_op_margin_yoy": 0.37703709165990706,
      "rev_growth_yoy": 0.1436249927186651,
      "rev_growth_yoy_accel": -0.011684787329105856,
      "op_leverage_ratio": Infinity,
      "fcf_margin_change": 0.051336921172777855
    },
    {
      "date": "2024-06-30T00:00:00",
      "quarter_label": "2024-06 (Q2)",
      "revenue": 221241000,
      "gross_profit": 172443000,
      "operating_income": -8818000,
      "net_income": -14572000,
      "opex": 181261000,
      "cogs": 48798000,
      "rd": 45149000,
      "sga": null,
      "fcf": 30898000,
      "ocf": 31424000,
      "capex": -526000,
      "gross_margin": 0.7794350956649084,
      "op_margin": -0.03985698853286687,
      "fcf_margin": 0.1396576583906238,
      "incr_op_margin_yoy": 0.07353558481205877,
      "rev_growth_yoy": 0.1343598104965237,
      "rev_growth_yoy_accel": -0.0092651822221414,
      "op_leverage_ratio": 0.8113913144875685,
      "fcf_margin_change": -0.09029589803854629
    },
    {
      "date": "2024-09-30T00:00:00",
      "quarter_label": "2024-09 (Q3)",
      "revenue": 227088000,
      "gross_profit": 176589000,
      "operating_income": -2083000,
      "net_income": -9211000,
      "opex": 178672000,
      "cogs": 50499000,
      "rd": 48020000,
      "sga": null,
      "fcf": 53874000,
      "ocf": 54607000,
      "capex": -733000,
      "gross_margin": 0.7776236525047558,
      "op_margin": -0.009172655534418376,
      "fcf_margin": 0.23723842739378567,
      "incr_op_margin_yoy": 0.228099690911225,
      "rev_growth_yoy": 0.12682541966664848,
      "rev_growth_yoy_accel": -0.007534390829875226,
      "op_leverage_ratio": Infinity,
      "fcf_margin_change": 0.09758076900316187
    },
    {
      "date": "2024-12-31T00:00:00",
      "quarter_label": "2024-12 (Q4)",
      "revenue": 235731000,
      "gross_profit": 184292000,
      "operating_income": 12975000,
      "net_income": 1868000,
      "opex": 171317000,
      "cogs": 51439000,
      "rd": 44728000,
      "sga": null,
      "fcf": 78796000,
      "ocf": 81119000,
      "capex": -2323000,
      "gross_margin": 0.7817894125083251,
      "op_margin": 0.05504155159906843,
      "fcf_margin": 0.33426235836610374,
      "incr_op_margin_yoy": 1.2183277591973245,
      "rev_growth_yoy": 0.10513065736547496,
      "rev_growth_yoy_accel": -0.021694762301173523,
      "op_leverage_ratio": Infinity,
      "fcf_margin_change": 0.09702393097231807
    },
    {
      "date": "2025-03-31T00:00:00",
      "quarter_label": "2025-03 (Q1)",
      "revenue": 239137000,
      "gross_profit": 186677000,
      "operating_income": -17711000,
      "net_income": -22935000,
      "opex": 204388000,
      "cogs": 52460000,
      "rd": 53223000,
      "sga": null,
      "fcf": 80854000,
      "ocf": 87407000,
      "capex": -6553000,
      "gross_margin": 0.7806278409447305,
      "op_margin": -0.07406214847556003,
      "fcf_margin": 0.3381074446865186,
      "incr_op_margin_yoy": -0.37888332758025545,
      "rev_growth_yoy": 0.10731567273720719,
      "rev_growth_yoy_accel": 0.002185015371732227,
      "op_leverage_ratio": 0.07484815137906106,
      "fcf_margin_change": 0.003845086320414859
    },
    {
      "date": "2025-06-30T00:00:00",
      "quarter_label": "2025-06 (Q2)",
      "revenue": 247295000,
      "gross_profit": 192861000,
      "operating_income": -7448000,
      "net_income": -14706000,
      "opex": 200309000,
      "cogs": 54434000,
      "rd": 59236000,
      "sga": null,
      "fcf": 38115000,
      "ocf": 42463000,
      "capex": -4348000,
      "gross_margin": 0.7798823267757132,
      "op_margin": -0.03011787541195738,
      "fcf_margin": 0.1541276612952142,
      "incr_op_margin_yoy": 0.05258309664542873,
      "rev_growth_yoy": 0.11776298244900357,
      "rev_growth_yoy_accel": 0.010447309711796388,
      "op_leverage_ratio": Infinity,
      "fcf_margin_change": -0.18397978339130439
    },
    {
      "date": "2025-09-30T00:00:00",
      "quarter_label": "2025-09 (Q3)",
      "revenue": 252440000,
      "gross_profit": 195687000,
      "operating_income": 7136000,
      "net_income": 2260000,
      "opex": 188551000,
      "cogs": 56753000,
      "rd": 56265000,
      "sga": null,
      "fcf": 52983000,
      "ocf": 53850000,
      "capex": -867000,
      "gross_margin": 0.7751822215179844,
      "op_margin": 0.028268103311678023,
      "fcf_margin": 0.20988353668198384,
      "incr_op_margin_yoy": 0.36363994951088674,
      "rev_growth_yoy": 0.11163954061861481,
      "rev_growth_yoy_accel": -0.006123441830388765,
      "op_leverage_ratio": Infinity,
      "fcf_margin_change": 0.05575587538676963
    }
  ],
  "signals": [
    {
      "quarter": "2025-09 (Q3)",
      "signal": "FCF MARGIN EXPANSION",
      "detail": "FCF margin: +15.4% -> +21.0% (+5.6%)",
      "severity": "MEDIUM"
    },
    {
      "quarter": "2025-09 (Q3)",
      "signal": "OP MARGIN TURNED POSITIVE (YoY)",
      "detail": "Op margin: -0.9% (year-ago) -> +2.8%",
      "severity": "HIGH"
    },
    {
      "quarter": "2025-09 (Q3)",
      "signal": "OP MARGIN TURNED POSITIVE (QoQ)",
      "detail": "Op margin: -3.0% -> +2.8%",
      "severity": "HIGH"
    },
    {
      "quarter": "2024-12 (Q4)",
      "signal": "FCF MARGIN EXPANSION",
      "detail": "FCF margin: +23.7% -> +33.4% (+9.7%)",
      "severity": "MEDIUM"
    },
    {
      "quarter": "2024-12 (Q4)",
      "signal": "OP MARGIN TURNED POSITIVE (YoY)",
      "detail": "Op margin: -6.7% (year-ago) -> +5.5%",
      "severity": "HIGH"
    },
    {
      "quarter": "2024-12 (Q4)",
      "signal": "OP MARGIN TURNED POSITIVE (QoQ)",
      "detail": "Op margin: -0.9% -> +5.5%",
      "severity": "HIGH"
    },
    {
      "quarter": "2024-09 (Q3)",
      "signal": "FCF MARGIN EXPANSION",
      "detail": "FCF margin: +14.0% -> +23.7% (+9.8%)",
      "severity": "MEDIUM"
    },
    {
      "quarter": "2024-03 (Q1)",
      "signal": "FCF MARGIN EXPANSION",
      "detail": "FCF margin: +17.9% -> +23.0% (+5.1%)",
      "severity": "MEDIUM"
    },
    {
      "quarter": "2023-09 (Q3)",
      "signal": "FCF MARGIN EXPANSION",
      "detail": "FCF margin: +15.1% -> +20.9% (+5.8%)",
      "severity": "MEDIUM"
    },
    {
      "quarter": "2023-09 (Q3)",
      "signal": "OPERATING LEVERAGE",
      "detail": "Rev growth +3.3% vs OpEx growth +0.9% (leverage: 3.8x)",
      "severity": "MEDIUM"
    },
    {
      "quarter": "2023-03 (Q1)",
      "signal": "FCF MARGIN EXPANSION",
      "detail": "FCF margin: +15.0% -> +20.3% (+5.3%)",
      "severity": "MEDIUM"
    },
    {
      "quarter": "2023-03 (Q1)",
      "signal": "YoY REVENUE GROWTH DECELERATION",
      "detail": "YoY growth: +18.5% vs prior quarter YoY: +23.9% (decel: -5.4%)",
      "severity": "WARNING"
    },
    {
      "quarter": "2022-12 (Q4)",
      "signal": "OPERATING LEVERAGE",
      "detail": "Rev growth +5.6% vs OpEx growth +2.9% (leverage: 2.0x)",
      "severity": "MEDIUM"
    },
    {
      "quarter": "2021-03 (Q1)",
      "signal": "FCF MARGIN EXPANSION",
      "detail": "FCF margin: +15.3% -> +30.5% (+15.1%)",
      "severity": "MEDIUM"
    }
  ],
  "data_quality": {
    "n_quarters": 20,
    "coverage": {
      "revenue": [
        20,
        20
      ],
      "gross_profit": [
        20,
        20
      ],
      "op_income": [
        20,
        20
      ],
      "fcf": [
        20,
        20
      ]
    },
    "gaps": [],
    "warnings": []
  },
  "market_cap": null,
  "source": "SEC EDGAR",
  "last_updated": "2026-02-02T21:26:01.964812"
}