{
  "ticker": "TER",
  "name": "TERADYNE, INC.",
  "sector": "Technology",
  "industry": "Semiconductor Equipment & Materials",
  "quarters": [
    {
      "date": "2021-04-04T00:00:00",
      "quarter_label": "2021-04 (Q2)",
      "revenue": 781606000,
      "gross_profit": 461618000,
      "operating_income": 233013000,
      "net_income": 205512000,
      "opex": 228605000,
      "cogs": 319988000,
      "rd": null,
      "sga": 129797000,
      "fcf": -1111000,
      "ocf": 38139000,
      "capex": -39250000,
      "gross_margin": 0.5906019145195918,
      "op_margin": 0.29812079231735683,
      "fcf_margin": -0.0014214322817378577
    },
    {
      "date": "2021-07-04T00:00:00",
      "quarter_label": "2021-07 (Q3)",
      "revenue": 1085728000,
      "gross_profit": 646989000,
      "operating_income": 388872000,
      "net_income": 328319000,
      "opex": 258117000,
      "cogs": 438739000,
      "rd": null,
      "sga": 140187000,
      "fcf": 171577000,
      "ocf": 206284000,
      "capex": -34707000,
      "gross_margin": 0.5959033938518671,
      "op_margin": 0.3581670547319402,
      "fcf_margin": 0.15802945120693213,
      "op_leverage_ratio": 3.0140262891836564,
      "fcf_margin_change": 0.15945088348866998
    },
    {
      "date": "2021-10-03T00:00:00",
      "quarter_label": "2021-10 (Q4)",
      "revenue": 950501000,
      "gross_profit": 571001000,
      "operating_income": 322400000,
      "net_income": 256718000,
      "opex": 248601000,
      "cogs": 379500000,
      "rd": null,
      "sga": 134829000,
      "fcf": 493455000,
      "ocf": 522660000,
      "capex": -29205000,
      "gross_margin": 0.600736874553525,
      "op_margin": 0.33918954319879724,
      "fcf_margin": 0.5191525311388415,
      "fcf_margin_change": 0.3611230799319094
    },
    {
      "date": "2021-12-31T00:00:00",
      "quarter_label": "2021-12 (Q4)",
      "revenue": 885046000,
      "gross_profit": 527048000,
      "operating_income": 256435000,
      "net_income": 224040000,
      "opex": 270613000,
      "cogs": 357998000,
      "rd": null,
      "sga": 142747000,
      "fcf": 301973000,
      "ocf": 331283000,
      "capex": -29310000,
      "gross_margin": 0.5955035105519939,
      "op_margin": 0.2897420021106248,
      "fcf_margin": 0.3411946949650075,
      "fcf_margin_change": -0.17795783617383404
    },
    {
      "date": "2022-04-03T00:00:00",
      "quarter_label": "2022-04 (Q2)",
      "revenue": 755370000,
      "gross_profit": 454933000,
      "operating_income": 185855000,
      "net_income": 161928000,
      "opex": 269078000,
      "cogs": 300437000,
      "rd": null,
      "sga": 140185000,
      "fcf": -36537000,
      "ocf": 7462000,
      "capex": -43999000,
      "gross_margin": 0.6022651151091518,
      "op_margin": 0.24604498457709467,
      "fcf_margin": -0.048369673140315345,
      "incr_op_margin_yoy": 1.7974538801646593,
      "rev_growth_yoy": -0.03356678428773576,
      "fcf_margin_change": -0.3895643681053228
    },
    {
      "date": "2022-07-03T00:00:00",
      "quarter_label": "2022-07 (Q3)",
      "revenue": 840766000,
      "gross_profit": 506389000,
      "operating_income": 247990000,
      "net_income": 197787000,
      "opex": 258399000,
      "cogs": 334377000,
      "rd": null,
      "sga": 139533000,
      "fcf": 69711000,
      "ocf": 115455000,
      "capex": -45744000,
      "gross_margin": 0.6022948121118123,
      "op_margin": 0.2949572175849166,
      "fcf_margin": 0.08291367633800606,
      "incr_op_margin_yoy": 0.5751177733689307,
      "rev_growth_yoy": -0.22562004479943412,
      "rev_growth_yoy_accel": -0.19205326051169835,
      "op_leverage_ratio": null,
      "fcf_margin_change": 0.1312833494783214
    },
    {
      "date": "2022-10-02T00:00:00",
      "quarter_label": "2022-10 (Q4)",
      "revenue": 827073000,
      "gross_profit": 485379000,
      "operating_income": 231507000,
      "net_income": 183485000,
      "opex": 253872000,
      "cogs": 341694000,
      "rd": null,
      "sga": 135632000,
      "fcf": 232675000,
      "ocf": 271604000,
      "capex": -38929000,
      "gross_margin": 0.5868635537612762,
      "op_margin": 0.2799112049359609,
      "fcf_margin": 0.2813234140154497,
      "incr_op_margin_yoy": 0.7364050296529151,
      "rev_growth_yoy": -0.12985572871569837,
      "rev_growth_yoy_accel": 0.09576431608373576,
      "fcf_margin_change": 0.19840973767744363
    },
    {
      "date": "2022-12-31T00:00:00",
      "quarter_label": "2022-12 (Q4)",
      "revenue": 731836000,
      "gross_profit": 420450000,
      "operating_income": 166587000,
      "net_income": 172301000,
      "opex": 253863000,
      "cogs": 311386000,
      "rd": null,
      "sga": 142752000,
      "fcf": 148825000,
      "ocf": 183402000,
      "capex": -34577000,
      "gross_margin": 0.5745139621445242,
      "op_margin": 0.2276288676698058,
      "fcf_margin": 0.20335840270224476,
      "incr_op_margin_yoy": 0.5864369166503492,
      "rev_growth_yoy": -0.17310964627827255,
      "rev_growth_yoy_accel": -0.043253917562574185,
      "fcf_margin_change": -0.07796501131320493
    },
    {
      "date": "2023-04-02T00:00:00",
      "quarter_label": "2023-04 (Q2)",
      "revenue": 617529000,
      "gross_profit": 356420000,
      "operating_income": 92864000,
      "net_income": 83531000,
      "opex": 263556000,
      "cogs": 261109000,
      "rd": null,
      "sga": 150955000,
      "fcf": -22108000,
      "ocf": 19336000,
      "capex": -41444000,
      "gross_margin": 0.5771712745474301,
      "op_margin": 0.15037998215468423,
      "fcf_margin": -0.035800747819130764,
      "incr_op_margin_yoy": 0.6746251115415588,
      "rev_growth_yoy": -0.18248143294014854,
      "rev_growth_yoy_accel": -0.009371786661875992,
      "fcf_margin_change": -0.2391591505213755
    },
    {
      "date": "2023-07-02T00:00:00",
      "quarter_label": "2023-07 (Q3)",
      "revenue": 684437000,
      "gross_profit": 402492000,
      "operating_income": 139908000,
      "net_income": 120050000,
      "opex": 262584000,
      "cogs": 281945000,
      "rd": null,
      "sga": 145695000,
      "fcf": 103510000,
      "ocf": 142768000,
      "capex": -39258000,
      "gross_margin": 0.5880628896450659,
      "op_margin": 0.20441326228710605,
      "fcf_margin": 0.15123378777009425,
      "incr_op_margin_yoy": 0.691375240678313,
      "rev_growth_yoy": -0.1859363960959411,
      "rev_growth_yoy_accel": -0.003454963155792551,
      "op_leverage_ratio": null,
      "fcf_margin_change": 0.187034535589225
    },
    {
      "date": "2023-10-01T00:00:00",
      "quarter_label": "2023-10 (Q4)",
      "revenue": 703732000,
      "gross_profit": 398291000,
      "operating_income": 143972000,
      "net_income": 128116000,
      "opex": 254319000,
      "cogs": 305441000,
      "rd": null,
      "sga": 138330000,
      "fcf": 139743000,
      "ocf": 174347000,
      "capex": -34604000,
      "gross_margin": 0.5659697157440616,
      "op_margin": 0.20458356306093797,
      "fcf_margin": 0.19857417312272285,
      "incr_op_margin_yoy": 0.7096991268110361,
      "rev_growth_yoy": -0.14912952061063534,
      "rev_growth_yoy_accel": 0.03680687548530576,
      "op_leverage_ratio": null,
      "fcf_margin_change": 0.047340385352628606
    },
    {
      "date": "2023-12-31T00:00:00",
      "quarter_label": "2023-12 (Q4)",
      "revenue": 670599000,
      "gross_profit": 379544000,
      "operating_income": 124323000,
      "net_income": 117054000,
      "opex": 255221000,
      "cogs": 291055000,
      "rd": null,
      "sga": 142336000,
      "fcf": 204444000,
      "ocf": 248780000,
      "capex": -44336000,
      "gross_margin": 0.5659775812370731,
      "op_margin": 0.18539097135545982,
      "fcf_margin": 0.30486773764947456,
      "incr_op_margin_yoy": 0.6901709750640952,
      "rev_growth_yoy": -0.08367585087369302,
      "rev_growth_yoy_accel": 0.06545366973694232,
      "fcf_margin_change": 0.1062935645267517
    },
    {
      "date": "2024-03-31T00:00:00",
      "quarter_label": "2024-03 (Q1)",
      "revenue": 599819000,
      "gross_profit": 339282000,
      "operating_income": 77771000,
      "net_income": 64197000,
      "opex": 261511000,
      "cogs": 260537000,
      "rd": null,
      "sga": 149188000,
      "fcf": -36744000,
      "ocf": 7279000,
      "capex": -44023000,
      "gross_margin": 0.565640634924869,
      "op_margin": 0.1296574466630767,
      "fcf_margin": -0.06125847964135848,
      "incr_op_margin_yoy": 0.8522303783173348,
      "rev_growth_yoy": -0.02867881508398796,
      "rev_growth_yoy_accel": 0.05499703578970506,
      "fcf_margin_change": -0.36612621729083306
    },
    {
      "date": "2024-06-30T00:00:00",
      "quarter_label": "2024-06 (Q2)",
      "revenue": 729879000,
      "gross_profit": 425844000,
      "operating_income": 210368000,
      "net_income": 186273000,
      "opex": 215476000,
      "cogs": 304035000,
      "rd": null,
      "sga": 154470000,
      "fcf": 171223000,
      "ocf": 216069000,
      "capex": -44846000,
      "gross_margin": 0.583444653154838,
      "op_margin": 0.2882231164343679,
      "fcf_margin": 0.23459093904606107,
      "incr_op_margin_yoy": 1.5505479512345408,
      "rev_growth_yoy": 0.06639325460195752,
      "rev_growth_yoy_accel": 0.09507206968594548,
      "op_leverage_ratio": null,
      "fcf_margin_change": 0.29584941868741954
    },
    {
      "date": "2024-09-29T00:00:00",
      "quarter_label": "2024-09 (Q3)",
      "revenue": 737298000,
      "gross_profit": 436514000,
      "operating_income": 152065000,
      "net_income": 145649000,
      "opex": 284449000,
      "cogs": 300784000,
      "rd": null,
      "sga": 157649000,
      "fcf": 114430000,
      "ocf": 166271000,
      "capex": -51841000,
      "gross_margin": 0.5920455501032147,
      "op_margin": 0.20624632102623364,
      "fcf_margin": 0.15520183155250658,
      "incr_op_margin_yoy": 0.2411070726330215,
      "rev_growth_yoy": 0.04769713470468872,
      "rev_growth_yoy_accel": -0.018696119897268805,
      "op_leverage_ratio": 0.03175515898872265,
      "fcf_margin_change": -0.07938910749355449
    },
    {
      "date": "2024-12-31T00:00:00",
      "quarter_label": "2024-12 (Q4)",
      "revenue": 752884000,
      "gross_profit": 447288000,
      "operating_income": 153585000,
      "net_income": 146253000,
      "opex": 293703000,
      "cogs": 305596000,
      "rd": null,
      "sga": 155740000,
      "fcf": 225172000,
      "ocf": 282557000,
      "capex": -57385000,
      "gross_margin": 0.5940994894299786,
      "op_margin": 0.20399556903852387,
      "fcf_margin": 0.29907927383235666,
      "incr_op_margin_yoy": 0.35561767029227687,
      "rev_growth_yoy": 0.12270373203658222,
      "rev_growth_yoy_accel": 0.0750065973318935,
      "op_leverage_ratio": 0.6497802879180707,
      "fcf_margin_change": 0.14387744227985008
    },
    {
      "date": "2025-03-30T00:00:00",
      "quarter_label": "2025-03 (Q1)",
      "revenue": 685680000,
      "gross_profit": 415336000,
      "operating_income": 120803000,
      "net_income": 98896000,
      "opex": 294533000,
      "cogs": 270344000,
      "rd": null,
      "sga": 157257000,
      "fcf": 97616000,
      "ocf": 161637000,
      "capex": -64021000,
      "gross_margin": 0.6057286197643216,
      "op_margin": 0.17617985065919964,
      "fcf_margin": 0.14236378485590948,
      "incr_op_margin_yoy": 0.5011821432315021,
      "rev_growth_yoy": 0.1431448486960233,
      "rev_growth_yoy_accel": 0.020441116659441094,
      "fcf_margin_change": -0.1567154889764472
    },
    {
      "date": "2025-06-29T00:00:00",
      "quarter_label": "2025-06 (Q2)",
      "revenue": 651797000,
      "gross_profit": 373012000,
      "operating_income": 90743000,
      "net_income": 78372000,
      "opex": 282269000,
      "cogs": 278785000,
      "rd": null,
      "sga": 157782000,
      "fcf": 131681000,
      "ocf": 182089000,
      "capex": -50408000,
      "gross_margin": 0.5722824744514012,
      "op_margin": 0.13921972638720337,
      "fcf_margin": 0.202027625165504,
      "incr_op_margin_yoy": 1.5320432365974233,
      "rev_growth_yoy": -0.10697937603356172,
      "rev_growth_yoy_accel": -0.25012422472958507,
      "fcf_margin_change": 0.05966384030959451
    },
    {
      "date": "2025-09-28T00:00:00",
      "quarter_label": "2025-09 (Q3)",
      "revenue": 769210000,
      "gross_profit": 449306000,
      "operating_income": 145303000,
      "net_income": 119558000,
      "opex": 304003000,
      "cogs": 319904000,
      "rd": null,
      "sga": 169144000,
      "fcf": 2358000,
      "ocf": 49050000,
      "capex": -46692000,
      "gross_margin": 0.5841135710664188,
      "op_margin": 0.18889900027300738,
      "fcf_margin": 0.003065482768034737,
      "incr_op_margin_yoy": -0.21189521183253948,
      "rev_growth_yoy": 0.0432823634405627,
      "rev_growth_yoy_accel": 0.1502617394741244,
      "op_leverage_ratio": 2.339523163635855,
      "fcf_margin_change": -0.19896214239746926
    },
    {
      "date": "2025-12-31T00:00:00",
      "quarter_label": "2025-12 (Q4)",
      "revenue": 1083337000,
      "gross_profit": 619690000,
      "operating_income": 293201000,
      "net_income": 257220000,
      "opex": 326489000,
      "cogs": 463647000,
      "rd": null,
      "sga": 164692000,
      "fcf": 218751000,
      "ocf": 281639000,
      "capex": -62888000,
      "gross_margin": 0.5720196023951919,
      "op_margin": 0.270646160889917,
      "fcf_margin": 0.20192331656723622,
      "incr_op_margin_yoy": 0.4224988122365359,
      "rev_growth_yoy": 0.43891622082551895,
      "rev_growth_yoy_accel": 0.39563385738495627,
      "op_leverage_ratio": 5.521105019995639,
      "fcf_margin_change": 0.1988578337992015
    }
  ],
  "signals": [
    {
      "quarter": "2025-12 (Q4)",
      "signal": "FCF MARGIN EXPANSION",
      "detail": "FCF margin: +0.3% -> +20.2% (+19.9%)",
      "severity": "MEDIUM"
    },
    {
      "quarter": "2025-12 (Q4)",
      "signal": "OPERATING LEVERAGE",
      "detail": "Rev growth +40.8% vs OpEx growth +7.4% (leverage: 5.5x)",
      "severity": "MEDIUM"
    },
    {
      "quarter": "2025-12 (Q4)",
      "signal": "YoY REVENUE GROWTH ACCELERATION",
      "detail": "YoY growth: +43.9% vs prior quarter YoY: +4.3% (accel: +39.6%)",
      "severity": "HIGH"
    },
    {
      "quarter": "2025-12 (Q4)",
      "signal": "INCREMENTAL MARGIN (YoY)",
      "detail": "YoY Incr OPM: +42.2% vs year-ago OPM: +20.4%",
      "severity": "HIGH"
    },
    {
      "quarter": "2025-09 (Q3)",
      "signal": "OPERATING LEVERAGE",
      "detail": "Rev growth +18.0% vs OpEx growth +7.7% (leverage: 2.3x)",
      "severity": "MEDIUM"
    },
    {
      "quarter": "2025-09 (Q3)",
      "signal": "YoY REVENUE GROWTH ACCELERATION",
      "detail": "YoY growth: +4.3% vs prior quarter YoY: -10.7% (accel: +15.0%)",
      "severity": "HIGH"
    },
    {
      "quarter": "2025-06 (Q2)",
      "signal": "FCF MARGIN EXPANSION",
      "detail": "FCF margin: +14.2% -> +20.2% (+6.0%)",
      "severity": "MEDIUM"
    },
    {
      "quarter": "2025-06 (Q2)",
      "signal": "YoY REVENUE GROWTH DECELERATION",
      "detail": "YoY growth: -10.7% vs prior quarter YoY: +14.3% (decel: -25.0%)",
      "severity": "WARNING"
    },
    {
      "quarter": "2025-06 (Q2)",
      "signal": "INCREMENTAL MARGIN (YoY)",
      "detail": "YoY Incr OPM: +153.2% vs year-ago OPM: +28.8%",
      "severity": "HIGH"
    },
    {
      "quarter": "2025-03 (Q1)",
      "signal": "INCREMENTAL MARGIN (YoY)",
      "detail": "YoY Incr OPM: +50.1% vs year-ago OPM: +13.0%",
      "severity": "HIGH"
    },
    {
      "quarter": "2024-12 (Q4)",
      "signal": "FCF MARGIN EXPANSION",
      "detail": "FCF margin: +15.5% -> +29.9% (+14.4%)",
      "severity": "MEDIUM"
    },
    {
      "quarter": "2024-12 (Q4)",
      "signal": "YoY REVENUE GROWTH ACCELERATION",
      "detail": "YoY growth: +12.3% vs prior quarter YoY: +4.8% (accel: +7.5%)",
      "severity": "MEDIUM"
    },
    {
      "quarter": "2024-12 (Q4)",
      "signal": "INCREMENTAL MARGIN (YoY)",
      "detail": "YoY Incr OPM: +35.6% vs year-ago OPM: +18.5%",
      "severity": "MEDIUM"
    },
    {
      "quarter": "2024-06 (Q2)",
      "signal": "FCF TURNED POSITIVE",
      "detail": "FCF margin: -6.1% -> +23.5%",
      "severity": "HIGH"
    },
    {
      "quarter": "2024-06 (Q2)",
      "signal": "YoY REVENUE GROWTH ACCELERATION",
      "detail": "YoY growth: +6.6% vs prior quarter YoY: -2.9% (accel: +9.5%)",
      "severity": "MEDIUM"
    },
    {
      "quarter": "2024-06 (Q2)",
      "signal": "INCREMENTAL MARGIN (YoY)",
      "detail": "YoY Incr OPM: +155.1% vs year-ago OPM: +20.4%",
      "severity": "HIGH"
    },
    {
      "quarter": "2024-03 (Q1)",
      "signal": "YoY REVENUE GROWTH ACCELERATION",
      "detail": "YoY growth: -2.9% vs prior quarter YoY: -8.4% (accel: +5.5%)",
      "severity": "MEDIUM"
    },
    {
      "quarter": "2024-03 (Q1)",
      "signal": "INCREMENTAL MARGIN (YoY)",
      "detail": "YoY Incr OPM: +85.2% vs year-ago OPM: +15.0%",
      "severity": "HIGH"
    },
    {
      "quarter": "2023-12 (Q4)",
      "signal": "FCF MARGIN EXPANSION",
      "detail": "FCF margin: +19.9% -> +30.5% (+10.6%)",
      "severity": "MEDIUM"
    },
    {
      "quarter": "2023-12 (Q4)",
      "signal": "YoY REVENUE GROWTH ACCELERATION",
      "detail": "YoY growth: -8.4% vs prior quarter YoY: -14.9% (accel: +6.5%)",
      "severity": "MEDIUM"
    },
    {
      "quarter": "2023-12 (Q4)",
      "signal": "INCREMENTAL MARGIN (YoY)",
      "detail": "YoY Incr OPM: +69.0% vs year-ago OPM: +22.8%",
      "severity": "HIGH"
    },
    {
      "quarter": "2023-10 (Q4)",
      "signal": "INCREMENTAL MARGIN (YoY)",
      "detail": "YoY Incr OPM: +71.0% vs year-ago OPM: +28.0%",
      "severity": "HIGH"
    },
    {
      "quarter": "2023-07 (Q3)",
      "signal": "FCF TURNED POSITIVE",
      "detail": "FCF margin: -3.6% -> +15.1%",
      "severity": "HIGH"
    },
    {
      "quarter": "2023-07 (Q3)",
      "signal": "INCREMENTAL MARGIN (YoY)",
      "detail": "YoY Incr OPM: +69.1% vs year-ago OPM: +29.5%",
      "severity": "HIGH"
    },
    {
      "quarter": "2023-04 (Q2)",
      "signal": "INCREMENTAL MARGIN (YoY)",
      "detail": "YoY Incr OPM: +67.5% vs year-ago OPM: +24.6%",
      "severity": "HIGH"
    },
    {
      "quarter": "2022-12 (Q4)",
      "signal": "INCREMENTAL MARGIN (YoY)",
      "detail": "YoY Incr OPM: +58.6% vs year-ago OPM: +29.0%",
      "severity": "HIGH"
    },
    {
      "quarter": "2022-10 (Q4)",
      "signal": "FCF MARGIN EXPANSION",
      "detail": "FCF margin: +8.3% -> +28.1% (+19.8%)",
      "severity": "MEDIUM"
    },
    {
      "quarter": "2022-10 (Q4)",
      "signal": "YoY REVENUE GROWTH ACCELERATION",
      "detail": "YoY growth: -13.0% vs prior quarter YoY: -22.6% (accel: +9.6%)",
      "severity": "MEDIUM"
    },
    {
      "quarter": "2022-10 (Q4)",
      "signal": "INCREMENTAL MARGIN (YoY)",
      "detail": "YoY Incr OPM: +73.6% vs year-ago OPM: +33.9%",
      "severity": "HIGH"
    },
    {
      "quarter": "2022-07 (Q3)",
      "signal": "FCF TURNED POSITIVE",
      "detail": "FCF margin: -4.8% -> +8.3%",
      "severity": "HIGH"
    },
    {
      "quarter": "2022-07 (Q3)",
      "signal": "YoY REVENUE GROWTH DECELERATION",
      "detail": "YoY growth: -22.6% vs prior quarter YoY: -3.4% (decel: -19.2%)",
      "severity": "WARNING"
    },
    {
      "quarter": "2022-07 (Q3)",
      "signal": "INCREMENTAL MARGIN (YoY)",
      "detail": "YoY Incr OPM: +57.5% vs year-ago OPM: +35.8%",
      "severity": "HIGH"
    },
    {
      "quarter": "2022-04 (Q2)",
      "signal": "INCREMENTAL MARGIN (YoY)",
      "detail": "YoY Incr OPM: +179.7% vs year-ago OPM: +29.8%",
      "severity": "HIGH"
    },
    {
      "quarter": "2021-10 (Q4)",
      "signal": "FCF MARGIN EXPANSION",
      "detail": "FCF margin: +15.8% -> +51.9% (+36.1%)",
      "severity": "MEDIUM"
    },
    {
      "quarter": "2021-07 (Q3)",
      "signal": "FCF TURNED POSITIVE",
      "detail": "FCF margin: -0.1% -> +15.8%",
      "severity": "HIGH"
    },
    {
      "quarter": "2021-07 (Q3)",
      "signal": "OPERATING LEVERAGE",
      "detail": "Rev growth +38.9% vs OpEx growth +12.9% (leverage: 3.0x)",
      "severity": "MEDIUM"
    }
  ],
  "data_quality": {
    "n_quarters": 20,
    "coverage": {
      "revenue": [
        20,
        20
      ],
      "gross_profit": [
        20,
        20
      ],
      "op_income": [
        20,
        20
      ],
      "fcf": [
        20,
        20
      ]
    },
    "gaps": [],
    "warnings": []
  },
  "market_cap": null,
  "source": "SEC EDGAR",
  "last_updated": "2026-02-24T10:24:57.564668"
}