{
  "ticker": "TEVA",
  "name": "TEVA PHARMACEUTICAL INDUSTRIES LIMITED",
  "quarters": [
    {
      "date": "2021-03-31T00:00:00",
      "quarter_label": "2021-03 (Q1)",
      "revenue": 3982000000,
      "gross_profit": 1878000000,
      "operating_income": 434000000,
      "net_income": 77000000,
      "opex": 1444000000,
      "cogs": 2104000000,
      "rd": null,
      "sga": null,
      "fcf": -555000000,
      "ocf": -405000000,
      "capex": -150000000,
      "gross_margin": 0.47162230035158215,
      "op_margin": 0.1089904570567554,
      "fcf_margin": -0.1393771973882471
    },
    {
      "date": "2021-06-30T00:00:00",
      "quarter_label": "2021-06 (Q2)",
      "revenue": 3910000000,
      "gross_profit": 1873000000,
      "operating_income": 582000000,
      "net_income": 207000000,
      "opex": 1291000000,
      "cogs": 2037000000,
      "rd": null,
      "sga": null,
      "fcf": 105000000,
      "ocf": 218000000,
      "capex": -113000000,
      "gross_margin": 0.4790281329923274,
      "op_margin": 0.14884910485933503,
      "fcf_margin": 0.026854219948849106,
      "fcf_margin_change": 0.1662314173370962
    },
    {
      "date": "2021-09-30T00:00:00",
      "quarter_label": "2021-09 (Q3)",
      "revenue": 3887000000,
      "gross_profit": 1794000000,
      "operating_income": 623000000,
      "net_income": 292000000,
      "opex": 1171000000,
      "cogs": 2093000000,
      "rd": null,
      "sga": null,
      "fcf": 383000000,
      "ocf": 529000000,
      "capex": -146000000,
      "gross_margin": 0.46153846153846156,
      "op_margin": 0.16027784924105995,
      "fcf_margin": 0.09853357344996141,
      "fcf_margin_change": 0.0716793535011123
    },
    {
      "date": "2021-12-31T00:00:00",
      "quarter_label": "2021-12 (Q4)",
      "revenue": 4100000000,
      "gross_profit": 2050000000,
      "operating_income": 78000000,
      "net_income": -159000000,
      "opex": 1972000000,
      "cogs": 2050000000,
      "rd": null,
      "sga": null,
      "fcf": 303000000,
      "ocf": 456000000,
      "capex": -153000000,
      "gross_margin": 0.5,
      "op_margin": 0.01902439024390244,
      "fcf_margin": 0.07390243902439024,
      "op_leverage_ratio": 0.08011049989930905,
      "fcf_margin_change": -0.024631134425571174
    },
    {
      "date": "2022-03-31T00:00:00",
      "quarter_label": "2022-03 (Q1)",
      "revenue": 3661000000,
      "gross_profit": 1740000000,
      "operating_income": -713000000,
      "net_income": -955000000,
      "opex": 2453000000,
      "cogs": 1921000000,
      "rd": 54000000,
      "sga": null,
      "fcf": -206000000,
      "ocf": -49000000,
      "capex": -157000000,
      "gross_margin": 0.47527997814804696,
      "op_margin": -0.19475553127560777,
      "fcf_margin": -0.056268779022125105,
      "incr_op_margin_yoy": 3.573208722741433,
      "rev_growth_yoy": -0.08061275740833752,
      "fcf_margin_change": -0.13017121804651535
    },
    {
      "date": "2022-06-30T00:00:00",
      "quarter_label": "2022-06 (Q2)",
      "revenue": 3786000000,
      "gross_profit": 1794000000,
      "operating_income": -949000000,
      "net_income": -232000000,
      "opex": 2743000000,
      "cogs": 1992000000,
      "rd": null,
      "sga": null,
      "fcf": -4000000,
      "ocf": 123000000,
      "capex": -127000000,
      "gross_margin": 0.47385103011093505,
      "op_margin": -0.25066032752245115,
      "fcf_margin": -0.0010565240359218173,
      "incr_op_margin_yoy": 12.346774193548388,
      "rev_growth_yoy": -0.031713554987212275,
      "rev_growth_yoy_accel": 0.04889920242112525,
      "op_leverage_ratio": 0.28880840923433393,
      "fcf_margin_change": 0.05521225498620329
    },
    {
      "date": "2022-09-30T00:00:00",
      "quarter_label": "2022-09 (Q3)",
      "revenue": 3595000000,
      "gross_profit": 1669000000,
      "operating_income": 419000000,
      "net_income": 56000000,
      "opex": 1250000000,
      "cogs": 1926000000,
      "rd": null,
      "sga": null,
      "fcf": 421000000,
      "ocf": 543000000,
      "capex": -122000000,
      "gross_margin": 0.4642559109874826,
      "op_margin": 0.11655076495132127,
      "fcf_margin": 0.11710709318497914,
      "incr_op_margin_yoy": 0.6986301369863014,
      "rev_growth_yoy": -0.07512220221250322,
      "rev_growth_yoy_accel": -0.04340864722529095,
      "fcf_margin_change": 0.11816361722090096
    },
    {
      "date": "2022-12-31T00:00:00",
      "quarter_label": "2022-12 (Q4)",
      "revenue": 3884000000,
      "gross_profit": 1770000000,
      "operating_income": -940000000,
      "net_income": -1301000000,
      "opex": 2710000000,
      "cogs": 2113000000,
      "rd": 8000000,
      "sga": null,
      "fcf": 831000000,
      "ocf": 973000000,
      "capex": -142000000,
      "gross_margin": 0.4557157569515963,
      "op_margin": -0.2420185375901133,
      "fcf_margin": 0.2139546858908342,
      "incr_op_margin_yoy": 4.712962962962963,
      "rev_growth_yoy": -0.05268292682926829,
      "rev_growth_yoy_accel": 0.02243927538323493,
      "op_leverage_ratio": 0.06882656657839084,
      "fcf_margin_change": 0.09684759270585505
    },
    {
      "date": "2023-03-31T00:00:00",
      "quarter_label": "2023-03 (Q1)",
      "revenue": 3661000000,
      "gross_profit": 1582000000,
      "operating_income": 2000000,
      "net_income": -205000000,
      "opex": 1580000000,
      "cogs": 2079000000,
      "rd": null,
      "sga": null,
      "fcf": -284000000,
      "ocf": -145000000,
      "capex": -139000000,
      "gross_margin": 0.4321223709369025,
      "op_margin": 0.0005462988254575252,
      "fcf_margin": -0.07757443321496858,
      "rev_growth_yoy": 0.0,
      "rev_growth_yoy_accel": 0.05268292682926829,
      "fcf_margin_change": -0.29152911910580276
    },
    {
      "date": "2023-06-30T00:00:00",
      "quarter_label": "2023-06 (Q2)",
      "revenue": 3878000000,
      "gross_profit": 1796000000,
      "operating_income": -646000000,
      "net_income": -863000000,
      "opex": 2442000000,
      "cogs": 2082000000,
      "rd": null,
      "sga": null,
      "fcf": 205000000,
      "ocf": 324000000,
      "capex": -119000000,
      "gross_margin": 0.4631253223310985,
      "op_margin": -0.1665807117070655,
      "fcf_margin": 0.052862300154718926,
      "incr_op_margin_yoy": 3.2934782608695654,
      "rev_growth_yoy": 0.024300052826201797,
      "rev_growth_yoy_accel": 0.024300052826201797,
      "op_leverage_ratio": 0.1086450204735308,
      "fcf_margin_change": 0.1304367333696875
    },
    {
      "date": "2023-09-30T00:00:00",
      "quarter_label": "2023-09 (Q3)",
      "revenue": 3850000000,
      "gross_profit": 1851000000,
      "operating_income": 355000000,
      "net_income": 80000000,
      "opex": 1496000000,
      "cogs": 1999000000,
      "rd": null,
      "sga": null,
      "fcf": 5000000,
      "ocf": 5000000,
      "capex": null,
      "gross_margin": 0.4807792207792208,
      "op_margin": 0.09220779220779221,
      "fcf_margin": 0.0012987012987012987,
      "incr_op_margin_yoy": -0.25098039215686274,
      "rev_growth_yoy": 0.07093184979137691,
      "rev_growth_yoy_accel": 0.04663179696517512,
      "fcf_margin_change": -0.05156359885601763
    },
    {
      "date": "2023-12-31T00:00:00",
      "quarter_label": "2023-12 (Q4)",
      "revenue": 4457000000,
      "gross_profit": 2415000000,
      "operating_income": 722000000,
      "net_income": 429000000,
      "opex": 1693000000,
      "cogs": 2041000000,
      "rd": null,
      "sga": null,
      "fcf": 1184000000,
      "ocf": 1184000000,
      "capex": null,
      "gross_margin": 0.5418442898810859,
      "op_margin": 0.16199237155037022,
      "fcf_margin": 0.26564954004936053,
      "incr_op_margin_yoy": 2.900523560209424,
      "rev_growth_yoy": 0.14752832131822863,
      "rev_growth_yoy_accel": 0.07659647152685171,
      "op_leverage_ratio": 1.1972733865119654,
      "fcf_margin_change": 0.26435083875065923
    },
    {
      "date": "2024-03-31T00:00:00",
      "quarter_label": "2024-03 (Q1)",
      "revenue": 3819000000,
      "gross_profit": 1771000000,
      "operating_income": -218000000,
      "net_income": -139000000,
      "opex": 1989000000,
      "cogs": 2048000000,
      "rd": null,
      "sga": null,
      "fcf": -124000000,
      "ocf": -124000000,
      "capex": null,
      "gross_margin": 0.4637339617700969,
      "op_margin": -0.057083006022518985,
      "fcf_margin": -0.032469232783451166,
      "incr_op_margin_yoy": -1.3924050632911393,
      "rev_growth_yoy": 0.0431576072111445,
      "rev_growth_yoy_accel": -0.10437071410708412,
      "fcf_margin_change": -0.2981187728328117
    },
    {
      "date": "2024-06-30T00:00:00",
      "quarter_label": "2024-06 (Q2)",
      "revenue": 4164000000,
      "gross_profit": 2024000000,
      "operating_income": -5000000,
      "net_income": -846000000,
      "opex": 2029000000,
      "cogs": 2140000000,
      "rd": null,
      "sga": null,
      "fcf": 103000000,
      "ocf": 103000000,
      "capex": null,
      "gross_margin": 0.4860710854947166,
      "op_margin": -0.0012007684918347744,
      "fcf_margin": 0.02473583093179635,
      "incr_op_margin_yoy": 2.2412587412587412,
      "rev_growth_yoy": 0.073749355337803,
      "rev_growth_yoy_accel": 0.030591748126658498,
      "op_leverage_ratio": 4.4920463472113115,
      "fcf_margin_change": 0.057205063715247514
    },
    {
      "date": "2024-09-30T00:00:00",
      "quarter_label": "2024-09 (Q3)",
      "revenue": 4332000000,
      "gross_profit": 2148000000,
      "operating_income": -51000000,
      "net_income": -437000000,
      "opex": 2199000000,
      "cogs": 2183000000,
      "rd": null,
      "sga": null,
      "fcf": 693000000,
      "ocf": 693000000,
      "capex": null,
      "gross_margin": 0.49584487534626037,
      "op_margin": -0.011772853185595568,
      "fcf_margin": 0.15997229916897507,
      "incr_op_margin_yoy": -0.8423236514522822,
      "rev_growth_yoy": 0.1251948051948052,
      "rev_growth_yoy_accel": 0.051445449857002196,
      "op_leverage_ratio": 0.4815392439396508,
      "fcf_margin_change": 0.13523646823717872
    },
    {
      "date": "2024-12-31T00:00:00",
      "quarter_label": "2024-12 (Q4)",
      "revenue": 4229000000,
      "gross_profit": 2121000000,
      "operating_income": -29000000,
      "net_income": -217000000,
      "opex": 2150000000,
      "cogs": 2109000000,
      "rd": null,
      "sga": null,
      "fcf": 575000000,
      "ocf": 575000000,
      "capex": null,
      "gross_margin": 0.5015370063844881,
      "op_margin": -0.006857413100023646,
      "fcf_margin": 0.13596594939702059,
      "incr_op_margin_yoy": 3.293859649122807,
      "rev_growth_yoy": -0.05115548575274848,
      "rev_growth_yoy_accel": -0.17635029094755367,
      "fcf_margin_change": -0.024006349771954483
    },
    {
      "date": "2025-03-31T00:00:00",
      "quarter_label": "2025-03 (Q1)",
      "revenue": 3891000000,
      "gross_profit": 1877000000,
      "operating_income": 519000000,
      "net_income": 214000000,
      "opex": 1358000000,
      "cogs": 2014000000,
      "rd": null,
      "sga": null,
      "fcf": -105000000,
      "ocf": -105000000,
      "capex": null,
      "gross_margin": 0.4823952711385248,
      "op_margin": 0.13338473400154202,
      "fcf_margin": -0.026985350809560524,
      "incr_op_margin_yoy": 10.23611111111111,
      "rev_growth_yoy": 0.018853102906520033,
      "rev_growth_yoy_accel": 0.07000858865926851,
      "fcf_margin_change": -0.1629513002065811
    },
    {
      "date": "2025-06-30T00:00:00",
      "quarter_label": "2025-06 (Q2)",
      "revenue": 4176000000,
      "gross_profit": 2102000000,
      "operating_income": 455000000,
      "net_income": 282000000,
      "opex": 1647000000,
      "cogs": 2074000000,
      "rd": null,
      "sga": null,
      "fcf": 227000000,
      "ocf": 227000000,
      "capex": null,
      "gross_margin": 0.5033524904214559,
      "op_margin": 0.10895593869731801,
      "fcf_margin": 0.05435823754789272,
      "incr_op_margin_yoy": 38.333333333333336,
      "rev_growth_yoy": 0.002881844380403458,
      "rev_growth_yoy_accel": -0.015971258526116576,
      "op_leverage_ratio": 0.34417994146726677,
      "fcf_margin_change": 0.08134358835745324
    },
    {
      "date": "2025-09-30T00:00:00",
      "quarter_label": "2025-09 (Q3)",
      "revenue": 4480000000,
      "gross_profit": 2304000000,
      "operating_income": 882000000,
      "net_income": 433000000,
      "opex": 1422000000,
      "cogs": 2176000000,
      "rd": null,
      "sga": null,
      "fcf": 369000000,
      "ocf": 369000000,
      "capex": null,
      "gross_margin": 0.5142857142857142,
      "op_margin": 0.196875,
      "fcf_margin": 0.08236607142857143,
      "incr_op_margin_yoy": 6.304054054054054,
      "rev_growth_yoy": 0.034164358264081256,
      "rev_growth_yoy_accel": 0.031282513883677796,
      "op_leverage_ratio": null,
      "fcf_margin_change": 0.028007833880678706
    },
    {
      "date": "2025-12-31T00:00:00",
      "quarter_label": "2025-12 (Q4)",
      "revenue": 1500000000,
      "gross_profit": 2656000000,
      "operating_income": 300000000,
      "net_income": 480000000,
      "opex": 2356000000,
      "cogs": 2056000000,
      "rd": null,
      "sga": null,
      "fcf": 1158000000,
      "ocf": 1158000000,
      "capex": null,
      "gross_margin": 1.7706666666666666,
      "op_margin": 0.2,
      "fcf_margin": 0.772,
      "incr_op_margin_yoy": -0.12055698057896666,
      "rev_growth_yoy": -0.6453062189642942,
      "rev_growth_yoy_accel": -0.6794705772283754,
      "fcf_margin_change": 0.6896339285714286
    }
  ],
  "signals": [
    {
      "quarter": "2025-12 (Q4)",
      "signal": "FCF MARGIN EXPANSION",
      "detail": "FCF margin: +8.2% -> +77.2% (+69.0%)",
      "severity": "MEDIUM"
    },
    {
      "quarter": "2025-12 (Q4)",
      "signal": "YoY REVENUE GROWTH DECELERATION",
      "detail": "YoY growth: -64.5% vs prior quarter YoY: +3.4% (decel: -67.9%)",
      "severity": "WARNING"
    },
    {
      "quarter": "2025-12 (Q4)",
      "signal": "OP MARGIN TURNED POSITIVE (YoY)",
      "detail": "Op margin: -0.7% (year-ago) -> +20.0%",
      "severity": "HIGH"
    },
    {
      "quarter": "2025-09 (Q3)",
      "signal": "OP MARGIN TURNED POSITIVE (YoY)",
      "detail": "Op margin: -1.2% (year-ago) -> +19.7%",
      "severity": "HIGH"
    },
    {
      "quarter": "2025-06 (Q2)",
      "signal": "FCF TURNED POSITIVE",
      "detail": "FCF margin: -2.7% -> +5.4%",
      "severity": "HIGH"
    },
    {
      "quarter": "2025-06 (Q2)",
      "signal": "GROSS MARGIN INFLECTION",
      "detail": "GM: +50.2% -> +48.2% -> +50.3% (reversal +2.1%)",
      "severity": "MEDIUM"
    },
    {
      "quarter": "2025-06 (Q2)",
      "signal": "OP MARGIN TURNED POSITIVE (YoY)",
      "detail": "Op margin: -0.1% (year-ago) -> +10.9%",
      "severity": "HIGH"
    },
    {
      "quarter": "2025-03 (Q1)",
      "signal": "YoY REVENUE GROWTH ACCELERATION",
      "detail": "YoY growth: +1.9% vs prior quarter YoY: -5.1% (accel: +7.0%)",
      "severity": "MEDIUM"
    },
    {
      "quarter": "2025-03 (Q1)",
      "signal": "OP MARGIN TURNED POSITIVE (YoY)",
      "detail": "Op margin: -5.7% (year-ago) -> +13.3%",
      "severity": "HIGH"
    },
    {
      "quarter": "2025-03 (Q1)",
      "signal": "OP MARGIN TURNED POSITIVE (QoQ)",
      "detail": "Op margin: -0.7% -> +13.3%",
      "severity": "HIGH"
    },
    {
      "quarter": "2024-12 (Q4)",
      "signal": "YoY REVENUE GROWTH DECELERATION",
      "detail": "YoY growth: -5.1% vs prior quarter YoY: +12.5% (decel: -17.6%)",
      "severity": "WARNING"
    },
    {
      "quarter": "2024-09 (Q3)",
      "signal": "FCF MARGIN EXPANSION",
      "detail": "FCF margin: +2.5% -> +16.0% (+13.5%)",
      "severity": "MEDIUM"
    },
    {
      "quarter": "2024-09 (Q3)",
      "signal": "YoY REVENUE GROWTH ACCELERATION",
      "detail": "YoY growth: +12.5% vs prior quarter YoY: +7.4% (accel: +5.1%)",
      "severity": "MEDIUM"
    },
    {
      "quarter": "2024-06 (Q2)",
      "signal": "FCF TURNED POSITIVE",
      "detail": "FCF margin: -3.2% -> +2.5%",
      "severity": "HIGH"
    },
    {
      "quarter": "2024-06 (Q2)",
      "signal": "OPERATING LEVERAGE",
      "detail": "Rev growth +9.0% vs OpEx growth +2.0% (leverage: 4.5x)",
      "severity": "MEDIUM"
    },
    {
      "quarter": "2024-06 (Q2)",
      "signal": "GROSS MARGIN INFLECTION",
      "detail": "GM: +54.2% -> +46.4% -> +48.6% (reversal +2.2%)",
      "severity": "MEDIUM"
    },
    {
      "quarter": "2024-03 (Q1)",
      "signal": "YoY REVENUE GROWTH DECELERATION",
      "detail": "YoY growth: +4.3% vs prior quarter YoY: +14.8% (decel: -10.4%)",
      "severity": "WARNING"
    },
    {
      "quarter": "2023-12 (Q4)",
      "signal": "FCF MARGIN EXPANSION",
      "detail": "FCF margin: +0.1% -> +26.6% (+26.4%)",
      "severity": "MEDIUM"
    },
    {
      "quarter": "2023-12 (Q4)",
      "signal": "YoY REVENUE GROWTH ACCELERATION",
      "detail": "YoY growth: +14.8% vs prior quarter YoY: +7.1% (accel: +7.7%)",
      "severity": "MEDIUM"
    },
    {
      "quarter": "2023-12 (Q4)",
      "signal": "OP MARGIN TURNED POSITIVE (YoY)",
      "detail": "Op margin: -24.2% (year-ago) -> +16.2%",
      "severity": "HIGH"
    },
    {
      "quarter": "2023-09 (Q3)",
      "signal": "OP MARGIN TURNED POSITIVE (QoQ)",
      "detail": "Op margin: -16.7% -> +9.2%",
      "severity": "HIGH"
    },
    {
      "quarter": "2023-06 (Q2)",
      "signal": "FCF TURNED POSITIVE",
      "detail": "FCF margin: -7.8% -> +5.3%",
      "severity": "HIGH"
    },
    {
      "quarter": "2023-06 (Q2)",
      "signal": "GROSS MARGIN INFLECTION",
      "detail": "GM: +45.6% -> +43.2% -> +46.3% (reversal +3.1%)",
      "severity": "MEDIUM"
    },
    {
      "quarter": "2023-03 (Q1)",
      "signal": "YoY REVENUE GROWTH ACCELERATION",
      "detail": "YoY growth: +0.0% vs prior quarter YoY: -5.3% (accel: +5.3%)",
      "severity": "MEDIUM"
    },
    {
      "quarter": "2023-03 (Q1)",
      "signal": "OP MARGIN TURNED POSITIVE (YoY)",
      "detail": "Op margin: -19.5% (year-ago) -> +0.1%",
      "severity": "HIGH"
    },
    {
      "quarter": "2023-03 (Q1)",
      "signal": "OP MARGIN TURNED POSITIVE (QoQ)",
      "detail": "Op margin: -24.2% -> +0.1%",
      "severity": "HIGH"
    },
    {
      "quarter": "2022-12 (Q4)",
      "signal": "FCF MARGIN EXPANSION",
      "detail": "FCF margin: +11.7% -> +21.4% (+9.7%)",
      "severity": "MEDIUM"
    },
    {
      "quarter": "2022-09 (Q3)",
      "signal": "FCF TURNED POSITIVE",
      "detail": "FCF margin: -0.1% -> +11.7%",
      "severity": "HIGH"
    },
    {
      "quarter": "2022-09 (Q3)",
      "signal": "INCREMENTAL MARGIN (YoY)",
      "detail": "YoY Incr OPM: +69.9% vs year-ago OPM: +16.0%",
      "severity": "HIGH"
    },
    {
      "quarter": "2022-09 (Q3)",
      "signal": "OP MARGIN TURNED POSITIVE (QoQ)",
      "detail": "Op margin: -25.1% -> +11.7%",
      "severity": "HIGH"
    },
    {
      "quarter": "2022-06 (Q2)",
      "signal": "FCF MARGIN EXPANSION",
      "detail": "FCF margin: -5.6% -> -0.1% (+5.5%)",
      "severity": "MEDIUM"
    },
    {
      "quarter": "2021-12 (Q4)",
      "signal": "GROSS MARGIN INFLECTION",
      "detail": "GM: +47.9% -> +46.2% -> +50.0% (reversal +3.8%)",
      "severity": "MEDIUM"
    },
    {
      "quarter": "2021-09 (Q3)",
      "signal": "FCF MARGIN EXPANSION",
      "detail": "FCF margin: +2.7% -> +9.9% (+7.2%)",
      "severity": "MEDIUM"
    },
    {
      "quarter": "2021-06 (Q2)",
      "signal": "FCF TURNED POSITIVE",
      "detail": "FCF margin: -13.9% -> +2.7%",
      "severity": "HIGH"
    }
  ],
  "data_quality": {
    "n_quarters": 20,
    "coverage": {
      "revenue": [
        20,
        20
      ],
      "gross_profit": [
        20,
        20
      ],
      "op_income": [
        20,
        20
      ],
      "fcf": [
        20,
        20
      ]
    },
    "gaps": [],
    "warnings": []
  },
  "market_cap": null,
  "source": "SEC EDGAR",
  "last_updated": "2026-02-04T13:47:52.743323"
}