{
  "ticker": "TEX",
  "name": "TEREX CORP",
  "sector": "Industrials",
  "industry": "Farm & Heavy Construction Machinery",
  "quarters": [
    {
      "date": "2021-03-31T00:00:00",
      "quarter_label": "2021-03 (Q1)",
      "revenue": 864200000,
      "gross_profit": 175400000,
      "operating_income": 61500000,
      "net_income": 40100000,
      "opex": 113900000,
      "cogs": 688800000,
      "rd": null,
      "sga": 113900000,
      "fcf": 138100000,
      "ocf": 138100000,
      "capex": null,
      "gross_margin": 0.20296227725063642,
      "op_margin": 0.07116408238833603,
      "fcf_margin": 0.15980097199722287
    },
    {
      "date": "2021-06-30T00:00:00",
      "quarter_label": "2021-06 (Q2)",
      "revenue": 1038700000,
      "gross_profit": 231600000,
      "operating_income": 122500000,
      "net_income": 73900000,
      "opex": 109100000,
      "cogs": 807100000,
      "rd": null,
      "sga": 109100000,
      "fcf": 131100000,
      "ocf": 131100000,
      "capex": null,
      "gross_margin": 0.22297102146914413,
      "op_margin": 0.11793588139019928,
      "fcf_margin": 0.12621546163473574,
      "op_leverage_ratio": null,
      "fcf_margin_change": -0.033585510362487137
    },
    {
      "date": "2021-09-30T00:00:00",
      "quarter_label": "2021-09 (Q3)",
      "revenue": 993800000,
      "gross_profit": 178500000,
      "operating_income": 74200000,
      "net_income": 48100000,
      "opex": 104300000,
      "cogs": 815300000,
      "rd": null,
      "sga": 104300000,
      "fcf": 54900000,
      "ocf": 54900000,
      "capex": null,
      "gross_margin": 0.1796136043469511,
      "op_margin": 0.07466291004226203,
      "fcf_margin": 0.05524250352183538,
      "fcf_margin_change": -0.07097295811290036
    },
    {
      "date": "2021-12-31T00:00:00",
      "quarter_label": "2021-12 (Q4)",
      "revenue": 990100000,
      "gross_profit": 171900000,
      "operating_income": 69800000,
      "net_income": 58800000,
      "opex": 102100000,
      "cogs": 818200000,
      "rd": null,
      "sga": 102100000,
      "fcf": -30700000,
      "ocf": -30700000,
      "capex": null,
      "gross_margin": 0.17361882638117362,
      "op_margin": 0.0704979295020705,
      "fcf_margin": -0.031006968993031007,
      "fcf_margin_change": -0.0862494725148664
    },
    {
      "date": "2022-03-31T00:00:00",
      "quarter_label": "2022-03 (Q1)",
      "revenue": 1002500000,
      "gross_profit": 185800000,
      "operating_income": 74500000,
      "net_income": 51900000,
      "opex": 111300000,
      "cogs": 816700000,
      "rd": null,
      "sga": 111300000,
      "fcf": -51700000,
      "ocf": -51700000,
      "capex": null,
      "gross_margin": 0.18533665835411473,
      "op_margin": 0.0743142144638404,
      "fcf_margin": -0.051571072319201994,
      "incr_op_margin_yoy": 0.09399855386840203,
      "rev_growth_yoy": 0.16003239990742885,
      "op_leverage_ratio": 0.13898903492400858,
      "fcf_margin_change": -0.020564103326170986
    },
    {
      "date": "2022-06-30T00:00:00",
      "quarter_label": "2022-06 (Q2)",
      "revenue": 1077100000,
      "gross_profit": 212900000,
      "operating_income": 103900000,
      "net_income": 74100000,
      "opex": 109000000,
      "cogs": 864200000,
      "rd": null,
      "sga": 109000000,
      "fcf": 71000000,
      "ocf": 71000000,
      "capex": null,
      "gross_margin": 0.19766038436542568,
      "op_margin": 0.09646272398106026,
      "fcf_margin": 0.06591774208522885,
      "incr_op_margin_yoy": -0.484375,
      "rev_growth_yoy": 0.0369692885337441,
      "rev_growth_yoy_accel": -0.12306311137368475,
      "op_leverage_ratio": null,
      "fcf_margin_change": 0.11748881440443085
    },
    {
      "date": "2022-09-30T00:00:00",
      "quarter_label": "2022-09 (Q3)",
      "revenue": 1120500000,
      "gross_profit": 237100000,
      "operating_income": 120800000,
      "net_income": 81800000,
      "opex": 116300000,
      "cogs": 883400000,
      "rd": null,
      "sga": 116300000,
      "fcf": 84900000,
      "ocf": 84900000,
      "capex": null,
      "gross_margin": 0.21160196340919232,
      "op_margin": 0.10780901383311021,
      "fcf_margin": 0.07576974564926373,
      "incr_op_margin_yoy": 0.36779794790844517,
      "rev_growth_yoy": 0.12749044073254176,
      "rev_growth_yoy_accel": 0.09052115219879767,
      "op_leverage_ratio": 0.6016408850248575,
      "fcf_margin_change": 0.009852003564034872
    },
    {
      "date": "2022-12-31T00:00:00",
      "quarter_label": "2022-12 (Q4)",
      "revenue": 1217600000,
      "gross_profit": 235400000,
      "operating_income": 120800000,
      "net_income": 92200000,
      "opex": 114600000,
      "cogs": 982200000,
      "rd": null,
      "sga": 114600000,
      "fcf": 156800000,
      "ocf": 156800000,
      "capex": null,
      "gross_margin": 0.1933311432325887,
      "op_margin": 0.09921156373193167,
      "fcf_margin": 0.1287779237844941,
      "incr_op_margin_yoy": 0.22417582417582418,
      "rev_growth_yoy": 0.22977477022522977,
      "rev_growth_yoy_accel": 0.10228432949268801,
      "op_leverage_ratio": null,
      "fcf_margin_change": 0.05300817813523037
    },
    {
      "date": "2023-03-31T00:00:00",
      "quarter_label": "2023-03 (Q1)",
      "revenue": 1235700000,
      "gross_profit": 278700000,
      "operating_income": 147700000,
      "net_income": 112600000,
      "opex": 131000000,
      "cogs": 957000000,
      "rd": null,
      "sga": 131000000,
      "fcf": 9100000,
      "ocf": 9100000,
      "capex": null,
      "gross_margin": 0.22554017965525613,
      "op_margin": 0.1195273933802703,
      "fcf_margin": 0.0073642469855142835,
      "incr_op_margin_yoy": 0.313893653516295,
      "rev_growth_yoy": 0.23261845386533667,
      "rev_growth_yoy_accel": 0.0028436836401068977,
      "op_leverage_ratio": 0.10387587737572514,
      "fcf_margin_change": -0.12141367679897981
    },
    {
      "date": "2023-06-30T00:00:00",
      "quarter_label": "2023-06 (Q2)",
      "revenue": 1403100000,
      "gross_profit": 342900000,
      "operating_income": 209900000,
      "net_income": 159400000,
      "opex": 133000000,
      "cogs": 1060200000,
      "rd": null,
      "sga": 133000000,
      "fcf": 120700000,
      "ocf": 120700000,
      "capex": null,
      "gross_margin": 0.24438742783835793,
      "op_margin": 0.14959732021951394,
      "fcf_margin": 0.08602380443304113,
      "incr_op_margin_yoy": 0.32515337423312884,
      "rev_growth_yoy": 0.30266456225048743,
      "rev_growth_yoy_accel": 0.07004610838515077,
      "op_leverage_ratio": 8.873270211216315,
      "fcf_margin_change": 0.07865955744752684
    },
    {
      "date": "2023-09-30T00:00:00",
      "quarter_label": "2023-09 (Q3)",
      "revenue": 1290100000,
      "gross_profit": 292500000,
      "operating_income": 163200000,
      "net_income": 119200000,
      "opex": 129300000,
      "cogs": 997600000,
      "rd": null,
      "sga": 129300000,
      "fcf": 139200000,
      "ocf": 139200000,
      "capex": null,
      "gross_margin": 0.22672661034028369,
      "op_margin": 0.12650182156421982,
      "fcf_margin": 0.10789861251065809,
      "incr_op_margin_yoy": 0.25,
      "rev_growth_yoy": 0.15136099955377064,
      "rev_growth_yoy_accel": -0.1513035626967168,
      "fcf_margin_change": 0.021874808077616964
    },
    {
      "date": "2023-12-31T00:00:00",
      "quarter_label": "2023-12 (Q4)",
      "revenue": 1222600000,
      "gross_profit": 262500000,
      "operating_income": 115700000,
      "net_income": 126900000,
      "opex": 146800000,
      "cogs": 960100000,
      "rd": null,
      "sga": 146800000,
      "fcf": 190000000,
      "ocf": 190000000,
      "capex": null,
      "gross_margin": 0.21470636348764927,
      "op_margin": 0.09463438573531817,
      "fcf_margin": 0.15540651071486994,
      "incr_op_margin_yoy": -1.02,
      "rev_growth_yoy": 0.004106438896189225,
      "rev_growth_yoy_accel": -0.1472545606575814,
      "fcf_margin_change": 0.04750789820421185
    },
    {
      "date": "2024-03-31T00:00:00",
      "quarter_label": "2024-03 (Q1)",
      "revenue": 1292500000,
      "gross_profit": 297300000,
      "operating_income": 158300000,
      "net_income": 108500000,
      "opex": 139000000,
      "cogs": 995200000,
      "rd": null,
      "sga": 139000000,
      "fcf": -34000000,
      "ocf": -34000000,
      "capex": null,
      "gross_margin": 0.2300193423597679,
      "op_margin": 0.12247582205029013,
      "fcf_margin": -0.02630560928433269,
      "incr_op_margin_yoy": 0.18661971830985916,
      "rev_growth_yoy": 0.04596584931617707,
      "rev_growth_yoy_accel": 0.04185941041998784,
      "op_leverage_ratio": null,
      "fcf_margin_change": -0.18171211999920261
    },
    {
      "date": "2024-06-30T00:00:00",
      "quarter_label": "2024-06 (Q2)",
      "revenue": 1381700000,
      "gross_profit": 328400000,
      "operating_income": 193100000,
      "net_income": 140700000,
      "opex": 135300000,
      "cogs": 1053300000,
      "rd": null,
      "sga": 135300000,
      "fcf": 67000000,
      "ocf": 67000000,
      "capex": null,
      "gross_margin": 0.23767822247955417,
      "op_margin": 0.13975537381486575,
      "fcf_margin": 0.048490989360932185,
      "incr_op_margin_yoy": 0.7850467289719626,
      "rev_growth_yoy": -0.015251942128144822,
      "rev_growth_yoy_accel": -0.06121779144432189,
      "op_leverage_ratio": null,
      "fcf_margin_change": 0.07479659864526488
    },
    {
      "date": "2024-09-30T00:00:00",
      "quarter_label": "2024-09 (Q3)",
      "revenue": 1212000000,
      "gross_profit": 245000000,
      "operating_income": 122000000,
      "net_income": 88000000,
      "opex": 123000000,
      "cogs": 967000000,
      "rd": null,
      "sga": 123000000,
      "fcf": 116000000,
      "ocf": 116000000,
      "capex": null,
      "gross_margin": 0.20214521452145215,
      "op_margin": 0.10066006600660066,
      "fcf_margin": 0.09570957095709572,
      "incr_op_margin_yoy": 0.5275288092189501,
      "rev_growth_yoy": -0.06053794279513216,
      "rev_growth_yoy_accel": -0.04528600066698733,
      "fcf_margin_change": 0.04721858159616353
    },
    {
      "date": "2024-12-31T00:00:00",
      "quarter_label": "2024-12 (Q4)",
      "revenue": 1241000000,
      "gross_profit": 197000000,
      "operating_income": 53000000,
      "net_income": -2000000,
      "opex": 144000000,
      "cogs": 1044000000,
      "rd": null,
      "sga": 144000000,
      "fcf": 177000000,
      "ocf": 177000000,
      "capex": null,
      "gross_margin": 0.1587429492344883,
      "op_margin": 0.0427074939564867,
      "fcf_margin": 0.1426269137792103,
      "incr_op_margin_yoy": -3.407608695652174,
      "rev_growth_yoy": 0.01504989366922951,
      "rev_growth_yoy_accel": 0.07558783646436167,
      "op_leverage_ratio": 0.14014615747289014,
      "fcf_margin_change": 0.046917342822114586
    },
    {
      "date": "2025-03-31T00:00:00",
      "quarter_label": "2025-03 (Q1)",
      "revenue": 1229000000,
      "gross_profit": 230000000,
      "operating_income": 69000000,
      "net_income": 21000000,
      "opex": 161000000,
      "cogs": 999000000,
      "rd": null,
      "sga": 161000000,
      "fcf": -21000000,
      "ocf": -21000000,
      "capex": null,
      "gross_margin": 0.1871440195280716,
      "op_margin": 0.05614320585842148,
      "fcf_margin": -0.01708706265256306,
      "incr_op_margin_yoy": 1.4062992125984253,
      "rev_growth_yoy": -0.04912959381044488,
      "rev_growth_yoy_accel": -0.06417948747967439,
      "fcf_margin_change": -0.15971397643177337
    },
    {
      "date": "2025-06-30T00:00:00",
      "quarter_label": "2025-06 (Q2)",
      "revenue": 1487000000,
      "gross_profit": 291000000,
      "operating_income": 129000000,
      "net_income": 72000000,
      "opex": 162000000,
      "cogs": 1196000000,
      "rd": null,
      "sga": 162000000,
      "fcf": 102000000,
      "ocf": 102000000,
      "capex": null,
      "gross_margin": 0.1956960322797579,
      "op_margin": 0.08675184936112978,
      "fcf_margin": 0.06859448554135844,
      "incr_op_margin_yoy": -0.6087369420702754,
      "rev_growth_yoy": 0.07621046536874865,
      "rev_growth_yoy_accel": 0.12534005917919352,
      "op_leverage_ratio": 33.79820992676974,
      "fcf_margin_change": 0.0856815481939215
    },
    {
      "date": "2025-09-30T00:00:00",
      "quarter_label": "2025-09 (Q3)",
      "revenue": 1387000000,
      "gross_profit": 282000000,
      "operating_income": 140000000,
      "net_income": 65000000,
      "opex": 142000000,
      "cogs": 1105000000,
      "rd": null,
      "sga": 142000000,
      "fcf": 154000000,
      "ocf": 154000000,
      "capex": null,
      "gross_margin": 0.20331651045421772,
      "op_margin": 0.10093727469358327,
      "fcf_margin": 0.1110310021629416,
      "incr_op_margin_yoy": 0.10285714285714286,
      "rev_growth_yoy": 0.1443894389438944,
      "rev_growth_yoy_accel": 0.06817897357514574,
      "fcf_margin_change": 0.042436516621583154
    },
    {
      "date": "2025-12-31T00:00:00",
      "quarter_label": "2025-12 (Q4)",
      "revenue": 1318000000,
      "gross_profit": 248000000,
      "operating_income": 137000000,
      "net_income": 63000000,
      "opex": 111000000,
      "cogs": 1070000000,
      "rd": null,
      "sga": 111000000,
      "fcf": 205000000,
      "ocf": 205000000,
      "capex": null,
      "gross_margin": 0.18816388467374812,
      "op_margin": 0.1039453717754173,
      "fcf_margin": 0.15553869499241274,
      "incr_op_margin_yoy": 1.0909090909090908,
      "rev_growth_yoy": 0.062046736502820304,
      "rev_growth_yoy_accel": -0.08234270244107408,
      "fcf_margin_change": 0.044507692829471146
    }
  ],
  "signals": [
    {
      "quarter": "2025-12 (Q4)",
      "signal": "YoY REVENUE GROWTH DECELERATION",
      "detail": "YoY growth: +6.2% vs prior quarter YoY: +14.4% (decel: -8.2%)",
      "severity": "WARNING"
    },
    {
      "quarter": "2025-12 (Q4)",
      "signal": "INCREMENTAL MARGIN (YoY)",
      "detail": "YoY Incr OPM: +109.1% vs year-ago OPM: +4.3%",
      "severity": "HIGH"
    },
    {
      "quarter": "2025-09 (Q3)",
      "signal": "YoY REVENUE GROWTH ACCELERATION",
      "detail": "YoY growth: +14.4% vs prior quarter YoY: +7.6% (accel: +6.8%)",
      "severity": "MEDIUM"
    },
    {
      "quarter": "2025-06 (Q2)",
      "signal": "FCF TURNED POSITIVE",
      "detail": "FCF margin: -1.7% -> +6.9%",
      "severity": "HIGH"
    },
    {
      "quarter": "2025-06 (Q2)",
      "signal": "OPERATING LEVERAGE",
      "detail": "Rev growth +21.0% vs OpEx growth +0.6% (leverage: 33.8x)",
      "severity": "MEDIUM"
    },
    {
      "quarter": "2025-06 (Q2)",
      "signal": "YoY REVENUE GROWTH ACCELERATION",
      "detail": "YoY growth: +7.6% vs prior quarter YoY: -4.9% (accel: +12.5%)",
      "severity": "MEDIUM"
    },
    {
      "quarter": "2025-03 (Q1)",
      "signal": "GROSS MARGIN INFLECTION",
      "detail": "GM: +20.2% -> +15.9% -> +18.7% (reversal +2.8%)",
      "severity": "MEDIUM"
    },
    {
      "quarter": "2025-03 (Q1)",
      "signal": "YoY REVENUE GROWTH DECELERATION",
      "detail": "YoY growth: -4.9% vs prior quarter YoY: +1.5% (decel: -6.4%)",
      "severity": "WARNING"
    },
    {
      "quarter": "2025-03 (Q1)",
      "signal": "INCREMENTAL MARGIN (YoY)",
      "detail": "YoY Incr OPM: +140.6% vs year-ago OPM: +12.2%",
      "severity": "HIGH"
    },
    {
      "quarter": "2024-12 (Q4)",
      "signal": "YoY REVENUE GROWTH ACCELERATION",
      "detail": "YoY growth: +1.5% vs prior quarter YoY: -6.1% (accel: +7.6%)",
      "severity": "MEDIUM"
    },
    {
      "quarter": "2024-09 (Q3)",
      "signal": "INCREMENTAL MARGIN (YoY)",
      "detail": "YoY Incr OPM: +52.8% vs year-ago OPM: +12.7%",
      "severity": "HIGH"
    },
    {
      "quarter": "2024-06 (Q2)",
      "signal": "FCF TURNED POSITIVE",
      "detail": "FCF margin: -2.6% -> +4.8%",
      "severity": "HIGH"
    },
    {
      "quarter": "2024-06 (Q2)",
      "signal": "YoY REVENUE GROWTH DECELERATION",
      "detail": "YoY growth: -1.5% vs prior quarter YoY: +4.6% (decel: -6.1%)",
      "severity": "WARNING"
    },
    {
      "quarter": "2024-06 (Q2)",
      "signal": "INCREMENTAL MARGIN (YoY)",
      "detail": "YoY Incr OPM: +78.5% vs year-ago OPM: +15.0%",
      "severity": "HIGH"
    },
    {
      "quarter": "2023-12 (Q4)",
      "signal": "YoY REVENUE GROWTH DECELERATION",
      "detail": "YoY growth: +0.4% vs prior quarter YoY: +15.1% (decel: -14.7%)",
      "severity": "WARNING"
    },
    {
      "quarter": "2023-09 (Q3)",
      "signal": "YoY REVENUE GROWTH DECELERATION",
      "detail": "YoY growth: +15.1% vs prior quarter YoY: +30.3% (decel: -15.1%)",
      "severity": "WARNING"
    },
    {
      "quarter": "2023-09 (Q3)",
      "signal": "INCREMENTAL MARGIN (YoY)",
      "detail": "YoY Incr OPM: +25.0% vs year-ago OPM: +10.8%",
      "severity": "MEDIUM"
    },
    {
      "quarter": "2023-06 (Q2)",
      "signal": "FCF MARGIN EXPANSION",
      "detail": "FCF margin: +0.7% -> +8.6% (+7.9%)",
      "severity": "MEDIUM"
    },
    {
      "quarter": "2023-06 (Q2)",
      "signal": "OPERATING LEVERAGE",
      "detail": "Rev growth +13.5% vs OpEx growth +1.5% (leverage: 8.9x)",
      "severity": "MEDIUM"
    },
    {
      "quarter": "2023-06 (Q2)",
      "signal": "YoY REVENUE GROWTH ACCELERATION",
      "detail": "YoY growth: +30.3% vs prior quarter YoY: +23.3% (accel: +7.0%)",
      "severity": "MEDIUM"
    },
    {
      "quarter": "2023-06 (Q2)",
      "signal": "INCREMENTAL MARGIN (YoY)",
      "detail": "YoY Incr OPM: +32.5% vs year-ago OPM: +9.6%",
      "severity": "HIGH"
    },
    {
      "quarter": "2023-03 (Q1)",
      "signal": "GROSS MARGIN INFLECTION",
      "detail": "GM: +21.2% -> +19.3% -> +22.6% (reversal +3.2%)",
      "severity": "MEDIUM"
    },
    {
      "quarter": "2023-03 (Q1)",
      "signal": "INCREMENTAL MARGIN (YoY)",
      "detail": "YoY Incr OPM: +31.4% vs year-ago OPM: +7.4%",
      "severity": "HIGH"
    },
    {
      "quarter": "2022-12 (Q4)",
      "signal": "FCF MARGIN EXPANSION",
      "detail": "FCF margin: +7.6% -> +12.9% (+5.3%)",
      "severity": "MEDIUM"
    },
    {
      "quarter": "2022-12 (Q4)",
      "signal": "YoY REVENUE GROWTH ACCELERATION",
      "detail": "YoY growth: +23.0% vs prior quarter YoY: +12.7% (accel: +10.2%)",
      "severity": "MEDIUM"
    },
    {
      "quarter": "2022-12 (Q4)",
      "signal": "INCREMENTAL MARGIN (YoY)",
      "detail": "YoY Incr OPM: +22.4% vs year-ago OPM: +7.0%",
      "severity": "MEDIUM"
    },
    {
      "quarter": "2022-09 (Q3)",
      "signal": "YoY REVENUE GROWTH ACCELERATION",
      "detail": "YoY growth: +12.7% vs prior quarter YoY: +3.7% (accel: +9.1%)",
      "severity": "MEDIUM"
    },
    {
      "quarter": "2022-09 (Q3)",
      "signal": "INCREMENTAL MARGIN (YoY)",
      "detail": "YoY Incr OPM: +36.8% vs year-ago OPM: +7.5%",
      "severity": "HIGH"
    },
    {
      "quarter": "2022-06 (Q2)",
      "signal": "FCF TURNED POSITIVE",
      "detail": "FCF margin: -5.2% -> +6.6%",
      "severity": "HIGH"
    },
    {
      "quarter": "2022-06 (Q2)",
      "signal": "YoY REVENUE GROWTH DECELERATION",
      "detail": "YoY growth: +3.7% vs prior quarter YoY: +16.0% (decel: -12.3%)",
      "severity": "WARNING"
    }
  ],
  "data_quality": {
    "n_quarters": 20,
    "coverage": {
      "revenue": [
        20,
        20
      ],
      "gross_profit": [
        20,
        20
      ],
      "op_income": [
        20,
        20
      ],
      "fcf": [
        20,
        20
      ]
    },
    "gaps": [],
    "warnings": []
  },
  "market_cap": null,
  "source": "SEC EDGAR",
  "last_updated": "2026-02-24T10:43:25.447412"
}