{
  "ticker": "TFX",
  "name": "TELEFLEX INCORPORATED",
  "quarters": [
    {
      "date": "2020-12-31T00:00:00",
      "quarter_label": "2020-12 (Q4)",
      "revenue": 711179000,
      "gross_profit": 383554000,
      "operating_income": 95080000,
      "net_income": 76131000,
      "opex": 288474000,
      "cogs": 327625000,
      "rd": 33769000,
      "sga": 232906000,
      "fcf": 167330000,
      "ocf": 195655000,
      "capex": -28325000,
      "gross_margin": 0.5393213241673334,
      "op_margin": 0.13369348644996548,
      "fcf_margin": 0.2352853501017325
    },
    {
      "date": "2021-03-28T00:00:00",
      "quarter_label": "2021-03 (Q1)",
      "revenue": 633925000,
      "gross_profit": 344527000,
      "operating_income": 103434000,
      "net_income": 74866000,
      "opex": 241093000,
      "cogs": 289398000,
      "rd": 29947000,
      "sga": 203148000,
      "fcf": 91518000,
      "ocf": 110794000,
      "capex": -19276000,
      "gross_margin": 0.543482273139567,
      "op_margin": 0.1631644121938715,
      "fcf_margin": 0.1443672358717514,
      "fcf_margin_change": -0.09091811422998108
    },
    {
      "date": "2021-06-27T00:00:00",
      "quarter_label": "2021-06 (Q2)",
      "revenue": 713473000,
      "gross_profit": 397556000,
      "operating_income": 128620000,
      "net_income": 83248000,
      "opex": 268936000,
      "cogs": 315917000,
      "rd": 33283000,
      "sga": 224159000,
      "fcf": 136898000,
      "ocf": 154281000,
      "capex": -17383000,
      "gross_margin": 0.5572123962644697,
      "op_margin": 0.18027311474996252,
      "fcf_margin": 0.19187551596206162,
      "op_leverage_ratio": 1.0865756277164165,
      "fcf_margin_change": 0.04750828009031022
    },
    {
      "date": "2021-09-26T00:00:00",
      "quarter_label": "2021-09 (Q3)",
      "revenue": 700251000,
      "gross_profit": 387787000,
      "operating_income": 240975000,
      "net_income": 199181000,
      "opex": 146812000,
      "cogs": 312464000,
      "rd": 31816000,
      "sga": 205194000,
      "fcf": 169954000,
      "ocf": 185385000,
      "capex": -15431000,
      "gross_margin": 0.553782857860967,
      "op_margin": 0.34412660603126594,
      "fcf_margin": 0.24270440170738777,
      "fcf_margin_change": 0.05082888574532615
    },
    {
      "date": "2021-12-31T00:00:00",
      "quarter_label": "2021-12 (Q4)",
      "revenue": 761914000,
      "gross_profit": 419732000,
      "operating_income": 155066000,
      "net_income": 128079000,
      "opex": 264666000,
      "cogs": 342182000,
      "rd": 35795000,
      "sga": 227584000,
      "fcf": 182151000,
      "ocf": 201679000,
      "capex": -19528000,
      "gross_margin": 0.5508915704397084,
      "op_margin": 0.20352165729990523,
      "fcf_margin": 0.23907028877274863,
      "incr_op_margin_yoy": 1.1823396077658421,
      "rev_growth_yoy": 0.07133928307781866,
      "op_leverage_ratio": 0.10969533029489754,
      "fcf_margin_change": -0.0036341129346391388
    },
    {
      "date": "2022-03-27T00:00:00",
      "quarter_label": "2022-03 (Q1)",
      "revenue": 641715000,
      "gross_profit": 346233000,
      "operating_income": 103536000,
      "net_income": 77141000,
      "opex": 242697000,
      "cogs": 295482000,
      "rd": 36360000,
      "sga": 203932000,
      "fcf": 49024000,
      "ocf": 62102000,
      "capex": -13078000,
      "gross_margin": 0.5395432551833758,
      "op_margin": 0.16134265211191884,
      "fcf_margin": 0.07639528451103683,
      "incr_op_margin_yoy": 0.013093709884467265,
      "rev_growth_yoy": 0.012288519935323578,
      "rev_growth_yoy_accel": -0.05905076314249508,
      "fcf_margin_change": -0.1626750042617118
    },
    {
      "date": "2022-06-26T00:00:00",
      "quarter_label": "2022-06 (Q2)",
      "revenue": 704542000,
      "gross_profit": 388833000,
      "operating_income": 135157000,
      "net_income": 105514000,
      "opex": 253676000,
      "cogs": 315709000,
      "rd": 36934000,
      "sga": 216825000,
      "fcf": 20390000,
      "ocf": 39757000,
      "capex": -19367000,
      "gross_margin": 0.5518947060643652,
      "op_margin": 0.1918366825540564,
      "fcf_margin": 0.028940787064504318,
      "incr_op_margin_yoy": -0.7319449109842123,
      "rev_growth_yoy": -0.01251764257372038,
      "rev_growth_yoy_accel": -0.02480616250904396,
      "op_leverage_ratio": 2.164241669475401,
      "fcf_margin_change": -0.04745449744653252
    },
    {
      "date": "2022-09-25T00:00:00",
      "quarter_label": "2022-09 (Q3)",
      "revenue": 686788000,
      "gross_profit": 373955000,
      "operating_income": 132445000,
      "net_income": 101895000,
      "opex": 241510000,
      "cogs": 312833000,
      "rd": 37770000,
      "sga": 209616000,
      "fcf": 122353000,
      "ocf": 142556000,
      "capex": -20203000,
      "gross_margin": 0.5444984478470795,
      "op_margin": 0.19284699208489373,
      "fcf_margin": 0.17815250120852433,
      "incr_op_margin_yoy": 8.06135333878036,
      "rev_growth_yoy": -0.01922596326174472,
      "rev_growth_yoy_accel": -0.006708320688024339,
      "fcf_margin_change": 0.14921171414402
    },
    {
      "date": "2022-12-31T00:00:00",
      "quarter_label": "2022-12 (Q4)",
      "revenue": 757996000,
      "gross_profit": 422066000,
      "operating_income": 128587000,
      "net_income": 78589000,
      "opex": 293479000,
      "cogs": 335930000,
      "rd": 42755000,
      "sga": 233375000,
      "fcf": 71849000,
      "ocf": 98391000,
      "capex": -26542000,
      "gross_margin": 0.5568182417849171,
      "op_margin": 0.16964073689043213,
      "fcf_margin": 0.09478809914564193,
      "incr_op_margin_yoy": 6.75829504849413,
      "rev_growth_yoy": -0.005142312649459125,
      "rev_growth_yoy_accel": 0.014083650612285593,
      "op_leverage_ratio": 0.48183334029736424,
      "fcf_margin_change": -0.0833644020628824
    },
    {
      "date": "2023-04-02T00:00:00",
      "quarter_label": "2023-04 (Q2)",
      "revenue": 710932000,
      "gross_profit": 391380000,
      "operating_income": 114974000,
      "net_income": 76748000,
      "opex": 276406000,
      "cogs": 319552000,
      "rd": 41469000,
      "sga": 232716000,
      "fcf": 62514000,
      "ocf": 84349000,
      "capex": -21835000,
      "gross_margin": 0.5505167864155784,
      "op_margin": 0.16172292146084294,
      "fcf_margin": 0.08793246048848553,
      "incr_op_margin_yoy": 0.1652484216305243,
      "rev_growth_yoy": 0.10786252464100107,
      "rev_growth_yoy_accel": 0.1130048372904602,
      "fcf_margin_change": -0.006855638657156396
    },
    {
      "date": "2023-07-02T00:00:00",
      "quarter_label": "2023-07 (Q3)",
      "revenue": 743259000,
      "gross_profit": 407823000,
      "operating_income": 143561000,
      "net_income": 111335000,
      "opex": 264262000,
      "cogs": 335436000,
      "rd": 39448000,
      "sga": 223306000,
      "fcf": 68730000,
      "ocf": 86269000,
      "capex": -17539000,
      "gross_margin": 0.5486956767425621,
      "op_margin": 0.19315070520504965,
      "fcf_margin": 0.09247113052112386,
      "incr_op_margin_yoy": 0.21706227238680684,
      "rev_growth_yoy": 0.054953430739402336,
      "rev_growth_yoy_accel": -0.05290909390159874,
      "op_leverage_ratio": Infinity,
      "fcf_margin_change": 0.004538670032638331
    },
    {
      "date": "2023-10-01T00:00:00",
      "quarter_label": "2023-10 (Q4)",
      "revenue": 746389000,
      "gross_profit": 416311000,
      "operating_income": 165310000,
      "net_income": 137140000,
      "opex": 251001000,
      "cogs": 330078000,
      "rd": 37576000,
      "sga": 213194000,
      "fcf": 177349000,
      "ocf": 201743000,
      "capex": -24394000,
      "gross_margin": 0.5577667945267146,
      "op_margin": 0.22147968418612815,
      "fcf_margin": 0.2376093431173289,
      "incr_op_margin_yoy": 0.5514169225348567,
      "rev_growth_yoy": 0.08678223847824948,
      "rev_growth_yoy_accel": 0.031828807738847144,
      "fcf_margin_change": 0.14513821259620502
    },
    {
      "date": "2023-12-31T00:00:00",
      "quarter_label": "2023-12 (Q4)",
      "revenue": 773909000,
      "gross_profit": 431417000,
      "operating_income": 82468000,
      "net_income": 31105000,
      "opex": 348949000,
      "cogs": 342492000,
      "rd": 35858000,
      "sga": 260651000,
      "fcf": 111648000,
      "ocf": 139322000,
      "capex": -27674000,
      "gross_margin": 0.5574518451135728,
      "op_margin": 0.10656033202870105,
      "fcf_margin": 0.14426502340714475,
      "incr_op_margin_yoy": -2.898196443159681,
      "rev_growth_yoy": 0.02099351447764896,
      "rev_growth_yoy_accel": -0.06578872400060051,
      "op_leverage_ratio": 0.09448504590775657,
      "fcf_margin_change": -0.09334431971018414
    },
    {
      "date": "2024-03-31T00:00:00",
      "quarter_label": "2024-03 (Q1)",
      "revenue": 737849000,
      "gross_profit": 416134000,
      "operating_income": -4793000,
      "net_income": 15289000,
      "opex": 420927000,
      "cogs": 321715000,
      "rd": 37299000,
      "sga": 242830000,
      "fcf": 74412000,
      "ocf": 112844000,
      "capex": -38432000,
      "gross_margin": 0.5639826034866212,
      "op_margin": -0.006495909054562654,
      "fcf_margin": 0.10084990289341043,
      "incr_op_margin_yoy": -4.449492885537021,
      "rev_growth_yoy": 0.037861567632347395,
      "rev_growth_yoy_accel": 0.016868053154698436,
      "fcf_margin_change": -0.04341512051373432
    },
    {
      "date": "2024-06-30T00:00:00",
      "quarter_label": "2024-06 (Q2)",
      "revenue": 749691000,
      "gross_profit": 416458000,
      "operating_income": 116878000,
      "net_income": 80038000,
      "opex": 299580000,
      "cogs": 333233000,
      "rd": 41094000,
      "sga": 250631000,
      "fcf": 56888000,
      "ocf": 91688000,
      "capex": -34800000,
      "gross_margin": 0.5555062018885114,
      "op_margin": 0.1559015647780219,
      "fcf_margin": 0.07588193002183566,
      "incr_op_margin_yoy": -4.148476368159204,
      "rev_growth_yoy": 0.0086537801762239,
      "rev_growth_yoy_accel": -0.029207787456123496,
      "op_leverage_ratio": Infinity,
      "fcf_margin_change": -0.024967972871574776
    },
    {
      "date": "2024-09-29T00:00:00",
      "quarter_label": "2024-09 (Q3)",
      "revenue": 764375000,
      "gross_profit": 430172000,
      "operating_income": 149311000,
      "net_income": 111004000,
      "opex": 280861000,
      "cogs": 334203000,
      "rd": 38726000,
      "sga": 247257000,
      "fcf": 209912000,
      "ocf": 231092000,
      "capex": -21180000,
      "gross_margin": 0.5627761242845462,
      "op_margin": 0.19533736713000818,
      "fcf_margin": 0.2746191332788226,
      "incr_op_margin_yoy": -0.8895251862559769,
      "rev_growth_yoy": 0.024097354060684174,
      "rev_growth_yoy_accel": 0.015443573884460274,
      "op_leverage_ratio": Infinity,
      "fcf_margin_change": 0.19873720325698693
    },
    {
      "date": "2024-12-31T00:00:00",
      "quarter_label": "2024-12 (Q4)",
      "revenue": 795409000,
      "gross_profit": 439915000,
      "operating_income": -110383000,
      "net_income": -136656000,
      "opex": 550298000,
      "cogs": 355494000,
      "rd": 44553000,
      "sga": 254553000,
      "fcf": 170614000,
      "ocf": 202636000,
      "capex": -32022000,
      "gross_margin": 0.5530676670744233,
      "op_margin": -0.13877514586835202,
      "fcf_margin": 0.21449845299713732,
      "incr_op_margin_yoy": -8.969813953488373,
      "rev_growth_yoy": 0.02778104402455586,
      "rev_growth_yoy_accel": 0.0036836899638716843,
      "op_leverage_ratio": 0.04232193198979328,
      "fcf_margin_change": -0.06012068028168527
    },
    {
      "date": "2025-03-30T00:00:00",
      "quarter_label": "2025-03 (Q1)",
      "revenue": 700669000,
      "gross_profit": 389439000,
      "operating_income": 125570000,
      "net_income": 95002000,
      "opex": 263869000,
      "cogs": 311230000,
      "rd": 36404000,
      "sga": 222710000,
      "fcf": 43329000,
      "ocf": 73340000,
      "capex": -30011000,
      "gross_margin": 0.5558102327918033,
      "op_margin": 0.17921443648855595,
      "fcf_margin": 0.061839470563133235,
      "incr_op_margin_yoy": -3.506266810112964,
      "rev_growth_yoy": -0.050389713884548194,
      "rev_growth_yoy_accel": -0.07817075790910405,
      "fcf_margin_change": -0.15265898243400408
    },
    {
      "date": "2025-06-29T00:00:00",
      "quarter_label": "2025-06 (Q2)",
      "revenue": 780889000,
      "gross_profit": 431085000,
      "operating_income": 155311000,
      "net_income": 122580000,
      "opex": 275774000,
      "cogs": 349804000,
      "rd": 38521000,
      "sga": 215081000,
      "fcf": -26782000,
      "ocf": 7846000,
      "capex": -34628000,
      "gross_margin": 0.5520438884399703,
      "op_margin": 0.19888998308338318,
      "fcf_margin": -0.0342968078689801,
      "incr_op_margin_yoy": 1.231905891403295,
      "rev_growth_yoy": 0.0416144784984747,
      "rev_growth_yoy_accel": 0.0920041923830229,
      "op_leverage_ratio": 2.53763248882373,
      "fcf_margin_change": -0.09613627843211334
    },
    {
      "date": "2025-09-28T00:00:00",
      "quarter_label": "2025-09 (Q3)",
      "revenue": 913021000,
      "gross_profit": 451642000,
      "operating_income": -408898000,
      "net_income": -408892000,
      "opex": 860540000,
      "cogs": 461379000,
      "rd": 57228000,
      "sga": 281764000,
      "fcf": 77839000,
      "ocf": 107785000,
      "capex": -29946000,
      "gross_margin": 0.49466770205723637,
      "op_margin": -0.4478516923488069,
      "fcf_margin": 0.08525433697581983,
      "incr_op_margin_yoy": -3.75529109427768,
      "rev_growth_yoy": 0.19446737530662306,
      "rev_growth_yoy_accel": 0.15285289680814834,
      "op_leverage_ratio": 0.07979761446899541,
      "fcf_margin_change": 0.11955114484479992
    }
  ],
  "signals": [
    {
      "quarter": "2025-09 (Q3)",
      "signal": "FCF TURNED POSITIVE",
      "detail": "FCF margin: -3.4% -> +8.5%",
      "severity": "HIGH"
    },
    {
      "quarter": "2025-09 (Q3)",
      "signal": "YoY REVENUE GROWTH ACCELERATION",
      "detail": "YoY growth: +19.4% vs prior quarter YoY: +4.2% (accel: +15.3%)",
      "severity": "HIGH"
    },
    {
      "quarter": "2025-06 (Q2)",
      "signal": "OPERATING LEVERAGE",
      "detail": "Rev growth +11.4% vs OpEx growth +4.5% (leverage: 2.5x)",
      "severity": "MEDIUM"
    },
    {
      "quarter": "2025-06 (Q2)",
      "signal": "YoY REVENUE GROWTH ACCELERATION",
      "detail": "YoY growth: +4.2% vs prior quarter YoY: -5.0% (accel: +9.2%)",
      "severity": "MEDIUM"
    },
    {
      "quarter": "2025-06 (Q2)",
      "signal": "INCREMENTAL MARGIN (YoY)",
      "detail": "YoY Incr OPM: +123.2% vs year-ago OPM: +15.6%",
      "severity": "HIGH"
    },
    {
      "quarter": "2025-03 (Q1)",
      "signal": "YoY REVENUE GROWTH DECELERATION",
      "detail": "YoY growth: -5.0% vs prior quarter YoY: +2.8% (decel: -7.8%)",
      "severity": "WARNING"
    },
    {
      "quarter": "2025-03 (Q1)",
      "signal": "OP MARGIN TURNED POSITIVE (YoY)",
      "detail": "Op margin: -0.6% (year-ago) -> +17.9%",
      "severity": "HIGH"
    },
    {
      "quarter": "2025-03 (Q1)",
      "signal": "OP MARGIN TURNED POSITIVE (QoQ)",
      "detail": "Op margin: -13.9% -> +17.9%",
      "severity": "HIGH"
    },
    {
      "quarter": "2024-09 (Q3)",
      "signal": "FCF MARGIN EXPANSION",
      "detail": "FCF margin: +7.6% -> +27.5% (+19.9%)",
      "severity": "MEDIUM"
    },
    {
      "quarter": "2024-06 (Q2)",
      "signal": "OP MARGIN TURNED POSITIVE (QoQ)",
      "detail": "Op margin: -0.6% -> +15.6%",
      "severity": "HIGH"
    },
    {
      "quarter": "2023-12 (Q4)",
      "signal": "YoY REVENUE GROWTH DECELERATION",
      "detail": "YoY growth: +2.1% vs prior quarter YoY: +8.7% (decel: -6.6%)",
      "severity": "WARNING"
    },
    {
      "quarter": "2023-10 (Q4)",
      "signal": "FCF MARGIN EXPANSION",
      "detail": "FCF margin: +9.2% -> +23.8% (+14.5%)",
      "severity": "MEDIUM"
    },
    {
      "quarter": "2023-10 (Q4)",
      "signal": "INCREMENTAL MARGIN (YoY)",
      "detail": "YoY Incr OPM: +55.1% vs year-ago OPM: +19.3%",
      "severity": "HIGH"
    },
    {
      "quarter": "2023-07 (Q3)",
      "signal": "YoY REVENUE GROWTH DECELERATION",
      "detail": "YoY growth: +5.5% vs prior quarter YoY: +10.8% (decel: -5.3%)",
      "severity": "WARNING"
    },
    {
      "quarter": "2023-04 (Q2)",
      "signal": "YoY REVENUE GROWTH ACCELERATION",
      "detail": "YoY growth: +10.8% vs prior quarter YoY: -0.5% (accel: +11.3%)",
      "severity": "MEDIUM"
    },
    {
      "quarter": "2022-12 (Q4)",
      "signal": "INCREMENTAL MARGIN (YoY)",
      "detail": "YoY Incr OPM: +675.8% vs year-ago OPM: +20.4%",
      "severity": "HIGH"
    },
    {
      "quarter": "2022-09 (Q3)",
      "signal": "FCF MARGIN EXPANSION",
      "detail": "FCF margin: +2.9% -> +17.8% (+14.9%)",
      "severity": "MEDIUM"
    },
    {
      "quarter": "2022-09 (Q3)",
      "signal": "INCREMENTAL MARGIN (YoY)",
      "detail": "YoY Incr OPM: +806.1% vs year-ago OPM: +34.4%",
      "severity": "HIGH"
    },
    {
      "quarter": "2022-06 (Q2)",
      "signal": "OPERATING LEVERAGE",
      "detail": "Rev growth +9.8% vs OpEx growth +4.5% (leverage: 2.2x)",
      "severity": "MEDIUM"
    },
    {
      "quarter": "2022-03 (Q1)",
      "signal": "YoY REVENUE GROWTH DECELERATION",
      "detail": "YoY growth: +1.2% vs prior quarter YoY: +7.1% (decel: -5.9%)",
      "severity": "WARNING"
    },
    {
      "quarter": "2021-12 (Q4)",
      "signal": "INCREMENTAL MARGIN (YoY)",
      "detail": "YoY Incr OPM: +118.2% vs year-ago OPM: +13.4%",
      "severity": "HIGH"
    },
    {
      "quarter": "2021-09 (Q3)",
      "signal": "FCF MARGIN EXPANSION",
      "detail": "FCF margin: +19.2% -> +24.3% (+5.1%)",
      "severity": "MEDIUM"
    }
  ],
  "data_quality": {
    "n_quarters": 20,
    "coverage": {
      "revenue": [
        20,
        20
      ],
      "gross_profit": [
        20,
        20
      ],
      "op_income": [
        20,
        20
      ],
      "fcf": [
        20,
        20
      ]
    },
    "gaps": [],
    "warnings": []
  },
  "market_cap": null,
  "source": "SEC EDGAR",
  "last_updated": "2026-02-02T21:07:57.881064"
}