{
  "ticker": "TGEN",
  "name": "TECOGEN INC.",
  "quarters": [
    {
      "date": "2020-12-31T00:00:00",
      "quarter_label": "2020-12 (Q4)",
      "revenue": 5657114,
      "gross_profit": 2342612,
      "operating_income": -4135843,
      "net_income": -4062312,
      "opex": 6478455,
      "cogs": 3314502,
      "rd": 125707,
      "sga": 6478455,
      "fcf": -6191,
      "ocf": -6191,
      "capex": null,
      "gross_margin": 0.4141001931373488,
      "op_margin": -0.7310870878684785,
      "fcf_margin": -0.0010943742692828887
    },
    {
      "date": "2021-03-31T00:00:00",
      "quarter_label": "2021-03 (Q1)",
      "revenue": 6057161,
      "gross_profit": 2951208,
      "operating_income": -138998,
      "net_income": 1766707,
      "opex": 3090206,
      "cogs": 3105953,
      "rd": 126150,
      "sga": 3090206,
      "fcf": 353674,
      "ocf": 369772,
      "capex": -16098,
      "gross_margin": 0.48722627646846434,
      "op_margin": -0.02294771428396901,
      "fcf_margin": 0.058389400578918074,
      "op_leverage_ratio": Infinity,
      "fcf_margin_change": 0.059483774848200964
    },
    {
      "date": "2021-06-30T00:00:00",
      "quarter_label": "2021-06 (Q2)",
      "revenue": 6145102,
      "gross_profit": 2842638,
      "operating_income": -309568,
      "net_income": 399631,
      "opex": 3152206,
      "cogs": 3302464,
      "rd": 132883,
      "sga": 3152206,
      "fcf": -504827,
      "ocf": -473421,
      "capex": -31406,
      "gross_margin": 0.46258597497649345,
      "op_margin": -0.050376381059256625,
      "fcf_margin": -0.0821511180774542,
      "op_leverage_ratio": 0.7236324342058023,
      "fcf_margin_change": -0.1405405186563723
    },
    {
      "date": "2021-09-30T00:00:00",
      "quarter_label": "2021-09 (Q3)",
      "revenue": 5015868,
      "gross_profit": 2341935,
      "operating_income": -910171,
      "net_income": 1466697,
      "opex": 3252106,
      "cogs": 2673933,
      "rd": 122031,
      "sga": 3252106,
      "fcf": 238989,
      "ocf": 275645,
      "capex": -36656,
      "gross_margin": 0.4669052295634574,
      "op_margin": -0.18145832386338714,
      "fcf_margin": 0.047646588785829294,
      "fcf_margin_change": 0.1297977068632835
    },
    {
      "date": "2021-12-31T00:00:00",
      "quarter_label": "2021-12 (Q4)",
      "revenue": 7179942,
      "gross_profit": 3451871,
      "operating_income": 139644,
      "net_income": 62965,
      "opex": 3312227,
      "cogs": 3728071,
      "rd": 161015,
      "sga": null,
      "fcf": 285746,
      "ocf": 293037,
      "capex": -7291,
      "gross_margin": 0.48076586133982696,
      "op_margin": 0.019449182180023183,
      "fcf_margin": 0.039797814522735696,
      "incr_op_margin_yoy": 2.807596787030446,
      "rev_growth_yoy": 0.26918814080819303,
      "op_leverage_ratio": 23.338046747702883,
      "fcf_margin_change": -0.007848774263093598
    },
    {
      "date": "2022-03-31T00:00:00",
      "quarter_label": "2022-03 (Q1)",
      "revenue": 7438323,
      "gross_profit": 3090788,
      "operating_income": 80979,
      "net_income": 89409,
      "opex": 3009809,
      "cogs": 4347535,
      "rd": 140135,
      "sga": 3009809,
      "fcf": 1813598,
      "ocf": 1894471,
      "capex": -80873,
      "gross_margin": 0.4155221546577098,
      "op_margin": 0.010886728097179969,
      "fcf_margin": 0.2438181294358957,
      "incr_op_margin_yoy": 0.1592695136414121,
      "rev_growth_yoy": 0.22802134531342325,
      "rev_growth_yoy_accel": -0.04116679549476979,
      "op_leverage_ratio": Infinity,
      "fcf_margin_change": 0.20402031491316
    },
    {
      "date": "2022-06-30T00:00:00",
      "quarter_label": "2022-06 (Q2)",
      "revenue": 6414593,
      "gross_profit": 2703449,
      "operating_income": -817337,
      "net_income": -856218,
      "opex": 3520786,
      "cogs": 3711144,
      "rd": 194853,
      "sga": 3520786,
      "fcf": -2601809,
      "ocf": -2473648,
      "capex": -128161,
      "gross_margin": 0.4214529277227721,
      "op_margin": -0.12741837245168947,
      "fcf_margin": -0.40560780707365224,
      "rev_growth_yoy": 0.043854601599778165,
      "rev_growth_yoy_accel": -0.18416674371364508,
      "fcf_margin_change": -0.6494259365095479
    },
    {
      "date": "2022-09-30T00:00:00",
      "quarter_label": "2022-09 (Q3)",
      "revenue": 6618110,
      "gross_profit": 2893334,
      "operating_income": -214296,
      "net_income": -256712,
      "opex": 3107630,
      "cogs": 3724776,
      "rd": 202138,
      "sga": 3107630,
      "fcf": 67581,
      "ocf": 145367,
      "capex": -77786,
      "gross_margin": 0.4371843320827245,
      "op_margin": -0.03238024148888429,
      "fcf_margin": 0.010211525647050291,
      "incr_op_margin_yoy": 0.43431329349748665,
      "rev_growth_yoy": 0.31943464221945234,
      "rev_growth_yoy_accel": 0.27558004061967417,
      "op_leverage_ratio": Infinity,
      "fcf_margin_change": 0.41581933272070254
    },
    {
      "date": "2022-12-31T00:00:00",
      "quarter_label": "2022-12 (Q4)",
      "revenue": 4531588,
      "gross_profit": 2379240,
      "operating_income": -1398488,
      "net_income": -1424406,
      "opex": 3777728,
      "cogs": 2152348,
      "rd": 195747,
      "sga": null,
      "fcf": -946178,
      "ocf": -918119,
      "capex": -28059,
      "gross_margin": 0.5250344912202963,
      "op_margin": -0.3086088143935415,
      "fcf_margin": -0.20879612180101104,
      "incr_op_margin_yoy": 0.5807879158148798,
      "rev_growth_yoy": -0.3688545116381163,
      "rev_growth_yoy_accel": -0.6882891538575686,
      "fcf_margin_change": -0.21900764744806134
    },
    {
      "date": "2023-03-31T00:00:00",
      "quarter_label": "2023-03 (Q1)",
      "revenue": 5379818,
      "gross_profit": 2091909,
      "operating_income": -1449746,
      "net_income": -1490029,
      "opex": 3541655,
      "cogs": 3287909,
      "rd": 229102,
      "sga": 3541655,
      "fcf": -284866,
      "ocf": -284866,
      "capex": null,
      "gross_margin": 0.3888438233412357,
      "op_margin": -0.26947863292029584,
      "fcf_margin": -0.05295086190648085,
      "incr_op_margin_yoy": 0.7436100470972866,
      "rev_growth_yoy": -0.27674315837050906,
      "rev_growth_yoy_accel": 0.09211135326760722,
      "op_leverage_ratio": Infinity,
      "fcf_margin_change": 0.15584525989453019
    },
    {
      "date": "2023-06-30T00:00:00",
      "quarter_label": "2023-06 (Q2)",
      "revenue": 6748758,
      "gross_profit": 2834426,
      "operating_income": -780249,
      "net_income": -780110,
      "opex": 3614675,
      "cogs": 3914332,
      "rd": 236556,
      "sga": 3614675,
      "fcf": 418935,
      "ocf": 438542,
      "capex": -19607,
      "gross_margin": 0.4199922415354055,
      "op_margin": -0.11561371736844024,
      "fcf_margin": 0.062075866403862756,
      "rev_growth_yoy": 0.05209449765558002,
      "rev_growth_yoy_accel": 0.32883765602608905,
      "op_leverage_ratio": 12.341878160430852,
      "fcf_margin_change": 0.1150267283103436
    },
    {
      "date": "2023-09-30T00:00:00",
      "quarter_label": "2023-09 (Q3)",
      "revenue": 7112530,
      "gross_profit": 2926021,
      "operating_income": -368294,
      "net_income": -481573,
      "opex": 3294315,
      "cogs": 4186509,
      "rd": 160033,
      "sga": 3294315,
      "fcf": -1186047,
      "ocf": -1173926,
      "capex": -12121,
      "gross_margin": 0.4113896180402754,
      "op_margin": -0.0517810118199853,
      "fcf_margin": -0.1667545866238877,
      "rev_growth_yoy": 0.07470712937681603,
      "rev_growth_yoy_accel": 0.022612631721236016,
      "op_leverage_ratio": Infinity,
      "fcf_margin_change": -0.22883045302775046
    },
    {
      "date": "2023-12-31T00:00:00",
      "quarter_label": "2023-12 (Q4)",
      "revenue": 5898313,
      "gross_profit": 2349262,
      "operating_income": -1815325,
      "net_income": -1846397,
      "opex": 4164587,
      "cogs": 3549051,
      "rd": 214320,
      "sga": null,
      "fcf": 187317,
      "ocf": 202440,
      "capex": -15123,
      "gross_margin": 0.3982938850481485,
      "op_margin": -0.30777020480262746,
      "fcf_margin": 0.03175772462397299,
      "incr_op_margin_yoy": -0.3049896650752712,
      "rev_growth_yoy": 0.30159957171746415,
      "rev_growth_yoy_accel": 0.22689244234064812,
      "fcf_margin_change": 0.1985123112478607
    },
    {
      "date": "2024-03-31T00:00:00",
      "quarter_label": "2024-03 (Q1)",
      "revenue": 6186097,
      "gross_profit": 2575657,
      "operating_income": -1049885,
      "net_income": -1104967,
      "opex": 3625542,
      "cogs": 3610440,
      "rd": 254696,
      "sga": null,
      "fcf": 143264,
      "ocf": 248216,
      "capex": -104952,
      "gross_margin": 0.41636220705882887,
      "op_margin": -0.16971686670933223,
      "fcf_margin": 0.023159029029127736,
      "rev_growth_yoy": 0.14987105511747795,
      "rev_growth_yoy_accel": -0.1517285165999862,
      "op_leverage_ratio": Infinity,
      "fcf_margin_change": -0.008598695594845256
    },
    {
      "date": "2024-06-30T00:00:00",
      "quarter_label": "2024-06 (Q2)",
      "revenue": 4727787,
      "gross_profit": 2079155,
      "operating_income": -1473967,
      "net_income": -1538796,
      "opex": 3553122,
      "cogs": 2648632,
      "rd": 246489,
      "sga": null,
      "fcf": -609603,
      "ocf": -157919,
      "capex": -451684,
      "gross_margin": 0.4397734077275478,
      "op_margin": -0.3117667949084847,
      "fcf_margin": -0.12894045353566055,
      "incr_op_margin_yoy": 0.3432597498925022,
      "rev_growth_yoy": -0.2994582114220128,
      "rev_growth_yoy_accel": -0.44932926653949073,
      "fcf_margin_change": -0.15209948256478828
    },
    {
      "date": "2024-09-30T00:00:00",
      "quarter_label": "2024-09 (Q3)",
      "revenue": 5630130,
      "gross_profit": 2480914,
      "operating_income": -873223,
      "net_income": -930408,
      "opex": 3354137,
      "cogs": 3149216,
      "rd": 233809,
      "sga": null,
      "fcf": -489588,
      "ocf": -207292,
      "capex": -282296,
      "gross_margin": 0.4406495054288267,
      "op_margin": -0.15509819489070412,
      "fcf_margin": -0.08695856045952757,
      "incr_op_margin_yoy": 0.34061589314624935,
      "rev_growth_yoy": -0.2084209135146003,
      "rev_growth_yoy_accel": 0.0910372979074125,
      "op_leverage_ratio": Infinity,
      "fcf_margin_change": 0.04198189307613298
    },
    {
      "date": "2024-12-31T00:00:00",
      "quarter_label": "2024-12 (Q4)",
      "revenue": 6075522,
      "gross_profit": 2734447,
      "operating_income": -1137012,
      "net_income": -1186067,
      "opex": 3871459,
      "cogs": 3341075,
      "rd": 226843,
      "sga": null,
      "fcf": 4047311,
      "ocf": 4177542,
      "capex": -130231,
      "gross_margin": 0.4500760593081549,
      "op_margin": -0.18714638840909473,
      "fcf_margin": 0.6661667919233936,
      "rev_growth_yoy": 0.03004401428001532,
      "rev_growth_yoy_accel": 0.23846492779461562,
      "op_leverage_ratio": 0.5129131561014542,
      "fcf_margin_change": 0.7531253523829211
    },
    {
      "date": "2025-03-31T00:00:00",
      "quarter_label": "2025-03 (Q1)",
      "revenue": 7277770,
      "gross_profit": 3221040,
      "operating_income": -594244,
      "net_income": -659922,
      "opex": 3815284,
      "cogs": 4056730,
      "rd": 292668,
      "sga": null,
      "fcf": -1305423,
      "ocf": -1173403,
      "capex": -132020,
      "gross_margin": 0.4425861218477638,
      "op_margin": -0.08165193458985376,
      "fcf_margin": -0.17937129093115062,
      "incr_op_margin_yoy": 0.4173786472689166,
      "rev_growth_yoy": 0.17647201458367046,
      "rev_growth_yoy_accel": 0.14642800030365513,
      "op_leverage_ratio": Infinity,
      "fcf_margin_change": -0.8455380828545442
    },
    {
      "date": "2025-06-30T00:00:00",
      "quarter_label": "2025-06 (Q2)",
      "revenue": 7294820,
      "gross_profit": 2462492,
      "operating_income": -1411862,
      "net_income": -1464105,
      "opex": 3874354,
      "cogs": 4832328,
      "rd": 268724,
      "sga": null,
      "fcf": -2748186,
      "ocf": -2602217,
      "capex": -145969,
      "gross_margin": 0.33756720522233585,
      "op_margin": -0.19354308947993235,
      "fcf_margin": -0.37673115991895617,
      "incr_op_margin_yoy": 0.024193300202997002,
      "rev_growth_yoy": 0.542967142978311,
      "rev_growth_yoy_accel": 0.3664951283946405,
      "fcf_margin_change": -0.19735986898780555
    },
    {
      "date": "2025-09-30T00:00:00",
      "quarter_label": "2025-09 (Q3)",
      "revenue": 7183121,
      "gross_profit": 2183566,
      "operating_income": -2100704,
      "net_income": -2130947,
      "opex": 4284270,
      "cogs": 4999555,
      "rd": 297926,
      "sga": null,
      "fcf": -3636106,
      "ocf": -3560799,
      "capex": -75307,
      "gross_margin": 0.30398569089954075,
      "op_margin": -0.29245003669017966,
      "fcf_margin": -0.5062014130069645,
      "incr_op_margin_yoy": -0.7903980126092167,
      "rev_growth_yoy": 0.2758357267061329,
      "rev_growth_yoy_accel": -0.26713141627217807,
      "fcf_margin_change": -0.12947025308800836
    }
  ],
  "signals": [
    {
      "quarter": "2025-09 (Q3)",
      "signal": "YoY REVENUE GROWTH DECELERATION",
      "detail": "YoY growth: +27.6% vs prior quarter YoY: +54.3% (decel: -26.7%)",
      "severity": "WARNING"
    },
    {
      "quarter": "2025-06 (Q2)",
      "signal": "YoY REVENUE GROWTH ACCELERATION",
      "detail": "YoY growth: +54.3% vs prior quarter YoY: +17.6% (accel: +36.6%)",
      "severity": "HIGH"
    },
    {
      "quarter": "2025-03 (Q1)",
      "signal": "YoY REVENUE GROWTH ACCELERATION",
      "detail": "YoY growth: +17.6% vs prior quarter YoY: +3.0% (accel: +14.6%)",
      "severity": "MEDIUM"
    },
    {
      "quarter": "2024-12 (Q4)",
      "signal": "FCF TURNED POSITIVE",
      "detail": "FCF margin: -8.7% -> +66.6%",
      "severity": "HIGH"
    },
    {
      "quarter": "2024-12 (Q4)",
      "signal": "YoY REVENUE GROWTH ACCELERATION",
      "detail": "YoY growth: +3.0% vs prior quarter YoY: -20.8% (accel: +23.8%)",
      "severity": "HIGH"
    },
    {
      "quarter": "2024-09 (Q3)",
      "signal": "YoY REVENUE GROWTH ACCELERATION",
      "detail": "YoY growth: -20.8% vs prior quarter YoY: -29.9% (accel: +9.1%)",
      "severity": "MEDIUM"
    },
    {
      "quarter": "2024-06 (Q2)",
      "signal": "YoY REVENUE GROWTH DECELERATION",
      "detail": "YoY growth: -29.9% vs prior quarter YoY: +15.0% (decel: -44.9%)",
      "severity": "WARNING"
    },
    {
      "quarter": "2024-03 (Q1)",
      "signal": "YoY REVENUE GROWTH DECELERATION",
      "detail": "YoY growth: +15.0% vs prior quarter YoY: +30.2% (decel: -15.2%)",
      "severity": "WARNING"
    },
    {
      "quarter": "2023-12 (Q4)",
      "signal": "FCF TURNED POSITIVE",
      "detail": "FCF margin: -16.7% -> +3.2%",
      "severity": "HIGH"
    },
    {
      "quarter": "2023-12 (Q4)",
      "signal": "YoY REVENUE GROWTH ACCELERATION",
      "detail": "YoY growth: +30.2% vs prior quarter YoY: +7.5% (accel: +22.7%)",
      "severity": "HIGH"
    },
    {
      "quarter": "2023-06 (Q2)",
      "signal": "FCF TURNED POSITIVE",
      "detail": "FCF margin: -5.3% -> +6.2%",
      "severity": "HIGH"
    },
    {
      "quarter": "2023-06 (Q2)",
      "signal": "OPERATING LEVERAGE",
      "detail": "Rev growth +25.4% vs OpEx growth +2.1% (leverage: 12.3x)",
      "severity": "MEDIUM"
    },
    {
      "quarter": "2023-06 (Q2)",
      "signal": "GROSS MARGIN INFLECTION",
      "detail": "GM: +52.5% -> +38.9% -> +42.0% (reversal +3.1%)",
      "severity": "MEDIUM"
    },
    {
      "quarter": "2023-06 (Q2)",
      "signal": "YoY REVENUE GROWTH ACCELERATION",
      "detail": "YoY growth: +5.2% vs prior quarter YoY: -27.7% (accel: +32.9%)",
      "severity": "HIGH"
    },
    {
      "quarter": "2023-03 (Q1)",
      "signal": "FCF MARGIN EXPANSION",
      "detail": "FCF margin: -20.9% -> -5.3% (+15.6%)",
      "severity": "MEDIUM"
    },
    {
      "quarter": "2023-03 (Q1)",
      "signal": "YoY REVENUE GROWTH ACCELERATION",
      "detail": "YoY growth: -27.7% vs prior quarter YoY: -36.9% (accel: +9.2%)",
      "severity": "MEDIUM"
    },
    {
      "quarter": "2022-12 (Q4)",
      "signal": "YoY REVENUE GROWTH DECELERATION",
      "detail": "YoY growth: -36.9% vs prior quarter YoY: +31.9% (decel: -68.8%)",
      "severity": "WARNING"
    },
    {
      "quarter": "2022-09 (Q3)",
      "signal": "FCF TURNED POSITIVE",
      "detail": "FCF margin: -40.6% -> +1.0%",
      "severity": "HIGH"
    },
    {
      "quarter": "2022-09 (Q3)",
      "signal": "YoY REVENUE GROWTH ACCELERATION",
      "detail": "YoY growth: +31.9% vs prior quarter YoY: +4.4% (accel: +27.6%)",
      "severity": "HIGH"
    },
    {
      "quarter": "2022-06 (Q2)",
      "signal": "YoY REVENUE GROWTH DECELERATION",
      "detail": "YoY growth: +4.4% vs prior quarter YoY: +22.8% (decel: -18.4%)",
      "severity": "WARNING"
    },
    {
      "quarter": "2022-03 (Q1)",
      "signal": "FCF MARGIN EXPANSION",
      "detail": "FCF margin: +4.0% -> +24.4% (+20.4%)",
      "severity": "MEDIUM"
    },
    {
      "quarter": "2022-03 (Q1)",
      "signal": "OP MARGIN TURNED POSITIVE (YoY)",
      "detail": "Op margin: -2.3% (year-ago) -> +1.1%",
      "severity": "HIGH"
    },
    {
      "quarter": "2021-12 (Q4)",
      "signal": "OPERATING LEVERAGE",
      "detail": "Rev growth +43.1% vs OpEx growth +1.8% (leverage: 23.3x)",
      "severity": "MEDIUM"
    },
    {
      "quarter": "2021-12 (Q4)",
      "signal": "OP MARGIN TURNED POSITIVE (YoY)",
      "detail": "Op margin: -73.1% (year-ago) -> +1.9%",
      "severity": "HIGH"
    },
    {
      "quarter": "2021-12 (Q4)",
      "signal": "OP MARGIN TURNED POSITIVE (QoQ)",
      "detail": "Op margin: -18.1% -> +1.9%",
      "severity": "HIGH"
    },
    {
      "quarter": "2021-09 (Q3)",
      "signal": "FCF TURNED POSITIVE",
      "detail": "FCF margin: -8.2% -> +4.8%",
      "severity": "HIGH"
    },
    {
      "quarter": "2021-03 (Q1)",
      "signal": "FCF TURNED POSITIVE",
      "detail": "FCF margin: -0.1% -> +5.8%",
      "severity": "HIGH"
    }
  ],
  "data_quality": {
    "n_quarters": 20,
    "coverage": {
      "revenue": [
        20,
        20
      ],
      "gross_profit": [
        20,
        20
      ],
      "op_income": [
        20,
        20
      ],
      "fcf": [
        20,
        20
      ]
    },
    "gaps": [],
    "warnings": []
  },
  "market_cap": null,
  "source": "SEC EDGAR",
  "last_updated": "2026-02-02T23:15:00.499742"
}