{
  "ticker": "TGLS",
  "name": "TECNOGLASS INC.",
  "quarters": [
    {
      "date": "2020-12-31T00:00:00",
      "quarter_label": "2020-12 (Q4)",
      "revenue": 102374000,
      "gross_profit": 36910000,
      "operating_income": 17540000,
      "net_income": 18456000,
      "opex": 19370000,
      "cogs": 65464000,
      "rd": null,
      "sga": null,
      "fcf": 16096000,
      "ocf": 20687000,
      "capex": -4591000,
      "gross_margin": 0.3605407623029285,
      "op_margin": 0.17133256490905893,
      "fcf_margin": 0.15722742102486958
    },
    {
      "date": "2021-03-31T00:00:00",
      "quarter_label": "2021-03 (Q1)",
      "revenue": 110880000,
      "gross_profit": 45143000,
      "operating_income": 25393000,
      "net_income": 8166000,
      "opex": 19750000,
      "cogs": 65737000,
      "rd": null,
      "sga": null,
      "fcf": 22954000,
      "ocf": 28652000,
      "capex": -5698000,
      "gross_margin": 0.4071338383838384,
      "op_margin": 0.22901334776334775,
      "fcf_margin": 0.20701659451659452,
      "op_leverage_ratio": 4.23527612376909,
      "fcf_margin_change": 0.04978917349172493
    },
    {
      "date": "2021-06-30T00:00:00",
      "quarter_label": "2021-06 (Q2)",
      "revenue": 121714000,
      "gross_profit": 48627000,
      "operating_income": 28397000,
      "net_income": 19234000,
      "opex": 20230000,
      "cogs": 73087000,
      "rd": null,
      "sga": null,
      "fcf": 18834000,
      "ocf": 31461000,
      "capex": -12627000,
      "gross_margin": 0.3995185434707593,
      "op_margin": 0.23330923312026555,
      "fcf_margin": 0.1547397998586851,
      "op_leverage_ratio": 4.020327907046656,
      "fcf_margin_change": -0.05227679465790941
    },
    {
      "date": "2021-09-30T00:00:00",
      "quarter_label": "2021-09 (Q3)",
      "revenue": 130410000,
      "gross_profit": 51645000,
      "operating_income": 30154000,
      "net_income": 20919000,
      "opex": 21491000,
      "cogs": 78765000,
      "rd": null,
      "sga": null,
      "fcf": 18974000,
      "ocf": 32715000,
      "capex": -13741000,
      "gross_margin": 0.3960202438463308,
      "op_margin": 0.23122459934054138,
      "fcf_margin": 0.14549497737903536,
      "op_leverage_ratio": 1.1461983844630403,
      "fcf_margin_change": -0.00924482247964975
    },
    {
      "date": "2021-12-31T00:00:00",
      "quarter_label": "2021-12 (Q4)",
      "revenue": 133781000,
      "gross_profit": 57169000,
      "operating_income": 33041000,
      "net_income": 20109000,
      "opex": 24128000,
      "cogs": 76612000,
      "rd": null,
      "sga": null,
      "fcf": 4978000,
      "ocf": 24425000,
      "capex": -19447000,
      "gross_margin": 0.4273327303578236,
      "op_margin": 0.24697827045694082,
      "fcf_margin": 0.03721006719937809,
      "incr_op_margin_yoy": 0.4935523927786799,
      "rev_growth_yoy": 0.30678687948111827,
      "op_leverage_ratio": 0.21066595283618358,
      "fcf_margin_change": -0.10828491017965727
    },
    {
      "date": "2022-03-31T00:00:00",
      "quarter_label": "2022-03 (Q1)",
      "revenue": 134548000,
      "gross_profit": 60333000,
      "operating_income": 33966000,
      "net_income": 20853000,
      "opex": 26367000,
      "cogs": 74215000,
      "rd": null,
      "sga": null,
      "fcf": 17877000,
      "ocf": 27135000,
      "capex": -9258000,
      "gross_margin": 0.4484124624669263,
      "op_margin": 0.2524452240092755,
      "fcf_margin": 0.13286708089306418,
      "incr_op_margin_yoy": 0.36221902991380767,
      "rev_growth_yoy": 0.21345598845598845,
      "rev_growth_yoy_accel": -0.09333089102512981,
      "fcf_margin_change": 0.0956570136936861
    },
    {
      "date": "2022-06-30T00:00:00",
      "quarter_label": "2022-06 (Q2)",
      "revenue": 169124000,
      "gross_profit": 73632000,
      "operating_income": 45487000,
      "net_income": 33194000,
      "opex": 28145000,
      "cogs": 95492000,
      "rd": null,
      "sga": null,
      "fcf": 18870000,
      "ocf": 35862000,
      "capex": -16992000,
      "gross_margin": 0.4353728625150777,
      "op_margin": 0.2689565052860623,
      "fcf_margin": 0.11157493909793997,
      "incr_op_margin_yoy": 0.3604724741615693,
      "rev_growth_yoy": 0.3895196937082012,
      "rev_growth_yoy_accel": 0.17606370525221277,
      "op_leverage_ratio": 3.8108904594554183,
      "fcf_margin_change": -0.021292141795124203
    },
    {
      "date": "2022-09-30T00:00:00",
      "quarter_label": "2022-09 (Q3)",
      "revenue": 201780000,
      "gross_profit": 105296000,
      "operating_income": 70132000,
      "net_income": 46726000,
      "opex": 35164000,
      "cogs": 96484000,
      "rd": null,
      "sga": null,
      "fcf": 8534000,
      "ocf": 29101000,
      "capex": -20567000,
      "gross_margin": 0.5218356626028348,
      "op_margin": 0.3475666567548816,
      "fcf_margin": 0.04229358707503221,
      "incr_op_margin_yoy": 0.5601513240857503,
      "rev_growth_yoy": 0.5472739820565907,
      "rev_growth_yoy_accel": 0.1577542883483895,
      "op_leverage_ratio": 0.7742545322226424,
      "fcf_margin_change": -0.06928135202290776
    },
    {
      "date": "2022-12-31T00:00:00",
      "quarter_label": "2022-12 (Q4)",
      "revenue": 211118000,
      "gross_profit": 110238000,
      "operating_income": 76830000,
      "net_income": 54970000,
      "opex": 33408000,
      "cogs": 100880000,
      "rd": null,
      "sga": null,
      "fcf": 25312000,
      "ocf": 49822000,
      "capex": -24510000,
      "gross_margin": 0.5221629609981148,
      "op_margin": 0.3639197036728275,
      "fcf_margin": 0.11989503500412092,
      "incr_op_margin_yoy": 0.5662102227911607,
      "rev_growth_yoy": 0.5780865743266981,
      "rev_growth_yoy_accel": 0.030812592270107353,
      "op_leverage_ratio": Infinity,
      "fcf_margin_change": 0.07760144792908871
    },
    {
      "date": "2023-03-31T00:00:00",
      "quarter_label": "2023-03 (Q1)",
      "revenue": 202639000,
      "gross_profit": 107755000,
      "operating_income": 73680000,
      "net_income": 48235000,
      "opex": 34075000,
      "cogs": 94884000,
      "rd": null,
      "sga": null,
      "fcf": 27509000,
      "ocf": 43063000,
      "capex": -15554000,
      "gross_margin": 0.5317584472880343,
      "op_margin": 0.3636022680727797,
      "fcf_margin": 0.13575372953873638,
      "incr_op_margin_yoy": 0.5832488875181742,
      "rev_growth_yoy": 0.5060721824181704,
      "rev_growth_yoy_accel": -0.07201439190852765,
      "fcf_margin_change": 0.015858694534615456
    },
    {
      "date": "2023-06-30T00:00:00",
      "quarter_label": "2023-06 (Q2)",
      "revenue": 225280000,
      "gross_profit": 109670000,
      "operating_income": 74501000,
      "net_income": 52445000,
      "opex": 35169000,
      "cogs": 115610000,
      "rd": null,
      "sga": null,
      "fcf": -22181000,
      "ocf": 151000,
      "capex": -22332000,
      "gross_margin": 0.48681640625,
      "op_margin": 0.3307040127840909,
      "fcf_margin": -0.09845969460227273,
      "incr_op_margin_yoy": 0.5166678538357433,
      "rev_growth_yoy": 0.3320403963955441,
      "rev_growth_yoy_accel": -0.1740317860226263,
      "op_leverage_ratio": 3.4800951129913913,
      "fcf_margin_change": -0.2342134241410091
    },
    {
      "date": "2023-09-30T00:00:00",
      "quarter_label": "2023-09 (Q3)",
      "revenue": 210743000,
      "gross_profit": 90527000,
      "operating_income": 61012000,
      "net_income": 45863000,
      "opex": 29515000,
      "cogs": 120216000,
      "rd": null,
      "sga": null,
      "fcf": 26964000,
      "ocf": 51272000,
      "capex": -24308000,
      "gross_margin": 0.4295611242129039,
      "op_margin": 0.28950902283824376,
      "fcf_margin": 0.1279473102309448,
      "incr_op_margin_yoy": -1.017516456543568,
      "rev_growth_yoy": 0.0444196649816632,
      "rev_growth_yoy_accel": -0.2876207314138809,
      "fcf_margin_change": 0.22640700483321752
    },
    {
      "date": "2023-12-31T00:00:00",
      "quarter_label": "2023-12 (Q4)",
      "revenue": 194603000,
      "gross_profit": 82982000,
      "operating_income": 50569000,
      "net_income": 36339000,
      "opex": 32413000,
      "cogs": 111621000,
      "rd": null,
      "sga": null,
      "fcf": 28575000,
      "ocf": 44341000,
      "capex": -15766000,
      "gross_margin": 0.4264168589384542,
      "op_margin": 0.2598572478327672,
      "fcf_margin": 0.14683740743976198,
      "incr_op_margin_yoy": 1.5901301846805933,
      "rev_growth_yoy": -0.07822639471764606,
      "rev_growth_yoy_accel": -0.12264605969930925,
      "fcf_margin_change": 0.01889009720881718
    },
    {
      "date": "2024-03-31T00:00:00",
      "quarter_label": "2024-03 (Q1)",
      "revenue": 192627000,
      "gross_profit": 74660000,
      "operating_income": 41022000,
      "net_income": 29730000,
      "opex": 33638000,
      "cogs": 117967000,
      "rd": null,
      "sga": null,
      "fcf": 23561000,
      "ocf": 33447000,
      "capex": -9886000,
      "gross_margin": 0.38758844814070714,
      "op_margin": 0.21296079988786618,
      "fcf_margin": 0.12231410965233326,
      "incr_op_margin_yoy": 3.2618857371154615,
      "rev_growth_yoy": -0.04940806063985709,
      "rev_growth_yoy_accel": 0.02881833407778897,
      "fcf_margin_change": -0.02452329778742872
    },
    {
      "date": "2024-06-30T00:00:00",
      "quarter_label": "2024-06 (Q2)",
      "revenue": 219654000,
      "gross_profit": 89577000,
      "operating_income": 51134000,
      "net_income": 35028000,
      "opex": 38443000,
      "cogs": 130077000,
      "rd": null,
      "sga": null,
      "fcf": 14196000,
      "ocf": 34498000,
      "capex": -20302000,
      "gross_margin": 0.40780955502745225,
      "op_margin": 0.23279339324574103,
      "fcf_margin": 0.06462891638668088,
      "incr_op_margin_yoy": 4.153394952008532,
      "rev_growth_yoy": -0.02497336647727273,
      "rev_growth_yoy_accel": 0.02443469416258436,
      "op_leverage_ratio": 0.9822396356565106,
      "fcf_margin_change": -0.057685193265652385
    },
    {
      "date": "2024-09-30T00:00:00",
      "quarter_label": "2024-09 (Q3)",
      "revenue": 238327000,
      "gross_profit": 109233000,
      "operating_income": 67695000,
      "net_income": 49535000,
      "opex": 41538000,
      "cogs": 129094000,
      "rd": null,
      "sga": null,
      "fcf": 17776000,
      "ocf": 41461000,
      "capex": -23685000,
      "gross_margin": 0.45833245918423005,
      "op_margin": 0.28404251301782846,
      "fcf_margin": 0.07458659740608492,
      "incr_op_margin_yoy": 0.24227813225058004,
      "rev_growth_yoy": 0.13088928220628918,
      "rev_growth_yoy_accel": 0.1558626486835619,
      "op_leverage_ratio": 1.0559214180775103,
      "fcf_margin_change": 0.009957681019404044
    },
    {
      "date": "2024-12-31T00:00:00",
      "quarter_label": "2024-12 (Q4)",
      "revenue": 239573000,
      "gross_profit": 106502000,
      "operating_income": 67150000,
      "net_income": 47016000,
      "opex": 39352000,
      "cogs": 133071000,
      "rd": null,
      "sga": null,
      "fcf": 35436000,
      "ocf": 61126000,
      "capex": -25690000,
      "gross_margin": 0.44454926055941196,
      "op_margin": 0.2802903499142224,
      "fcf_margin": 0.14791316216769002,
      "incr_op_margin_yoy": 0.3687124749833222,
      "rev_growth_yoy": 0.23108585170834983,
      "rev_growth_yoy_accel": 0.10019656950206066,
      "fcf_margin_change": 0.0733265647616051
    },
    {
      "date": "2025-03-31T00:00:00",
      "quarter_label": "2025-03 (Q1)",
      "revenue": 222288000,
      "gross_profit": 97525000,
      "operating_income": 59329000,
      "net_income": 42189000,
      "opex": 42472000,
      "cogs": 124763000,
      "rd": null,
      "sga": null,
      "fcf": 16474000,
      "ocf": 46898000,
      "capex": -30424000,
      "gross_margin": 0.43873263513999855,
      "op_margin": 0.2669014971568416,
      "fcf_margin": 0.0741110631253149,
      "incr_op_margin_yoy": 0.6172077812615893,
      "rev_growth_yoy": 0.15398152906913362,
      "rev_growth_yoy_accel": -0.07710432263921621,
      "fcf_margin_change": -0.07380209904237511
    },
    {
      "date": "2025-06-30T00:00:00",
      "quarter_label": "2025-06 (Q2)",
      "revenue": 5296,
      "gross_profit": 114335000,
      "operating_income": 61204000,
      "net_income": 44083000,
      "opex": 53135000,
      "cogs": 141211000,
      "rd": null,
      "sga": null,
      "fcf": -14653000,
      "ocf": 17862000,
      "capex": -32515000,
      "gross_margin": 21588.93504531722,
      "op_margin": 11556.646525679758,
      "fcf_margin": -2766.8051359516617,
      "incr_op_margin_yoy": -0.045845934060234655,
      "rev_growth_yoy": -0.9999758893532555,
      "rev_growth_yoy_accel": -1.153957418422389,
      "fcf_margin_change": -2766.879247014787
    },
    {
      "date": "2025-09-30T00:00:00",
      "quarter_label": "2025-09 (Q3)",
      "revenue": 260479000,
      "gross_profit": 111320000,
      "operating_income": 65383000,
      "net_income": 47188000,
      "opex": 47298000,
      "cogs": 149159000,
      "rd": null,
      "sga": null,
      "fcf": 21230000,
      "ocf": 39986000,
      "capex": -18756000,
      "gross_margin": 0.4273665055532308,
      "op_margin": 0.2510106380936659,
      "fcf_margin": 0.08150369127645607,
      "incr_op_margin_yoy": -0.1043698085951607,
      "rev_growth_yoy": 0.09294792449030113,
      "rev_growth_yoy_accel": 1.0929238138435566,
      "op_leverage_ratio": Infinity,
      "fcf_margin_change": 2766.886639642938
    }
  ],
  "signals": [
    {
      "quarter": "2025-09 (Q3)",
      "signal": "FCF TURNED POSITIVE",
      "detail": "FCF margin: -276680.5% -> +8.2%",
      "severity": "HIGH"
    },
    {
      "quarter": "2025-09 (Q3)",
      "signal": "YoY REVENUE GROWTH ACCELERATION",
      "detail": "YoY growth: +9.3% vs prior quarter YoY: -100.0% (accel: +109.3%)",
      "severity": "HIGH"
    },
    {
      "quarter": "2025-06 (Q2)",
      "signal": "GROSS MARGIN INFLECTION",
      "detail": "GM: +44.5% -> +43.9% -> +2158893.5% (reversal +2158849.6%)",
      "severity": "HIGH"
    },
    {
      "quarter": "2025-06 (Q2)",
      "signal": "YoY REVENUE GROWTH DECELERATION",
      "detail": "YoY growth: -100.0% vs prior quarter YoY: +15.4% (decel: -115.4%)",
      "severity": "WARNING"
    },
    {
      "quarter": "2025-03 (Q1)",
      "signal": "YoY REVENUE GROWTH DECELERATION",
      "detail": "YoY growth: +15.4% vs prior quarter YoY: +23.1% (decel: -7.7%)",
      "severity": "WARNING"
    },
    {
      "quarter": "2025-03 (Q1)",
      "signal": "INCREMENTAL MARGIN (YoY)",
      "detail": "YoY Incr OPM: +61.7% vs year-ago OPM: +21.3%",
      "severity": "HIGH"
    },
    {
      "quarter": "2024-12 (Q4)",
      "signal": "FCF MARGIN EXPANSION",
      "detail": "FCF margin: +7.5% -> +14.8% (+7.3%)",
      "severity": "MEDIUM"
    },
    {
      "quarter": "2024-12 (Q4)",
      "signal": "YoY REVENUE GROWTH ACCELERATION",
      "detail": "YoY growth: +23.1% vs prior quarter YoY: +13.1% (accel: +10.0%)",
      "severity": "MEDIUM"
    },
    {
      "quarter": "2024-12 (Q4)",
      "signal": "INCREMENTAL MARGIN (YoY)",
      "detail": "YoY Incr OPM: +36.9% vs year-ago OPM: +26.0%",
      "severity": "MEDIUM"
    },
    {
      "quarter": "2024-09 (Q3)",
      "signal": "YoY REVENUE GROWTH ACCELERATION",
      "detail": "YoY growth: +13.1% vs prior quarter YoY: -2.5% (accel: +15.6%)",
      "severity": "HIGH"
    },
    {
      "quarter": "2024-06 (Q2)",
      "signal": "GROSS MARGIN INFLECTION",
      "detail": "GM: +42.6% -> +38.8% -> +40.8% (reversal +2.0%)",
      "severity": "MEDIUM"
    },
    {
      "quarter": "2024-06 (Q2)",
      "signal": "INCREMENTAL MARGIN (YoY)",
      "detail": "YoY Incr OPM: +415.3% vs year-ago OPM: +33.1%",
      "severity": "HIGH"
    },
    {
      "quarter": "2024-03 (Q1)",
      "signal": "INCREMENTAL MARGIN (YoY)",
      "detail": "YoY Incr OPM: +326.2% vs year-ago OPM: +36.4%",
      "severity": "HIGH"
    },
    {
      "quarter": "2023-12 (Q4)",
      "signal": "YoY REVENUE GROWTH DECELERATION",
      "detail": "YoY growth: -7.8% vs prior quarter YoY: +4.4% (decel: -12.3%)",
      "severity": "WARNING"
    },
    {
      "quarter": "2023-12 (Q4)",
      "signal": "INCREMENTAL MARGIN (YoY)",
      "detail": "YoY Incr OPM: +159.0% vs year-ago OPM: +36.4%",
      "severity": "HIGH"
    },
    {
      "quarter": "2023-09 (Q3)",
      "signal": "FCF TURNED POSITIVE",
      "detail": "FCF margin: -9.8% -> +12.8%",
      "severity": "HIGH"
    },
    {
      "quarter": "2023-09 (Q3)",
      "signal": "YoY REVENUE GROWTH DECELERATION",
      "detail": "YoY growth: +4.4% vs prior quarter YoY: +33.2% (decel: -28.8%)",
      "severity": "WARNING"
    },
    {
      "quarter": "2023-06 (Q2)",
      "signal": "OPERATING LEVERAGE",
      "detail": "Rev growth +11.2% vs OpEx growth +3.2% (leverage: 3.5x)",
      "severity": "MEDIUM"
    },
    {
      "quarter": "2023-06 (Q2)",
      "signal": "YoY REVENUE GROWTH DECELERATION",
      "detail": "YoY growth: +33.2% vs prior quarter YoY: +50.6% (decel: -17.4%)",
      "severity": "WARNING"
    },
    {
      "quarter": "2023-06 (Q2)",
      "signal": "INCREMENTAL MARGIN (YoY)",
      "detail": "YoY Incr OPM: +51.7% vs year-ago OPM: +26.9%",
      "severity": "HIGH"
    },
    {
      "quarter": "2023-03 (Q1)",
      "signal": "YoY REVENUE GROWTH DECELERATION",
      "detail": "YoY growth: +50.6% vs prior quarter YoY: +57.8% (decel: -7.2%)",
      "severity": "WARNING"
    },
    {
      "quarter": "2023-03 (Q1)",
      "signal": "INCREMENTAL MARGIN (YoY)",
      "detail": "YoY Incr OPM: +58.3% vs year-ago OPM: +25.2%",
      "severity": "HIGH"
    },
    {
      "quarter": "2022-12 (Q4)",
      "signal": "FCF MARGIN EXPANSION",
      "detail": "FCF margin: +4.2% -> +12.0% (+7.8%)",
      "severity": "MEDIUM"
    },
    {
      "quarter": "2022-12 (Q4)",
      "signal": "INCREMENTAL MARGIN (YoY)",
      "detail": "YoY Incr OPM: +56.6% vs year-ago OPM: +24.7%",
      "severity": "HIGH"
    },
    {
      "quarter": "2022-09 (Q3)",
      "signal": "GROSS MARGIN INFLECTION",
      "detail": "GM: +44.8% -> +43.5% -> +52.2% (reversal +8.6%)",
      "severity": "HIGH"
    },
    {
      "quarter": "2022-09 (Q3)",
      "signal": "YoY REVENUE GROWTH ACCELERATION",
      "detail": "YoY growth: +54.7% vs prior quarter YoY: +39.0% (accel: +15.8%)",
      "severity": "HIGH"
    },
    {
      "quarter": "2022-09 (Q3)",
      "signal": "INCREMENTAL MARGIN (YoY)",
      "detail": "YoY Incr OPM: +56.0% vs year-ago OPM: +23.1%",
      "severity": "HIGH"
    },
    {
      "quarter": "2022-06 (Q2)",
      "signal": "OPERATING LEVERAGE",
      "detail": "Rev growth +25.7% vs OpEx growth +6.7% (leverage: 3.8x)",
      "severity": "MEDIUM"
    },
    {
      "quarter": "2022-06 (Q2)",
      "signal": "YoY REVENUE GROWTH ACCELERATION",
      "detail": "YoY growth: +39.0% vs prior quarter YoY: +21.3% (accel: +17.6%)",
      "severity": "HIGH"
    },
    {
      "quarter": "2022-06 (Q2)",
      "signal": "INCREMENTAL MARGIN (YoY)",
      "detail": "YoY Incr OPM: +36.0% vs year-ago OPM: +23.3%",
      "severity": "MEDIUM"
    },
    {
      "quarter": "2022-03 (Q1)",
      "signal": "FCF MARGIN EXPANSION",
      "detail": "FCF margin: +3.7% -> +13.3% (+9.6%)",
      "severity": "MEDIUM"
    },
    {
      "quarter": "2022-03 (Q1)",
      "signal": "YoY REVENUE GROWTH DECELERATION",
      "detail": "YoY growth: +21.3% vs prior quarter YoY: +30.7% (decel: -9.3%)",
      "severity": "WARNING"
    },
    {
      "quarter": "2022-03 (Q1)",
      "signal": "INCREMENTAL MARGIN (YoY)",
      "detail": "YoY Incr OPM: +36.2% vs year-ago OPM: +22.9%",
      "severity": "MEDIUM"
    },
    {
      "quarter": "2021-12 (Q4)",
      "signal": "GROSS MARGIN INFLECTION",
      "detail": "GM: +40.0% -> +39.6% -> +42.7% (reversal +3.1%)",
      "severity": "MEDIUM"
    },
    {
      "quarter": "2021-12 (Q4)",
      "signal": "INCREMENTAL MARGIN (YoY)",
      "detail": "YoY Incr OPM: +49.4% vs year-ago OPM: +17.1%",
      "severity": "HIGH"
    },
    {
      "quarter": "2021-06 (Q2)",
      "signal": "OPERATING LEVERAGE",
      "detail": "Rev growth +9.8% vs OpEx growth +2.4% (leverage: 4.0x)",
      "severity": "MEDIUM"
    },
    {
      "quarter": "2021-03 (Q1)",
      "signal": "OPERATING LEVERAGE",
      "detail": "Rev growth +8.3% vs OpEx growth +2.0% (leverage: 4.2x)",
      "severity": "MEDIUM"
    }
  ],
  "data_quality": {
    "n_quarters": 20,
    "coverage": {
      "revenue": [
        20,
        20
      ],
      "gross_profit": [
        20,
        20
      ],
      "op_income": [
        20,
        20
      ],
      "fcf": [
        20,
        20
      ]
    },
    "gaps": [],
    "warnings": []
  },
  "market_cap": null,
  "source": "SEC EDGAR",
  "last_updated": "2026-02-02T21:31:49.626641"
}