{
  "ticker": "TGNA",
  "name": "TEGNA INC.",
  "quarters": [
    {
      "date": "2020-12-31T00:00:00",
      "quarter_label": "2020-12 (Q4)",
      "revenue": 937575000,
      "gross_profit": 538208000,
      "operating_income": 393646000,
      "net_income": 244304000,
      "opex": 543929000,
      "cogs": 399367000,
      "rd": null,
      "sga": 97682000,
      "fcf": 274469000,
      "ocf": 289385000,
      "capex": -14916000,
      "gross_margin": 0.5740426099245394,
      "op_margin": 0.4198554782284084,
      "fcf_margin": 0.29274351385222513
    },
    {
      "date": "2021-03-31T00:00:00",
      "quarter_label": "2021-03 (Q1)",
      "revenue": 727051000,
      "gross_profit": 332359000,
      "operating_income": 195930000,
      "net_income": 112617000,
      "opex": 531121000,
      "cogs": 394692000,
      "rd": null,
      "sga": 89326000,
      "fcf": 44886000,
      "ocf": 58071000,
      "capex": -13185000,
      "gross_margin": 0.4571329934213693,
      "op_margin": 0.2694859095166639,
      "fcf_margin": 0.06173707208985339,
      "fcf_margin_change": -0.23100644176237173
    },
    {
      "date": "2021-06-30T00:00:00",
      "quarter_label": "2021-06 (Q2)",
      "revenue": 732908000,
      "gross_profit": 335790000,
      "operating_income": 185522000,
      "net_income": 106627000,
      "opex": 547386000,
      "cogs": 397118000,
      "rd": null,
      "sga": 96949000,
      "fcf": 123986000,
      "ocf": 138422000,
      "capex": -14436000,
      "gross_margin": 0.45816118803451455,
      "op_margin": 0.25313136164429917,
      "fcf_margin": 0.16916993674513037,
      "fcf_margin_change": 0.10743286465527697
    },
    {
      "date": "2021-09-30T00:00:00",
      "quarter_label": "2021-09 (Q3)",
      "revenue": 756487000,
      "gross_profit": 356736000,
      "operating_income": 211350000,
      "net_income": 128280000,
      "opex": 545137000,
      "cogs": 399751000,
      "rd": null,
      "sga": 100425000,
      "fcf": 134314000,
      "ocf": 146111000,
      "capex": -11797000,
      "gross_margin": 0.4715692404496046,
      "op_margin": 0.27938351881790435,
      "fcf_margin": 0.1775496472510433,
      "op_leverage_ratio": Infinity,
      "fcf_margin_change": 0.008379710505912935
    },
    {
      "date": "2021-12-31T00:00:00",
      "quarter_label": "2021-12 (Q4)",
      "revenue": 774647000,
      "gross_profit": 367449000,
      "operating_income": 209414000,
      "net_income": 129431000,
      "opex": 565233000,
      "cogs": 407198000,
      "rd": null,
      "sga": 109746000,
      "fcf": 135350000,
      "ocf": 159008000,
      "capex": -23658000,
      "gross_margin": 0.4743437978847139,
      "op_margin": 0.2703347460198,
      "fcf_margin": 0.1747247455937995,
      "incr_op_margin_yoy": 1.1307571442600413,
      "rev_growth_yoy": -0.1737759645894995,
      "op_leverage_ratio": 0.6511940335522919,
      "fcf_margin_change": -0.0028249016572438057
    },
    {
      "date": "2022-03-31T00:00:00",
      "quarter_label": "2022-03 (Q1)",
      "revenue": 774123000,
      "gross_profit": 362673000,
      "operating_income": 209137000,
      "net_income": 134234000,
      "opex": 564986000,
      "cogs": 411450000,
      "rd": null,
      "sga": 101969000,
      "fcf": 190722000,
      "ocf": 196260000,
      "capex": -5538000,
      "gross_margin": 0.4684953166357284,
      "op_margin": 0.27015990998846434,
      "fcf_margin": 0.2463717006212191,
      "incr_op_margin_yoy": 0.28057019034670294,
      "rev_growth_yoy": 0.0647437387473506,
      "rev_growth_yoy_accel": 0.2385197033368501,
      "fcf_margin_change": 0.0716469550274196
    },
    {
      "date": "2022-06-30T00:00:00",
      "quarter_label": "2022-06 (Q2)",
      "revenue": 784881000,
      "gross_profit": 364646000,
      "operating_income": 221021000,
      "net_income": 131569000,
      "opex": 563860000,
      "cogs": 420235000,
      "rd": null,
      "sga": 99585000,
      "fcf": 177571000,
      "ocf": 195127000,
      "capex": -17556000,
      "gross_margin": 0.4645876253852495,
      "op_margin": 0.28159810213268,
      "fcf_margin": 0.22623939170396531,
      "incr_op_margin_yoy": 0.6830277259346199,
      "rev_growth_yoy": 0.07091340250072314,
      "rev_growth_yoy_accel": 0.006169663753372551,
      "op_leverage_ratio": Infinity,
      "fcf_margin_change": -0.02013230891725379
    },
    {
      "date": "2022-09-30T00:00:00",
      "quarter_label": "2022-09 (Q3)",
      "revenue": 803111000,
      "gross_profit": 374220000,
      "operating_income": 232258000,
      "net_income": 146065000,
      "opex": 570853000,
      "cogs": 428891000,
      "rd": null,
      "sga": 98582000,
      "fcf": 196885000,
      "ocf": 209318000,
      "capex": -12433000,
      "gross_margin": 0.4659629864364951,
      "op_margin": 0.2891978817373937,
      "fcf_margin": 0.24515291161495734,
      "incr_op_margin_yoy": 0.4484385724090597,
      "rev_growth_yoy": 0.06163225541218818,
      "rev_growth_yoy_accel": -0.00928114708853496,
      "op_leverage_ratio": 1.872796596327934,
      "fcf_margin_change": 0.01891351991099202
    },
    {
      "date": "2022-12-31T00:00:00",
      "quarter_label": "2022-12 (Q4)",
      "revenue": 917130000,
      "gross_profit": 484485000,
      "operating_income": 328216000,
      "net_income": 218601000,
      "opex": 588914000,
      "cogs": 432645000,
      "rd": null,
      "sga": 114394000,
      "fcf": 195640000,
      "ocf": 211446000,
      "capex": -15806000,
      "gross_margin": 0.528262078440352,
      "op_margin": 0.35787292968281487,
      "fcf_margin": 0.21331763217864425,
      "incr_op_margin_yoy": 0.833797716218777,
      "rev_growth_yoy": 0.18393281068667405,
      "rev_growth_yoy_accel": 0.12230055527448587,
      "op_leverage_ratio": 4.487290112517806,
      "fcf_margin_change": -0.03183527943631309
    },
    {
      "date": "2023-03-31T00:00:00",
      "quarter_label": "2023-03 (Q1)",
      "revenue": 740327000,
      "gross_profit": 313395000,
      "operating_income": 173555000,
      "net_income": 104303000,
      "opex": 566772000,
      "cogs": 426932000,
      "rd": null,
      "sga": 99109000,
      "fcf": 167542000,
      "ocf": 170387000,
      "capex": -2845000,
      "gross_margin": 0.42331969521576274,
      "op_margin": 0.23443019098317366,
      "fcf_margin": 0.22630810439170798,
      "incr_op_margin_yoy": 1.0528464907089596,
      "rev_growth_yoy": -0.043657144923997866,
      "rev_growth_yoy_accel": -0.2275899556106719,
      "fcf_margin_change": 0.012990472213063736
    },
    {
      "date": "2023-06-30T00:00:00",
      "quarter_label": "2023-06 (Q2)",
      "revenue": 731506000,
      "gross_profit": 300978000,
      "operating_income": 281599000,
      "net_income": 200105000,
      "opex": 449907000,
      "cogs": 430528000,
      "rd": null,
      "sga": 97231000,
      "fcf": 125452000,
      "ocf": 137098000,
      "capex": -11646000,
      "gross_margin": 0.4114498035559517,
      "op_margin": 0.38495788141177245,
      "fcf_margin": 0.17149825155227708,
      "incr_op_margin_yoy": -1.1349508196721312,
      "rev_growth_yoy": -0.0680039394506938,
      "rev_growth_yoy_accel": -0.024346794526695935,
      "fcf_margin_change": -0.054809852839430906
    },
    {
      "date": "2023-09-30T00:00:00",
      "quarter_label": "2023-09 (Q3)",
      "revenue": 713243000,
      "gross_profit": 274983000,
      "operating_income": 134657000,
      "net_income": 96183000,
      "opex": 578586000,
      "cogs": 438260000,
      "rd": null,
      "sga": 98394000,
      "fcf": 86544000,
      "ocf": 101354000,
      "capex": -14810000,
      "gross_margin": 0.385539009846574,
      "op_margin": 0.1887954035300732,
      "fcf_margin": 0.1213387302784605,
      "incr_op_margin_yoy": 1.086048426581208,
      "rev_growth_yoy": -0.11189984946041083,
      "rev_growth_yoy_accel": -0.04389591000971703,
      "fcf_margin_change": -0.05015952127381658
    },
    {
      "date": "2023-12-31T00:00:00",
      "quarter_label": "2023-12 (Q4)",
      "revenue": 725854000,
      "gross_profit": 302717000,
      "operating_income": 143734000,
      "net_income": 76133000,
      "opex": 582120000,
      "cogs": 423137000,
      "rd": null,
      "sga": 117266000,
      "fcf": 153017000,
      "ocf": 178410000,
      "capex": -25393000,
      "gross_margin": 0.4170494341837339,
      "op_margin": 0.19802053856560686,
      "fcf_margin": 0.21080961185031702,
      "incr_op_margin_yoy": 0.9644806457684184,
      "rev_growth_yoy": -0.20855931002148007,
      "rev_growth_yoy_accel": -0.09665946056106924,
      "op_leverage_ratio": 2.894765468614105,
      "fcf_margin_change": 0.08947088157185652
    },
    {
      "date": "2024-03-31T00:00:00",
      "quarter_label": "2024-03 (Q1)",
      "revenue": 714252000,
      "gross_profit": 283685000,
      "operating_income": 137560000,
      "net_income": 189560000,
      "opex": 576692000,
      "cogs": 430567000,
      "rd": null,
      "sga": 102260000,
      "fcf": 95469000,
      "ocf": 100380000,
      "capex": -4911000,
      "gross_margin": 0.39717774678964846,
      "op_margin": 0.1925930903938666,
      "fcf_margin": 0.13366290888929958,
      "incr_op_margin_yoy": 1.3804410354745926,
      "rev_growth_yoy": -0.03522092264634412,
      "rev_growth_yoy_accel": 0.17333838737513596,
      "fcf_margin_change": -0.07714670296101744
    },
    {
      "date": "2024-06-30T00:00:00",
      "quarter_label": "2024-06 (Q2)",
      "revenue": 710363000,
      "gross_profit": 278319000,
      "operating_income": 141860000,
      "net_income": 82144000,
      "opex": 568503000,
      "cogs": 432044000,
      "rd": null,
      "sga": 94938000,
      "fcf": 108807000,
      "ocf": 124779000,
      "capex": -15972000,
      "gross_margin": 0.3917982777819228,
      "op_margin": 0.19970071639429418,
      "fcf_margin": 0.1531709844121949,
      "incr_op_margin_yoy": 6.609232370051553,
      "rev_growth_yoy": -0.028903385618163076,
      "rev_growth_yoy_accel": 0.006317537028181042,
      "fcf_margin_change": 0.019508075522895324
    },
    {
      "date": "2024-09-30T00:00:00",
      "quarter_label": "2024-09 (Q3)",
      "revenue": 806827000,
      "gross_profit": 368972000,
      "operating_income": 229892000,
      "net_income": 147448000,
      "opex": 576935000,
      "cogs": 437855000,
      "rd": null,
      "sga": 96882000,
      "fcf": 194643000,
      "ocf": 210057000,
      "capex": -15414000,
      "gross_margin": 0.45731241021929114,
      "op_margin": 0.2849334491780766,
      "fcf_margin": 0.24124502526563935,
      "incr_op_margin_yoy": 1.0176419045990768,
      "rev_growth_yoy": 0.13120913910126003,
      "rev_growth_yoy_accel": 0.1601125247194231,
      "op_leverage_ratio": 9.155606035785201,
      "fcf_margin_change": 0.08807404085344445
    },
    {
      "date": "2024-12-31T00:00:00",
      "quarter_label": "2024-12 (Q4)",
      "revenue": 870529000,
      "gross_profit": 414880000,
      "operating_income": 275472000,
      "net_income": 180666000,
      "opex": 595057000,
      "cogs": 455649000,
      "rd": null,
      "sga": 100509000,
      "fcf": 233608000,
      "ocf": 249751000,
      "capex": -16143000,
      "gross_margin": 0.4765837783692444,
      "op_margin": 0.3164420714301304,
      "fcf_margin": 0.2683517723131567,
      "incr_op_margin_yoy": 0.9105788837048557,
      "rev_growth_yoy": 0.19931694252563187,
      "rev_growth_yoy_accel": 0.06810780342437184,
      "op_leverage_ratio": 2.5135840095165087,
      "fcf_margin_change": 0.027106747047517366
    },
    {
      "date": "2025-03-31T00:00:00",
      "quarter_label": "2025-03 (Q1)",
      "revenue": 680049000,
      "gross_profit": 239058000,
      "operating_income": 109023000,
      "net_income": 58671000,
      "opex": 571026000,
      "cogs": 440991000,
      "rd": null,
      "sga": 95547000,
      "fcf": 54683000,
      "ocf": 59629000,
      "capex": -4946000,
      "gross_margin": 0.35153055147496726,
      "op_margin": 0.1603163889660892,
      "fcf_margin": 0.08041038219304786,
      "incr_op_margin_yoy": 0.8343420167821536,
      "rev_growth_yoy": -0.04788646024092337,
      "rev_growth_yoy_accel": -0.24720340276655522,
      "fcf_margin_change": -0.18794139012010885
    },
    {
      "date": "2025-06-30T00:00:00",
      "quarter_label": "2025-06 (Q2)",
      "revenue": 675045000,
      "gross_profit": 252149000,
      "operating_income": 122414000,
      "net_income": 67922000,
      "opex": 552631000,
      "cogs": 422896000,
      "rd": null,
      "sga": 94998000,
      "fcf": 92757000,
      "ocf": 99862000,
      "capex": -7105000,
      "gross_margin": 0.37352917212926545,
      "op_margin": 0.1813419846084335,
      "fcf_margin": 0.13740861720329756,
      "incr_op_margin_yoy": 0.5505974290729939,
      "rev_growth_yoy": -0.049718242644957576,
      "rev_growth_yoy_accel": -0.001831782404034206,
      "fcf_margin_change": 0.0569982350102497
    },
    {
      "date": "2025-09-30T00:00:00",
      "quarter_label": "2025-09 (Q3)",
      "revenue": 650791000,
      "gross_profit": 228670000,
      "operating_income": 92120000,
      "net_income": 37116000,
      "opex": 558671000,
      "cogs": 422121000,
      "rd": null,
      "sga": 89901000,
      "fcf": 48375000,
      "ocf": 59134000,
      "capex": -10759000,
      "gross_margin": 0.35137240680955945,
      "op_margin": 0.14155082046309797,
      "fcf_margin": 0.07433261984262228,
      "incr_op_margin_yoy": 0.882950088441129,
      "rev_growth_yoy": -0.19339461867290014,
      "rev_growth_yoy_accel": -0.14367637602794256,
      "fcf_margin_change": -0.06307599736067528
    }
  ],
  "signals": [
    {
      "quarter": "2025-09 (Q3)",
      "signal": "YoY REVENUE GROWTH DECELERATION",
      "detail": "YoY growth: -19.3% vs prior quarter YoY: -5.0% (decel: -14.4%)",
      "severity": "WARNING"
    },
    {
      "quarter": "2025-09 (Q3)",
      "signal": "INCREMENTAL MARGIN (YoY)",
      "detail": "YoY Incr OPM: +88.3% vs year-ago OPM: +28.5%",
      "severity": "HIGH"
    },
    {
      "quarter": "2025-06 (Q2)",
      "signal": "FCF MARGIN EXPANSION",
      "detail": "FCF margin: +8.0% -> +13.7% (+5.7%)",
      "severity": "MEDIUM"
    },
    {
      "quarter": "2025-06 (Q2)",
      "signal": "GROSS MARGIN INFLECTION",
      "detail": "GM: +47.7% -> +35.2% -> +37.4% (reversal +2.2%)",
      "severity": "MEDIUM"
    },
    {
      "quarter": "2025-06 (Q2)",
      "signal": "INCREMENTAL MARGIN (YoY)",
      "detail": "YoY Incr OPM: +55.1% vs year-ago OPM: +20.0%",
      "severity": "HIGH"
    },
    {
      "quarter": "2025-03 (Q1)",
      "signal": "YoY REVENUE GROWTH DECELERATION",
      "detail": "YoY growth: -4.8% vs prior quarter YoY: +19.9% (decel: -24.7%)",
      "severity": "WARNING"
    },
    {
      "quarter": "2025-03 (Q1)",
      "signal": "INCREMENTAL MARGIN (YoY)",
      "detail": "YoY Incr OPM: +83.4% vs year-ago OPM: +19.3%",
      "severity": "HIGH"
    },
    {
      "quarter": "2024-12 (Q4)",
      "signal": "OPERATING LEVERAGE",
      "detail": "Rev growth +7.9% vs OpEx growth +3.1% (leverage: 2.5x)",
      "severity": "MEDIUM"
    },
    {
      "quarter": "2024-12 (Q4)",
      "signal": "YoY REVENUE GROWTH ACCELERATION",
      "detail": "YoY growth: +19.9% vs prior quarter YoY: +13.1% (accel: +6.8%)",
      "severity": "MEDIUM"
    },
    {
      "quarter": "2024-12 (Q4)",
      "signal": "INCREMENTAL MARGIN (YoY)",
      "detail": "YoY Incr OPM: +91.1% vs year-ago OPM: +19.8%",
      "severity": "HIGH"
    },
    {
      "quarter": "2024-09 (Q3)",
      "signal": "FCF MARGIN EXPANSION",
      "detail": "FCF margin: +15.3% -> +24.1% (+8.8%)",
      "severity": "MEDIUM"
    },
    {
      "quarter": "2024-09 (Q3)",
      "signal": "OPERATING LEVERAGE",
      "detail": "Rev growth +13.6% vs OpEx growth +1.5% (leverage: 9.2x)",
      "severity": "MEDIUM"
    },
    {
      "quarter": "2024-09 (Q3)",
      "signal": "GROSS MARGIN INFLECTION",
      "detail": "GM: +39.7% -> +39.2% -> +45.7% (reversal +6.6%)",
      "severity": "HIGH"
    },
    {
      "quarter": "2024-09 (Q3)",
      "signal": "YoY REVENUE GROWTH ACCELERATION",
      "detail": "YoY growth: +13.1% vs prior quarter YoY: -2.9% (accel: +16.0%)",
      "severity": "HIGH"
    },
    {
      "quarter": "2024-09 (Q3)",
      "signal": "INCREMENTAL MARGIN (YoY)",
      "detail": "YoY Incr OPM: +101.8% vs year-ago OPM: +18.9%",
      "severity": "HIGH"
    },
    {
      "quarter": "2024-06 (Q2)",
      "signal": "INCREMENTAL MARGIN (YoY)",
      "detail": "YoY Incr OPM: +660.9% vs year-ago OPM: +38.5%",
      "severity": "HIGH"
    },
    {
      "quarter": "2024-03 (Q1)",
      "signal": "YoY REVENUE GROWTH ACCELERATION",
      "detail": "YoY growth: -3.5% vs prior quarter YoY: -20.9% (accel: +17.3%)",
      "severity": "HIGH"
    },
    {
      "quarter": "2024-03 (Q1)",
      "signal": "INCREMENTAL MARGIN (YoY)",
      "detail": "YoY Incr OPM: +138.0% vs year-ago OPM: +23.4%",
      "severity": "HIGH"
    },
    {
      "quarter": "2023-12 (Q4)",
      "signal": "FCF MARGIN EXPANSION",
      "detail": "FCF margin: +12.1% -> +21.1% (+8.9%)",
      "severity": "MEDIUM"
    },
    {
      "quarter": "2023-12 (Q4)",
      "signal": "OPERATING LEVERAGE",
      "detail": "Rev growth +1.8% vs OpEx growth +0.6% (leverage: 2.9x)",
      "severity": "MEDIUM"
    },
    {
      "quarter": "2023-12 (Q4)",
      "signal": "GROSS MARGIN INFLECTION",
      "detail": "GM: +41.1% -> +38.6% -> +41.7% (reversal +3.2%)",
      "severity": "MEDIUM"
    },
    {
      "quarter": "2023-12 (Q4)",
      "signal": "YoY REVENUE GROWTH DECELERATION",
      "detail": "YoY growth: -20.9% vs prior quarter YoY: -11.2% (decel: -9.7%)",
      "severity": "WARNING"
    },
    {
      "quarter": "2023-12 (Q4)",
      "signal": "INCREMENTAL MARGIN (YoY)",
      "detail": "YoY Incr OPM: +96.4% vs year-ago OPM: +35.8%",
      "severity": "HIGH"
    },
    {
      "quarter": "2023-09 (Q3)",
      "signal": "INCREMENTAL MARGIN (YoY)",
      "detail": "YoY Incr OPM: +108.6% vs year-ago OPM: +28.9%",
      "severity": "HIGH"
    },
    {
      "quarter": "2023-03 (Q1)",
      "signal": "YoY REVENUE GROWTH DECELERATION",
      "detail": "YoY growth: -4.4% vs prior quarter YoY: +18.4% (decel: -22.8%)",
      "severity": "WARNING"
    },
    {
      "quarter": "2023-03 (Q1)",
      "signal": "INCREMENTAL MARGIN (YoY)",
      "detail": "YoY Incr OPM: +105.3% vs year-ago OPM: +27.0%",
      "severity": "HIGH"
    },
    {
      "quarter": "2022-12 (Q4)",
      "signal": "OPERATING LEVERAGE",
      "detail": "Rev growth +14.2% vs OpEx growth +3.2% (leverage: 4.5x)",
      "severity": "MEDIUM"
    },
    {
      "quarter": "2022-12 (Q4)",
      "signal": "YoY REVENUE GROWTH ACCELERATION",
      "detail": "YoY growth: +18.4% vs prior quarter YoY: +6.2% (accel: +12.2%)",
      "severity": "MEDIUM"
    },
    {
      "quarter": "2022-12 (Q4)",
      "signal": "INCREMENTAL MARGIN (YoY)",
      "detail": "YoY Incr OPM: +83.4% vs year-ago OPM: +27.0%",
      "severity": "HIGH"
    },
    {
      "quarter": "2022-09 (Q3)",
      "signal": "OPERATING LEVERAGE",
      "detail": "Rev growth +2.3% vs OpEx growth +1.2% (leverage: 1.9x)",
      "severity": "MEDIUM"
    },
    {
      "quarter": "2022-09 (Q3)",
      "signal": "INCREMENTAL MARGIN (YoY)",
      "detail": "YoY Incr OPM: +44.8% vs year-ago OPM: +27.9%",
      "severity": "MEDIUM"
    },
    {
      "quarter": "2022-06 (Q2)",
      "signal": "INCREMENTAL MARGIN (YoY)",
      "detail": "YoY Incr OPM: +68.3% vs year-ago OPM: +25.3%",
      "severity": "HIGH"
    },
    {
      "quarter": "2022-03 (Q1)",
      "signal": "FCF MARGIN EXPANSION",
      "detail": "FCF margin: +17.5% -> +24.6% (+7.2%)",
      "severity": "MEDIUM"
    },
    {
      "quarter": "2022-03 (Q1)",
      "signal": "YoY REVENUE GROWTH ACCELERATION",
      "detail": "YoY growth: +6.5% vs prior quarter YoY: -17.4% (accel: +23.9%)",
      "severity": "HIGH"
    },
    {
      "quarter": "2021-12 (Q4)",
      "signal": "INCREMENTAL MARGIN (YoY)",
      "detail": "YoY Incr OPM: +113.1% vs year-ago OPM: +42.0%",
      "severity": "HIGH"
    },
    {
      "quarter": "2021-06 (Q2)",
      "signal": "FCF MARGIN EXPANSION",
      "detail": "FCF margin: +6.2% -> +16.9% (+10.7%)",
      "severity": "MEDIUM"
    }
  ],
  "data_quality": {
    "n_quarters": 20,
    "coverage": {
      "revenue": [
        20,
        20
      ],
      "gross_profit": [
        20,
        20
      ],
      "op_income": [
        20,
        20
      ],
      "fcf": [
        20,
        20
      ]
    },
    "gaps": [],
    "warnings": []
  },
  "market_cap": null,
  "source": "SEC EDGAR",
  "last_updated": "2026-02-02T21:22:06.060397"
}