{
  "ticker": "TGT",
  "name": "Target Corporation",
  "quarters": [
    {
      "date": "2021-01-30T00:00:00",
      "quarter_label": "2021-01 (Q1)",
      "revenue": 28339000000,
      "gross_profit": null,
      "operating_income": 1836000000,
      "net_income": 1380000000,
      "opex": null,
      "cogs": null,
      "rd": null,
      "sga": 5448000000,
      "fcf": 2841000000,
      "ocf": 3481000000,
      "capex": -640000000,
      "gross_margin": null,
      "op_margin": 0.0647870425914817,
      "fcf_margin": 0.10025053812766858
    },
    {
      "date": "2021-05-01T00:00:00",
      "quarter_label": "2021-05 (Q2)",
      "revenue": 24197000000,
      "gross_profit": null,
      "operating_income": 2374000000,
      "net_income": 2097000000,
      "opex": null,
      "cogs": null,
      "rd": null,
      "sga": 4509000000,
      "fcf": 599000000,
      "ocf": 1139000000,
      "capex": -540000000,
      "gross_margin": null,
      "op_margin": 0.09811133611604744,
      "fcf_margin": 0.024755134934082736,
      "fcf_margin_change": -0.07549540319358584
    },
    {
      "date": "2021-07-31T00:00:00",
      "quarter_label": "2021-07 (Q3)",
      "revenue": 25160000000,
      "gross_profit": null,
      "operating_income": 2467000000,
      "net_income": 1817000000,
      "opex": null,
      "cogs": null,
      "rd": null,
      "sga": 4849000000,
      "fcf": 1485000000,
      "ocf": 2283000000,
      "capex": -798000000,
      "gross_margin": null,
      "op_margin": 0.09805246422893482,
      "fcf_margin": 0.059022257551669316,
      "fcf_margin_change": 0.034267122617586576
    },
    {
      "date": "2021-10-30T00:00:00",
      "quarter_label": "2021-10 (Q4)",
      "revenue": 25652000000,
      "gross_profit": 7446000000,
      "operating_income": 2010000000,
      "net_income": 1488000000,
      "opex": 5436000000,
      "cogs": 18206000000,
      "rd": null,
      "sga": 4859000000,
      "fcf": 1030000000,
      "ocf": 2175000000,
      "capex": -1145000000,
      "gross_margin": 0.2902697645407765,
      "op_margin": 0.0783564634336504,
      "fcf_margin": 0.040152814595353185,
      "fcf_margin_change": -0.01886944295631613
    },
    {
      "date": "2022-01-29T00:00:00",
      "quarter_label": "2022-01 (Q1)",
      "revenue": 30996000000,
      "gross_profit": 8235000000,
      "operating_income": 2095000000,
      "net_income": 1544000000,
      "opex": 6140000000,
      "cogs": 22761000000,
      "rd": null,
      "sga": 5535000000,
      "fcf": 1967000000,
      "ocf": 3028000000,
      "capex": -1061000000,
      "gross_margin": 0.2656794425087108,
      "op_margin": 0.06758936636985417,
      "fcf_margin": 0.06345980126467932,
      "incr_op_margin_yoy": 0.09747835905156191,
      "rev_growth_yoy": 0.09375771904442641,
      "op_leverage_ratio": 1.6086146038586393,
      "fcf_margin_change": 0.02330698666932613
    },
    {
      "date": "2022-04-30T00:00:00",
      "quarter_label": "2022-04 (Q2)",
      "revenue": 25170000000,
      "gross_profit": 6709000000,
      "operating_income": 1346000000,
      "net_income": 1009000000,
      "opex": 5363000000,
      "cogs": 18461000000,
      "rd": null,
      "sga": 4762000000,
      "fcf": -2346000000,
      "ocf": -1394000000,
      "capex": -952000000,
      "gross_margin": 0.26654747715534366,
      "op_margin": 0.053476360746920935,
      "fcf_margin": -0.0932061978545888,
      "incr_op_margin_yoy": -1.0565262076053443,
      "rev_growth_yoy": 0.040211596478902344,
      "rev_growth_yoy_accel": -0.05354612256552407,
      "fcf_margin_change": -0.1566659991192681
    },
    {
      "date": "2022-07-30T00:00:00",
      "quarter_label": "2022-07 (Q3)",
      "revenue": 26037000000,
      "gross_profit": 5895000000,
      "operating_income": 321000000,
      "net_income": 183000000,
      "opex": 5574000000,
      "cogs": 20142000000,
      "rd": null,
      "sga": 5002000000,
      "fcf": -224000000,
      "ocf": 1347000000,
      "capex": -1571000000,
      "gross_margin": 0.22640857241617698,
      "op_margin": 0.012328609286784191,
      "fcf_margin": -0.008603141682989592,
      "incr_op_margin_yoy": -2.4469783352337515,
      "rev_growth_yoy": 0.03485691573926868,
      "rev_growth_yoy_accel": -0.00535468073963366,
      "op_leverage_ratio": 0.8755102271379266,
      "fcf_margin_change": 0.0846030561715992
    },
    {
      "date": "2022-10-29T00:00:00",
      "quarter_label": "2022-10 (Q4)",
      "revenue": 26518000000,
      "gross_profit": 6838000000,
      "operating_income": 1022000000,
      "net_income": 712000000,
      "opex": 5816000000,
      "cogs": 19680000000,
      "rd": null,
      "sga": 5219000000,
      "fcf": -1201000000,
      "ocf": 599000000,
      "capex": -1800000000,
      "gross_margin": 0.2578625839052719,
      "op_margin": 0.03853985971792744,
      "fcf_margin": -0.045289991703748395,
      "incr_op_margin_yoy": -1.1408775981524248,
      "rev_growth_yoy": 0.03375955091220957,
      "rev_growth_yoy_accel": -0.0010973648270591121,
      "op_leverage_ratio": 0.42550604241833856,
      "fcf_margin_change": -0.036686850020758804
    },
    {
      "date": "2023-01-28T00:00:00",
      "quarter_label": "2023-01 (Q1)",
      "revenue": 31395000000,
      "gross_profit": 7449000000,
      "operating_income": 1159000000,
      "net_income": 876000000,
      "opex": 6290000000,
      "cogs": 23946000000,
      "rd": null,
      "sga": 5675000000,
      "fcf": 2261000000,
      "ocf": 3466000000,
      "capex": -1205000000,
      "gross_margin": 0.2372670807453416,
      "op_margin": 0.036916706481923876,
      "fcf_margin": 0.07201783723522855,
      "incr_op_margin_yoy": -2.345864661654135,
      "rev_growth_yoy": 0.012872628726287264,
      "rev_growth_yoy_accel": -0.020886922185922308,
      "op_leverage_ratio": 2.2566179870499554,
      "fcf_margin_change": 0.11730782893897694
    },
    {
      "date": "2023-04-29T00:00:00",
      "quarter_label": "2023-04 (Q2)",
      "revenue": 25322000000,
      "gross_profit": 6936000000,
      "operating_income": 1328000000,
      "net_income": 950000000,
      "opex": 5608000000,
      "cogs": 18386000000,
      "rd": null,
      "sga": 5025000000,
      "fcf": -340000000,
      "ocf": 1265000000,
      "capex": -1605000000,
      "gross_margin": 0.2739120132690941,
      "op_margin": 0.052444514651291366,
      "fcf_margin": -0.0134270594739752,
      "incr_op_margin_yoy": -0.11842105263157894,
      "rev_growth_yoy": 0.0060389352403655144,
      "rev_growth_yoy_accel": -0.006833693485921749,
      "fcf_margin_change": -0.08544489670920374
    },
    {
      "date": "2023-07-29T00:00:00",
      "quarter_label": "2023-07 (Q3)",
      "revenue": 24773000000,
      "gross_profit": 6975000000,
      "operating_income": 1197000000,
      "net_income": 835000000,
      "opex": 5778000000,
      "cogs": 17798000000,
      "rd": null,
      "sga": 5184000000,
      "fcf": 913000000,
      "ocf": 2133000000,
      "capex": -1220000000,
      "gross_margin": 0.2815565333225689,
      "op_margin": 0.04831873410567957,
      "fcf_margin": 0.036854640132402215,
      "incr_op_margin_yoy": -0.6930379746835443,
      "rev_growth_yoy": -0.04854629949686984,
      "rev_growth_yoy_accel": -0.05458523473723535,
      "fcf_margin_change": 0.05028169960637741
    },
    {
      "date": "2023-10-28T00:00:00",
      "quarter_label": "2023-10 (Q4)",
      "revenue": 25398000000,
      "gross_profit": 7249000000,
      "operating_income": 1317000000,
      "net_income": 971000000,
      "opex": 5932000000,
      "cogs": 18149000000,
      "rd": null,
      "sga": 5316000000,
      "fcf": 807000000,
      "ocf": 1934000000,
      "capex": -1127000000,
      "gross_margin": 0.2854161745019293,
      "op_margin": 0.05185447673045122,
      "fcf_margin": 0.031774155445310655,
      "incr_op_margin_yoy": -0.26339285714285715,
      "rev_growth_yoy": -0.04223546270457802,
      "rev_growth_yoy_accel": 0.006310836792291816,
      "op_leverage_ratio": 0.9465819773412718,
      "fcf_margin_change": -0.00508048468709156
    },
    {
      "date": "2024-02-03T00:00:00",
      "quarter_label": "2024-02 (Q1)",
      "revenue": 31919000000,
      "gross_profit": 8516000000,
      "operating_income": 1865000000,
      "net_income": 1382000000,
      "opex": 6651000000,
      "cogs": 23403000000,
      "rd": null,
      "sga": 6029000000,
      "fcf": 2435000000,
      "ocf": 3289000000,
      "capex": -854000000,
      "gross_margin": 0.26680033835646483,
      "op_margin": 0.058429148782856606,
      "fcf_margin": 0.07628685109182619,
      "incr_op_margin_yoy": 1.3473282442748091,
      "rev_growth_yoy": 0.016690555820990605,
      "rev_growth_yoy_accel": 0.05892601852556863,
      "op_leverage_ratio": 2.1182974007897197,
      "fcf_margin_change": 0.044512695646515534
    },
    {
      "date": "2024-05-04T00:00:00",
      "quarter_label": "2024-05 (Q2)",
      "revenue": 24531000000,
      "gross_profit": 7082000000,
      "operating_income": 1296000000,
      "net_income": 942000000,
      "opex": 5786000000,
      "cogs": 17449000000,
      "rd": null,
      "sga": 5168000000,
      "fcf": 427000000,
      "ocf": 1101000000,
      "capex": -674000000,
      "gross_margin": 0.28869593575475927,
      "op_margin": 0.052831111654641064,
      "fcf_margin": 0.017406546818311525,
      "incr_op_margin_yoy": 0.040455120101137804,
      "rev_growth_yoy": -0.03123765895268936,
      "rev_growth_yoy_accel": -0.047928214773679964,
      "fcf_margin_change": -0.058880304273514664
    },
    {
      "date": "2024-08-03T00:00:00",
      "quarter_label": "2024-08 (Q3)",
      "revenue": 25452000000,
      "gross_profit": 7653000000,
      "operating_income": 1635000000,
      "net_income": 1192000000,
      "opex": 6018000000,
      "cogs": 17799000000,
      "rd": null,
      "sga": 5392000000,
      "fcf": 1599000000,
      "ocf": 2238000000,
      "capex": -639000000,
      "gross_margin": 0.3006836397925507,
      "op_margin": 0.06423856671381424,
      "fcf_margin": 0.06282413955681282,
      "incr_op_margin_yoy": 0.6450662739322534,
      "rev_growth_yoy": 0.02740887256287087,
      "rev_growth_yoy_accel": 0.05864653151556023,
      "op_leverage_ratio": 0.9363426853284865,
      "fcf_margin_change": 0.045417592738501295
    },
    {
      "date": "2024-11-02T00:00:00",
      "quarter_label": "2024-11 (Q4)",
      "revenue": 25668000000,
      "gross_profit": 7293000000,
      "operating_income": 1168000000,
      "net_income": 854000000,
      "opex": 6125000000,
      "cogs": 18375000000,
      "rd": null,
      "sga": 5486000000,
      "fcf": 84000000,
      "ocf": 739000000,
      "capex": -655000000,
      "gross_margin": 0.28412809724170174,
      "op_margin": 0.045504129655602306,
      "fcf_margin": 0.0032725572697522207,
      "incr_op_margin_yoy": -0.5518518518518518,
      "rev_growth_yoy": 0.010630758327427357,
      "rev_growth_yoy_accel": -0.016778114235443512,
      "fcf_margin_change": -0.059551582287060596
    },
    {
      "date": "2025-02-01T00:00:00",
      "quarter_label": "2025-02 (Q1)",
      "revenue": 30915000000,
      "gross_profit": 8036000000,
      "operating_income": 1467000000,
      "net_income": 1103000000,
      "opex": 6569000000,
      "cogs": 22879000000,
      "rd": null,
      "sga": 5923000000,
      "fcf": 2366000000,
      "ocf": 3289000000,
      "capex": -923000000,
      "gross_margin": 0.2599385411612486,
      "op_margin": 0.04745269286754003,
      "fcf_margin": 0.07653242762413068,
      "incr_op_margin_yoy": 0.39641434262948205,
      "rev_growth_yoy": -0.03145461950562361,
      "rev_growth_yoy_accel": -0.04208537783305097,
      "op_leverage_ratio": 2.8199548601897826,
      "fcf_margin_change": 0.07325987035437846
    },
    {
      "date": "2025-05-03T00:00:00",
      "quarter_label": "2025-05 (Q2)",
      "revenue": 23846000000,
      "gross_profit": 6718000000,
      "operating_income": 1472000000,
      "net_income": 1036000000,
      "opex": 5246000000,
      "cogs": 17128000000,
      "rd": null,
      "sga": 4591000000,
      "fcf": -515000000,
      "ocf": 275000000,
      "capex": -790000000,
      "gross_margin": 0.281724398221924,
      "op_margin": 0.06172943051245492,
      "fcf_margin": -0.021596913528474378,
      "incr_op_margin_yoy": -0.2569343065693431,
      "rev_growth_yoy": -0.027923851453263218,
      "rev_growth_yoy_accel": 0.0035307680523603904,
      "fcf_margin_change": -0.09812934115260505
    },
    {
      "date": "2025-08-02T00:00:00",
      "quarter_label": "2025-08 (Q3)",
      "revenue": 25211000000,
      "gross_profit": 7308000000,
      "operating_income": 1317000000,
      "net_income": 935000000,
      "opex": 5991000000,
      "cogs": 17903000000,
      "rd": null,
      "sga": 5359000000,
      "fcf": 1009000000,
      "ocf": 2083000000,
      "capex": -1074000000,
      "gross_margin": 0.2898734679306652,
      "op_margin": 0.05223910197929475,
      "fcf_margin": 0.04002221252627821,
      "incr_op_margin_yoy": 1.3195020746887967,
      "rev_growth_yoy": -0.009468804023259468,
      "rev_growth_yoy_accel": 0.01845504743000375,
      "op_leverage_ratio": 0.4030780280851347,
      "fcf_margin_change": 0.06161912605475259
    },
    {
      "date": "2025-11-01T00:00:00",
      "quarter_label": "2025-11 (Q4)",
      "revenue": 25270000000,
      "gross_profit": 7133000000,
      "operating_income": 948000000,
      "net_income": 689000000,
      "opex": 6185000000,
      "cogs": 18137000000,
      "rd": null,
      "sga": 5536000000,
      "fcf": 149000000,
      "ocf": 1127000000,
      "capex": -978000000,
      "gross_margin": 0.2822714681440443,
      "op_margin": 0.03751483973090621,
      "fcf_margin": 0.005896319746735259,
      "incr_op_margin_yoy": 0.5527638190954773,
      "rev_growth_yoy": -0.01550568801620695,
      "rev_growth_yoy_accel": -0.006036883992947483,
      "fcf_margin_change": -0.03412589277954295
    }
  ],
  "signals": [
    {
      "quarter": "2025-11 (Q4)",
      "signal": "INCREMENTAL MARGIN (YoY)",
      "detail": "YoY Incr OPM: +55.3% vs year-ago OPM: +4.6%",
      "severity": "HIGH"
    },
    {
      "quarter": "2025-08 (Q3)",
      "signal": "FCF TURNED POSITIVE",
      "detail": "FCF margin: -2.2% -> +4.0%",
      "severity": "HIGH"
    },
    {
      "quarter": "2025-08 (Q3)",
      "signal": "INCREMENTAL MARGIN (YoY)",
      "detail": "YoY Incr OPM: +132.0% vs year-ago OPM: +6.4%",
      "severity": "HIGH"
    },
    {
      "quarter": "2025-05 (Q2)",
      "signal": "GROSS MARGIN INFLECTION",
      "detail": "GM: +28.4% -> +26.0% -> +28.2% (reversal +2.2%)",
      "severity": "MEDIUM"
    },
    {
      "quarter": "2025-02 (Q1)",
      "signal": "FCF MARGIN EXPANSION",
      "detail": "FCF margin: +0.3% -> +7.7% (+7.3%)",
      "severity": "MEDIUM"
    },
    {
      "quarter": "2025-02 (Q1)",
      "signal": "OPERATING LEVERAGE",
      "detail": "Rev growth +20.4% vs OpEx growth +7.2% (leverage: 2.8x)",
      "severity": "MEDIUM"
    },
    {
      "quarter": "2025-02 (Q1)",
      "signal": "INCREMENTAL MARGIN (YoY)",
      "detail": "YoY Incr OPM: +39.6% vs year-ago OPM: +5.8%",
      "severity": "HIGH"
    },
    {
      "quarter": "2024-08 (Q3)",
      "signal": "YoY REVENUE GROWTH ACCELERATION",
      "detail": "YoY growth: +2.7% vs prior quarter YoY: -3.1% (accel: +5.9%)",
      "severity": "MEDIUM"
    },
    {
      "quarter": "2024-08 (Q3)",
      "signal": "INCREMENTAL MARGIN (YoY)",
      "detail": "YoY Incr OPM: +64.5% vs year-ago OPM: +4.8%",
      "severity": "HIGH"
    },
    {
      "quarter": "2024-05 (Q2)",
      "signal": "GROSS MARGIN INFLECTION",
      "detail": "GM: +28.5% -> +26.7% -> +28.9% (reversal +2.2%)",
      "severity": "MEDIUM"
    },
    {
      "quarter": "2024-02 (Q1)",
      "signal": "OPERATING LEVERAGE",
      "detail": "Rev growth +25.7% vs OpEx growth +12.1% (leverage: 2.1x)",
      "severity": "MEDIUM"
    },
    {
      "quarter": "2024-02 (Q1)",
      "signal": "YoY REVENUE GROWTH ACCELERATION",
      "detail": "YoY growth: +1.7% vs prior quarter YoY: -4.2% (accel: +5.9%)",
      "severity": "MEDIUM"
    },
    {
      "quarter": "2024-02 (Q1)",
      "signal": "INCREMENTAL MARGIN (YoY)",
      "detail": "YoY Incr OPM: +134.7% vs year-ago OPM: +3.7%",
      "severity": "HIGH"
    },
    {
      "quarter": "2023-07 (Q3)",
      "signal": "FCF TURNED POSITIVE",
      "detail": "FCF margin: -1.3% -> +3.7%",
      "severity": "HIGH"
    },
    {
      "quarter": "2023-07 (Q3)",
      "signal": "YoY REVENUE GROWTH DECELERATION",
      "detail": "YoY growth: -4.9% vs prior quarter YoY: +0.6% (decel: -5.5%)",
      "severity": "WARNING"
    },
    {
      "quarter": "2023-04 (Q2)",
      "signal": "GROSS MARGIN INFLECTION",
      "detail": "GM: +25.8% -> +23.7% -> +27.4% (reversal +3.7%)",
      "severity": "MEDIUM"
    },
    {
      "quarter": "2023-01 (Q1)",
      "signal": "FCF TURNED POSITIVE",
      "detail": "FCF margin: -4.5% -> +7.2%",
      "severity": "HIGH"
    },
    {
      "quarter": "2023-01 (Q1)",
      "signal": "OPERATING LEVERAGE",
      "detail": "Rev growth +18.4% vs OpEx growth +8.1% (leverage: 2.3x)",
      "severity": "MEDIUM"
    },
    {
      "quarter": "2022-10 (Q4)",
      "signal": "GROSS MARGIN INFLECTION",
      "detail": "GM: +26.7% -> +22.6% -> +25.8% (reversal +3.1%)",
      "severity": "MEDIUM"
    },
    {
      "quarter": "2022-07 (Q3)",
      "signal": "FCF MARGIN EXPANSION",
      "detail": "FCF margin: -9.3% -> -0.9% (+8.5%)",
      "severity": "MEDIUM"
    },
    {
      "quarter": "2022-04 (Q2)",
      "signal": "YoY REVENUE GROWTH DECELERATION",
      "detail": "YoY growth: +4.0% vs prior quarter YoY: +9.4% (decel: -5.4%)",
      "severity": "WARNING"
    },
    {
      "quarter": "2022-01 (Q1)",
      "signal": "OPERATING LEVERAGE",
      "detail": "Rev growth +20.8% vs OpEx growth +13.0% (leverage: 1.6x)",
      "severity": "MEDIUM"
    }
  ],
  "data_quality": {
    "n_quarters": 20,
    "coverage": {
      "revenue": [
        20,
        20
      ],
      "gross_profit": [
        17,
        20
      ],
      "op_income": [
        20,
        20
      ],
      "fcf": [
        20,
        20
      ]
    },
    "gaps": [],
    "warnings": []
  },
  "market_cap": null,
  "source": "SEC EDGAR",
  "last_updated": "2026-02-02T20:00:39.897183"
}