{
  "ticker": "TGTX",
  "name": "TG Therapeutics, Inc.",
  "quarters": [
    {
      "date": "2020-12-31T00:00:00",
      "quarter_label": "2020-12 (Q4)",
      "revenue": 38000,
      "gross_profit": null,
      "operating_income": -86782000,
      "net_income": null,
      "opex": 86820000,
      "cogs": null,
      "rd": 42961000,
      "sga": 43859000,
      "fcf": -52181000,
      "ocf": -52026000,
      "capex": -155000,
      "gross_margin": null,
      "op_margin": -2283.7368421052633,
      "fcf_margin": -1373.1842105263158
    },
    {
      "date": "2021-03-31T00:00:00",
      "quarter_label": "2021-03 (Q1)",
      "revenue": 793000,
      "gross_profit": 654000,
      "operating_income": -89202000,
      "net_income": null,
      "opex": 89995000,
      "cogs": 139000,
      "rd": 63094000,
      "sga": 26762000,
      "fcf": -81422000,
      "ocf": -81355000,
      "capex": -67000,
      "gross_margin": 0.8247162673392182,
      "op_margin": -112.48675914249685,
      "fcf_margin": -102.67591424968474,
      "op_leverage_ratio": 543.2996270203067,
      "fcf_margin_change": 1270.5082962766312
    },
    {
      "date": "2021-06-30T00:00:00",
      "quarter_label": "2021-06 (Q2)",
      "revenue": 1545000,
      "gross_profit": null,
      "operating_income": -77492000,
      "net_income": null,
      "opex": 79036000,
      "cogs": null,
      "rd": 44871000,
      "sga": 34017000,
      "fcf": -60344000,
      "ocf": -60169000,
      "capex": -175000,
      "gross_margin": null,
      "op_margin": -50.15663430420712,
      "fcf_margin": -39.05760517799353,
      "op_leverage_ratio": Infinity,
      "fcf_margin_change": 63.61830907169121
    },
    {
      "date": "2021-09-30T00:00:00",
      "quarter_label": "2021-09 (Q3)",
      "revenue": 2030000,
      "gross_profit": null,
      "operating_income": -85128000,
      "net_income": null,
      "opex": 87158000,
      "cogs": null,
      "rd": 51967000,
      "sga": 34899000,
      "fcf": -67280000,
      "ocf": -67201000,
      "capex": -79000,
      "gross_margin": null,
      "op_margin": -41.93497536945813,
      "fcf_margin": -33.142857142857146,
      "op_leverage_ratio": 3.0547468261121455,
      "fcf_margin_change": 5.914748035136384
    },
    {
      "date": "2021-12-31T00:00:00",
      "quarter_label": "2021-12 (Q4)",
      "revenue": 2321000,
      "gross_profit": null,
      "operating_income": -92947000,
      "net_income": null,
      "opex": 95268000,
      "cogs": null,
      "rd": 62646000,
      "sga": 32412000,
      "fcf": -86989000,
      "ocf": -86909000,
      "capex": -80000,
      "gross_margin": null,
      "op_margin": -40.046100818612665,
      "fcf_margin": -37.479103834554074,
      "incr_op_margin_yoy": -2.700394218134034,
      "rev_growth_yoy": 60.078947368421055,
      "op_leverage_ratio": 1.5405767980902978,
      "fcf_margin_change": -4.336246691696928
    },
    {
      "date": "2022-03-31T00:00:00",
      "quarter_label": "2022-03 (Q1)",
      "revenue": 2016000,
      "gross_profit": null,
      "operating_income": -66872000,
      "net_income": -69013000,
      "opex": 68888000,
      "cogs": null,
      "rd": 48042000,
      "sga": 20609000,
      "fcf": -68696000,
      "ocf": -68689000,
      "capex": -7000,
      "gross_margin": null,
      "op_margin": -33.17063492063492,
      "fcf_margin": -34.07539682539682,
      "incr_op_margin_yoy": 18.258381030253474,
      "rev_growth_yoy": 1.5422446406052963,
      "rev_growth_yoy_accel": -58.53670272781576,
      "fcf_margin_change": 3.4037070091572517
    },
    {
      "date": "2022-06-30T00:00:00",
      "quarter_label": "2022-06 (Q2)",
      "revenue": 594000,
      "gross_profit": null,
      "operating_income": -38941000,
      "net_income": -40510000,
      "opex": 39535000,
      "cogs": null,
      "rd": 26874000,
      "sga": 12638000,
      "fcf": -49116000,
      "ocf": -49116000,
      "capex": null,
      "gross_margin": null,
      "op_margin": -65.55723905723906,
      "fcf_margin": -82.68686868686869,
      "rev_growth_yoy": -0.6155339805825243,
      "rev_growth_yoy_accel": -2.1577786211878207,
      "fcf_margin_change": -48.61147186147187
    },
    {
      "date": "2022-09-30T00:00:00",
      "quarter_label": "2022-09 (Q3)",
      "revenue": 94000,
      "gross_profit": 92000,
      "operating_income": -34963000,
      "net_income": -35818000,
      "opex": 35057000,
      "cogs": 2000,
      "rd": 20801000,
      "sga": 14254000,
      "fcf": -34499000,
      "ocf": -34495000,
      "capex": -4000,
      "gross_margin": 0.9787234042553191,
      "op_margin": -371.9468085106383,
      "fcf_margin": -367.01063829787233,
      "incr_op_margin_yoy": -25.91167355371901,
      "rev_growth_yoy": -0.9536945812807882,
      "rev_growth_yoy_accel": -0.3381606006982639,
      "fcf_margin_change": -284.3237696110036
    },
    {
      "date": "2022-12-31T00:00:00",
      "quarter_label": "2022-12 (Q4)",
      "revenue": 80000,
      "gross_profit": 77000,
      "operating_income": -52062000,
      "net_income": -52994000,
      "opex": 52142000,
      "cogs": 3000,
      "rd": 29635000,
      "sga": 22504000,
      "fcf": -23873000,
      "ocf": -23870000,
      "capex": -3000,
      "gross_margin": 0.9625,
      "op_margin": -650.775,
      "fcf_margin": -298.4125,
      "incr_op_margin_yoy": -18.24408746095493,
      "rev_growth_yoy": -0.96553209823352,
      "rev_growth_yoy_accel": -0.01183751695273183,
      "fcf_margin_change": 68.59813829787231
    },
    {
      "date": "2023-03-31T00:00:00",
      "quarter_label": "2023-03 (Q1)",
      "revenue": 7803000,
      "gross_profit": 6946000,
      "operating_income": -36992000,
      "net_income": -39232000,
      "opex": 44795000,
      "cogs": 857000,
      "rd": 15870000,
      "sga": 28068000,
      "fcf": -59902000,
      "ocf": -59902000,
      "capex": null,
      "gross_margin": 0.8901704472638728,
      "op_margin": -4.7407407407407405,
      "fcf_margin": -7.67679097782904,
      "incr_op_margin_yoy": 5.163297045101088,
      "rev_growth_yoy": 2.8705357142857144,
      "rev_growth_yoy_accel": 3.8360678125192345,
      "op_leverage_ratio": Infinity,
      "fcf_margin_change": 290.73570902217097
    },
    {
      "date": "2023-06-30T00:00:00",
      "quarter_label": "2023-06 (Q2)",
      "revenue": 16074000,
      "gross_profit": 14163000,
      "operating_income": -44674000,
      "net_income": -47610000,
      "opex": 60748000,
      "cogs": 1911000,
      "rd": 28122000,
      "sga": 30715000,
      "fcf": -42005000,
      "ocf": -42005000,
      "capex": null,
      "gross_margin": 0.8811123553564763,
      "op_margin": -2.779270872216001,
      "fcf_margin": -2.6132263282319275,
      "incr_op_margin_yoy": -0.37034883720930234,
      "rev_growth_yoy": 26.060606060606062,
      "rev_growth_yoy_accel": 23.190070346320347,
      "op_leverage_ratio": 2.97634718652709,
      "fcf_margin_change": 5.063564649597113
    },
    {
      "date": "2023-09-30T00:00:00",
      "quarter_label": "2023-09 (Q3)",
      "revenue": 165815000,
      "gross_profit": 162306000,
      "operating_income": 114784000,
      "net_income": 113930000,
      "opex": 51031000,
      "cogs": 3509000,
      "rd": 14753000,
      "sga": 32769000,
      "fcf": 83704000,
      "ocf": 83704000,
      "capex": null,
      "gross_margin": 0.9788378614721226,
      "op_margin": 0.6922413533154419,
      "fcf_margin": 0.5048035461206767,
      "incr_op_margin_yoy": 0.9036090779080502,
      "rev_growth_yoy": 1762.9893617021276,
      "rev_growth_yoy_accel": 1736.9287556415215,
      "op_leverage_ratio": Infinity,
      "fcf_margin_change": 3.118029874352604
    },
    {
      "date": "2023-12-31T00:00:00",
      "quarter_label": "2023-12 (Q4)",
      "revenue": 43971000,
      "gross_profit": 36117000,
      "operating_income": -12485000,
      "net_income": -14416000,
      "opex": 56456000,
      "cogs": 7854000,
      "rd": 17449000,
      "sga": 31153000,
      "fcf": -13210000,
      "ocf": -13210000,
      "capex": null,
      "gross_margin": 0.8213822746810397,
      "op_margin": -0.283937140387983,
      "fcf_margin": -0.30042528029837845,
      "incr_op_margin_yoy": 0.9017110569365018,
      "rev_growth_yoy": 548.6375,
      "rev_growth_yoy_accel": -1214.3518617021275,
      "fcf_margin_change": -0.8052288264190551
    },
    {
      "date": "2024-03-31T00:00:00",
      "quarter_label": "2024-03 (Q1)",
      "revenue": 63474000,
      "gross_profit": 58033000,
      "operating_income": -9270000,
      "net_income": -10707000,
      "opex": 72744000,
      "cogs": 5441000,
      "rd": 32722000,
      "sga": 34581000,
      "fcf": -8207000,
      "ocf": -8207000,
      "capex": null,
      "gross_margin": 0.9142798626209157,
      "op_margin": -0.14604404953209188,
      "fcf_margin": -0.12929703500645934,
      "incr_op_margin_yoy": 0.49796123655044816,
      "rev_growth_yoy": 7.134563629373318,
      "rev_growth_yoy_accel": -541.5029363706267,
      "op_leverage_ratio": 1.537366530512453,
      "fcf_margin_change": 0.1711282452919191
    },
    {
      "date": "2024-06-30T00:00:00",
      "quarter_label": "2024-06 (Q2)",
      "revenue": 73466000,
      "gross_profit": 65162000,
      "operating_income": 8816000,
      "net_income": 6879000,
      "opex": 64650000,
      "cogs": 8304000,
      "rd": 17556000,
      "sga": 38790000,
      "fcf": 5536000,
      "ocf": 5536000,
      "capex": null,
      "gross_margin": 0.8869681213078159,
      "op_margin": 0.12000108893910108,
      "fcf_margin": 0.07535458579478943,
      "incr_op_margin_yoy": 0.9320114301644828,
      "rev_growth_yoy": 3.570486499937788,
      "rev_growth_yoy_accel": -3.56407712943553,
      "op_leverage_ratio": Infinity,
      "fcf_margin_change": 0.20465162080124877
    },
    {
      "date": "2024-09-30T00:00:00",
      "quarter_label": "2024-09 (Q3)",
      "revenue": 83879000,
      "gross_profit": 74538000,
      "operating_income": 12434000,
      "net_income": 3880000,
      "opex": 71445000,
      "cogs": 9341000,
      "rd": 20138000,
      "sga": 41966000,
      "fcf": -12229000,
      "ocf": -12205000,
      "capex": -24000,
      "gross_margin": 0.8886372035908868,
      "op_margin": 0.14823734188533483,
      "fcf_margin": -0.14579334517578893,
      "incr_op_margin_yoy": 1.2491456746729155,
      "rev_growth_yoy": -0.49414106082079423,
      "rev_growth_yoy_accel": -4.0646275607585824,
      "op_leverage_ratio": 1.3485546226456426,
      "fcf_margin_change": -0.22114793097057836
    },
    {
      "date": "2024-12-31T00:00:00",
      "quarter_label": "2024-12 (Q4)",
      "revenue": 108185000,
      "gross_profit": 92786000,
      "operating_income": 29949000,
      "net_income": 23331000,
      "opex": 78236000,
      "cogs": 15399000,
      "rd": 23874000,
      "sga": 38963000,
      "fcf": -25662000,
      "ocf": -25641000,
      "capex": -21000,
      "gross_margin": 0.8576604889772149,
      "op_margin": 0.2768313536996811,
      "fcf_margin": -0.23720478809446782,
      "incr_op_margin_yoy": 0.6608216276824368,
      "rev_growth_yoy": 1.4603716085601874,
      "rev_growth_yoy_accel": 1.9545126693809816,
      "op_leverage_ratio": 3.0485853582881837,
      "fcf_margin_change": -0.09141144291867889
    },
    {
      "date": "2025-03-31T00:00:00",
      "quarter_label": "2025-03 (Q1)",
      "revenue": 120856000,
      "gross_profit": 105315000,
      "operating_income": 8622000,
      "net_income": 5060000,
      "opex": 112234000,
      "cogs": 15541000,
      "rd": 46362000,
      "sga": 50331000,
      "fcf": -28740000,
      "ocf": -28715000,
      "capex": -25000,
      "gross_margin": 0.8714089494936123,
      "op_margin": 0.0713411001522473,
      "fcf_margin": -0.23780366717415768,
      "incr_op_margin_yoy": 0.3118050956746018,
      "rev_growth_yoy": 0.9040236947411538,
      "rev_growth_yoy_accel": -0.5563479138190336,
      "op_leverage_ratio": 0.2695237930840444,
      "fcf_margin_change": -0.0005988790796898624
    },
    {
      "date": "2025-06-30T00:00:00",
      "quarter_label": "2025-06 (Q2)",
      "revenue": 141148000,
      "gross_profit": 122210000,
      "operating_income": 34843000,
      "net_income": 28187000,
      "opex": 106305000,
      "cogs": 18938000,
      "rd": 31782000,
      "sga": 55585000,
      "fcf": 7394000,
      "ocf": 7436000,
      "capex": -42000,
      "gross_margin": 0.8658287754697197,
      "op_margin": 0.24685436563040214,
      "fcf_margin": 0.05238473092073568,
      "incr_op_margin_yoy": 0.3845483289500901,
      "rev_growth_yoy": 0.9212697029918602,
      "rev_growth_yoy_accel": 0.017246008250706324,
      "op_leverage_ratio": Infinity,
      "fcf_margin_change": 0.2901883980948934
    },
    {
      "date": "2025-09-30T00:00:00",
      "quarter_label": "2025-09 (Q3)",
      "revenue": 161709000,
      "gross_profit": 133616000,
      "operating_income": 29365000,
      "net_income": 390895000,
      "opex": 132344000,
      "cogs": 28093000,
      "rd": 40878000,
      "sga": 63373000,
      "fcf": -23233000,
      "ocf": -23153000,
      "capex": -80000,
      "gross_margin": 0.826274357024037,
      "op_margin": 0.18159162446122357,
      "fcf_margin": -0.14367165711246746,
      "incr_op_margin_yoy": 0.2175382243350893,
      "rev_growth_yoy": 0.9278842141656434,
      "rev_growth_yoy_accel": 0.0066145111737832,
      "op_leverage_ratio": 0.5947013091237491,
      "fcf_margin_change": -0.19605638803320313
    }
  ],
  "signals": [
    {
      "quarter": "2025-06 (Q2)",
      "signal": "FCF TURNED POSITIVE",
      "detail": "FCF margin: -23.8% -> +5.2%",
      "severity": "HIGH"
    },
    {
      "quarter": "2025-06 (Q2)",
      "signal": "INCREMENTAL MARGIN (YoY)",
      "detail": "YoY Incr OPM: +38.5% vs year-ago OPM: +12.0%",
      "severity": "HIGH"
    },
    {
      "quarter": "2025-03 (Q1)",
      "signal": "YoY REVENUE GROWTH DECELERATION",
      "detail": "YoY growth: +90.4% vs prior quarter YoY: +146.0% (decel: -55.6%)",
      "severity": "WARNING"
    },
    {
      "quarter": "2025-03 (Q1)",
      "signal": "OP MARGIN TURNED POSITIVE (YoY)",
      "detail": "Op margin: -14.6% (year-ago) -> +7.1%",
      "severity": "HIGH"
    },
    {
      "quarter": "2024-12 (Q4)",
      "signal": "OPERATING LEVERAGE",
      "detail": "Rev growth +29.0% vs OpEx growth +9.5% (leverage: 3.0x)",
      "severity": "MEDIUM"
    },
    {
      "quarter": "2024-12 (Q4)",
      "signal": "YoY REVENUE GROWTH ACCELERATION",
      "detail": "YoY growth: +146.0% vs prior quarter YoY: -49.4% (accel: +195.5%)",
      "severity": "HIGH"
    },
    {
      "quarter": "2024-12 (Q4)",
      "signal": "OP MARGIN TURNED POSITIVE (YoY)",
      "detail": "Op margin: -28.4% (year-ago) -> +27.7%",
      "severity": "HIGH"
    },
    {
      "quarter": "2024-09 (Q3)",
      "signal": "YoY REVENUE GROWTH DECELERATION",
      "detail": "YoY growth: -49.4% vs prior quarter YoY: +357.0% (decel: -406.5%)",
      "severity": "WARNING"
    },
    {
      "quarter": "2024-09 (Q3)",
      "signal": "INCREMENTAL MARGIN (YoY)",
      "detail": "YoY Incr OPM: +124.9% vs year-ago OPM: +69.2%",
      "severity": "HIGH"
    },
    {
      "quarter": "2024-06 (Q2)",
      "signal": "FCF TURNED POSITIVE",
      "detail": "FCF margin: -12.9% -> +7.5%",
      "severity": "HIGH"
    },
    {
      "quarter": "2024-06 (Q2)",
      "signal": "YoY REVENUE GROWTH DECELERATION",
      "detail": "YoY growth: +357.0% vs prior quarter YoY: +713.5% (decel: -356.4%)",
      "severity": "WARNING"
    },
    {
      "quarter": "2024-06 (Q2)",
      "signal": "OP MARGIN TURNED POSITIVE (YoY)",
      "detail": "Op margin: -277.9% (year-ago) -> +12.0%",
      "severity": "HIGH"
    },
    {
      "quarter": "2024-06 (Q2)",
      "signal": "OP MARGIN TURNED POSITIVE (QoQ)",
      "detail": "Op margin: -14.6% -> +12.0%",
      "severity": "HIGH"
    },
    {
      "quarter": "2024-03 (Q1)",
      "signal": "FCF MARGIN EXPANSION",
      "detail": "FCF margin: -30.0% -> -12.9% (+17.1%)",
      "severity": "MEDIUM"
    },
    {
      "quarter": "2024-03 (Q1)",
      "signal": "OPERATING LEVERAGE",
      "detail": "Rev growth +44.4% vs OpEx growth +28.9% (leverage: 1.5x)",
      "severity": "MEDIUM"
    },
    {
      "quarter": "2024-03 (Q1)",
      "signal": "GROSS MARGIN INFLECTION",
      "detail": "GM: +97.9% -> +82.1% -> +91.4% (reversal +9.3%)",
      "severity": "HIGH"
    },
    {
      "quarter": "2024-03 (Q1)",
      "signal": "YoY REVENUE GROWTH DECELERATION",
      "detail": "YoY growth: +713.5% vs prior quarter YoY: +54863.8% (decel: -54150.3%)",
      "severity": "WARNING"
    },
    {
      "quarter": "2023-12 (Q4)",
      "signal": "YoY REVENUE GROWTH DECELERATION",
      "detail": "YoY growth: +54863.8% vs prior quarter YoY: +176298.9% (decel: -121435.2%)",
      "severity": "WARNING"
    },
    {
      "quarter": "2023-09 (Q3)",
      "signal": "FCF TURNED POSITIVE",
      "detail": "FCF margin: -261.3% -> +50.5%",
      "severity": "HIGH"
    },
    {
      "quarter": "2023-09 (Q3)",
      "signal": "GROSS MARGIN INFLECTION",
      "detail": "GM: +89.0% -> +88.1% -> +97.9% (reversal +9.8%)",
      "severity": "HIGH"
    },
    {
      "quarter": "2023-09 (Q3)",
      "signal": "YoY REVENUE GROWTH ACCELERATION",
      "detail": "YoY growth: +176298.9% vs prior quarter YoY: +2606.1% (accel: +173692.9%)",
      "severity": "HIGH"
    },
    {
      "quarter": "2023-09 (Q3)",
      "signal": "OP MARGIN TURNED POSITIVE (YoY)",
      "detail": "Op margin: -37194.7% (year-ago) -> +69.2%",
      "severity": "HIGH"
    },
    {
      "quarter": "2023-09 (Q3)",
      "signal": "OP MARGIN TURNED POSITIVE (QoQ)",
      "detail": "Op margin: -277.9% -> +69.2%",
      "severity": "HIGH"
    },
    {
      "quarter": "2023-06 (Q2)",
      "signal": "FCF MARGIN EXPANSION",
      "detail": "FCF margin: -767.7% -> -261.3% (+506.4%)",
      "severity": "MEDIUM"
    },
    {
      "quarter": "2023-06 (Q2)",
      "signal": "OPERATING LEVERAGE",
      "detail": "Rev growth +106.0% vs OpEx growth +35.6% (leverage: 3.0x)",
      "severity": "MEDIUM"
    },
    {
      "quarter": "2023-06 (Q2)",
      "signal": "YoY REVENUE GROWTH ACCELERATION",
      "detail": "YoY growth: +2606.1% vs prior quarter YoY: +287.1% (accel: +2319.0%)",
      "severity": "HIGH"
    },
    {
      "quarter": "2023-03 (Q1)",
      "signal": "FCF MARGIN EXPANSION",
      "detail": "FCF margin: -29841.3% -> -767.7% (+29073.6%)",
      "severity": "MEDIUM"
    },
    {
      "quarter": "2023-03 (Q1)",
      "signal": "YoY REVENUE GROWTH ACCELERATION",
      "detail": "YoY growth: +287.1% vs prior quarter YoY: -96.6% (accel: +383.6%)",
      "severity": "HIGH"
    },
    {
      "quarter": "2022-12 (Q4)",
      "signal": "FCF MARGIN EXPANSION",
      "detail": "FCF margin: -36701.1% -> -29841.3% (+6859.8%)",
      "severity": "MEDIUM"
    },
    {
      "quarter": "2022-09 (Q3)",
      "signal": "YoY REVENUE GROWTH DECELERATION",
      "detail": "YoY growth: -95.4% vs prior quarter YoY: -61.6% (decel: -33.8%)",
      "severity": "WARNING"
    },
    {
      "quarter": "2022-06 (Q2)",
      "signal": "YoY REVENUE GROWTH DECELERATION",
      "detail": "YoY growth: -61.6% vs prior quarter YoY: +154.2% (decel: -215.8%)",
      "severity": "WARNING"
    },
    {
      "quarter": "2022-03 (Q1)",
      "signal": "FCF MARGIN EXPANSION",
      "detail": "FCF margin: -3747.9% -> -3407.5% (+340.4%)",
      "severity": "MEDIUM"
    },
    {
      "quarter": "2022-03 (Q1)",
      "signal": "YoY REVENUE GROWTH DECELERATION",
      "detail": "YoY growth: +154.2% vs prior quarter YoY: +6007.9% (decel: -5853.7%)",
      "severity": "WARNING"
    },
    {
      "quarter": "2021-12 (Q4)",
      "signal": "OPERATING LEVERAGE",
      "detail": "Rev growth +14.3% vs OpEx growth +9.3% (leverage: 1.5x)",
      "severity": "MEDIUM"
    },
    {
      "quarter": "2021-09 (Q3)",
      "signal": "FCF MARGIN EXPANSION",
      "detail": "FCF margin: -3905.8% -> -3314.3% (+591.5%)",
      "severity": "MEDIUM"
    },
    {
      "quarter": "2021-09 (Q3)",
      "signal": "OPERATING LEVERAGE",
      "detail": "Rev growth +31.4% vs OpEx growth +10.3% (leverage: 3.1x)",
      "severity": "MEDIUM"
    },
    {
      "quarter": "2021-06 (Q2)",
      "signal": "FCF MARGIN EXPANSION",
      "detail": "FCF margin: -10267.6% -> -3905.8% (+6361.8%)",
      "severity": "MEDIUM"
    },
    {
      "quarter": "2021-03 (Q1)",
      "signal": "FCF MARGIN EXPANSION",
      "detail": "FCF margin: -137318.4% -> -10267.6% (+127050.8%)",
      "severity": "MEDIUM"
    },
    {
      "quarter": "2021-03 (Q1)",
      "signal": "OPERATING LEVERAGE",
      "detail": "Rev growth +1986.8% vs OpEx growth +3.7% (leverage: 543.3x)",
      "severity": "MEDIUM"
    }
  ],
  "data_quality": {
    "n_quarters": 20,
    "coverage": {
      "revenue": [
        20,
        20
      ],
      "gross_profit": [
        14,
        20
      ],
      "op_income": [
        20,
        20
      ],
      "fcf": [
        20,
        20
      ]
    },
    "gaps": [],
    "warnings": [
      "gross_profit: 14/20Q"
    ]
  },
  "market_cap": null,
  "source": "SEC EDGAR",
  "last_updated": "2026-02-02T21:05:01.599056"
}