{
  "ticker": "TH",
  "name": "TARGET HOSPITALITY CORP.",
  "quarters": [
    {
      "date": "2020-12-31T00:00:00",
      "quarter_label": "2020-12 (Q4)",
      "revenue": 51610000,
      "gross_profit": 10094000,
      "operating_income": -2556000,
      "net_income": -9210000,
      "opex": 12650000,
      "cogs": null,
      "rd": null,
      "sga": 9529000,
      "fcf": 18189000,
      "ocf": 18189000,
      "capex": null,
      "gross_margin": 0.19558225150164696,
      "op_margin": -0.049525285797326096,
      "fcf_margin": 0.35243169928308465
    },
    {
      "date": "2021-03-31T00:00:00",
      "quarter_label": "2021-03 (Q1)",
      "revenue": 45492000,
      "gross_profit": 11461000,
      "operating_income": -4113000,
      "net_income": -13138000,
      "opex": 15574000,
      "cogs": null,
      "rd": null,
      "sga": 11332000,
      "fcf": -7999000,
      "ocf": -7999000,
      "capex": null,
      "gross_margin": 0.2519344060494153,
      "op_margin": -0.09041150092323925,
      "fcf_margin": -0.17583311351446407,
      "fcf_margin_change": -0.5282648127975487
    },
    {
      "date": "2021-06-30T00:00:00",
      "quarter_label": "2021-06 (Q2)",
      "revenue": 74986000,
      "gross_profit": 27069000,
      "operating_income": 10852000,
      "net_income": -912000,
      "opex": 16217000,
      "cogs": null,
      "rd": null,
      "sga": 11677000,
      "fcf": 67440000,
      "ocf": 67440000,
      "capex": null,
      "gross_margin": 0.3609873843117382,
      "op_margin": 0.14472034779825568,
      "fcf_margin": 0.8993678820046409,
      "op_leverage_ratio": 15.703188460733239,
      "fcf_margin_change": 1.075200995519105
    },
    {
      "date": "2021-09-30T00:00:00",
      "quarter_label": "2021-09 (Q3)",
      "revenue": 89169000,
      "gross_profit": 33608000,
      "operating_income": 16682000,
      "net_income": 6675000,
      "opex": 16926000,
      "cogs": null,
      "rd": null,
      "sga": 12827000,
      "fcf": 40006000,
      "ocf": 40006000,
      "capex": null,
      "gross_margin": 0.3769022866691339,
      "op_margin": 0.18708295483856496,
      "fcf_margin": 0.44865368009061446,
      "op_leverage_ratio": 4.326255823513008,
      "fcf_margin_change": -0.45071420191402645
    },
    {
      "date": "2021-12-31T00:00:00",
      "quarter_label": "2021-12 (Q4)",
      "revenue": 81690000,
      "gross_profit": 29212000,
      "operating_income": 13677000,
      "net_income": 2799000,
      "opex": 15535000,
      "cogs": null,
      "rd": null,
      "sga": 10626000,
      "fcf": 5152000,
      "ocf": 5152000,
      "capex": null,
      "gross_margin": 0.35759578895825683,
      "op_margin": 0.16742563349247153,
      "fcf_margin": 0.06306769494430163,
      "incr_op_margin_yoy": 0.5396609042553191,
      "rev_growth_yoy": 0.5828327843441193,
      "fcf_margin_change": -0.3855859851463128
    },
    {
      "date": "2022-03-31T00:00:00",
      "quarter_label": "2022-03 (Q1)",
      "revenue": 80335000,
      "gross_profit": 27916000,
      "operating_income": 12381000,
      "net_income": 494000,
      "opex": 15535000,
      "cogs": null,
      "rd": null,
      "sga": 11759000,
      "fcf": -30580000,
      "ocf": -30580000,
      "capex": null,
      "gross_margin": 0.34749486525175827,
      "op_margin": 0.15411713449928424,
      "fcf_margin": -0.38065600298748986,
      "incr_op_margin_yoy": 0.4733805929454984,
      "rev_growth_yoy": 0.7659148861338257,
      "rev_growth_yoy_accel": 0.1830821017897064,
      "fcf_margin_change": -0.4437236979317915
    },
    {
      "date": "2022-06-30T00:00:00",
      "quarter_label": "2022-06 (Q2)",
      "revenue": 109647000,
      "gross_profit": 52545000,
      "operating_income": 37833000,
      "net_income": 22851000,
      "opex": 14712000,
      "cogs": null,
      "rd": null,
      "sga": 11103000,
      "fcf": 27213000,
      "ocf": 27213000,
      "capex": null,
      "gross_margin": 0.47921967769296014,
      "op_margin": 0.34504364004487126,
      "fcf_margin": 0.2481873649073846,
      "incr_op_margin_yoy": 0.7784253195233837,
      "rev_growth_yoy": 0.4622329501506948,
      "rev_growth_yoy_accel": -0.3036819359831309,
      "op_leverage_ratio": Infinity,
      "fcf_margin_change": 0.6288433678948745
    },
    {
      "date": "2022-09-30T00:00:00",
      "quarter_label": "2022-09 (Q3)",
      "revenue": 159565000,
      "gross_profit": 82771000,
      "operating_income": 59941000,
      "net_income": 19022000,
      "opex": 22830000,
      "cogs": null,
      "rd": null,
      "sga": 19153000,
      "fcf": 238890000,
      "ocf": 261190000,
      "capex": -22300000,
      "gross_margin": 0.518729044589979,
      "op_margin": 0.37565255538495285,
      "fcf_margin": 1.4971328298812396,
      "incr_op_margin_yoy": 0.6145093471219956,
      "rev_growth_yoy": 0.7894671915127455,
      "rev_growth_yoy_accel": 0.32723424136205065,
      "op_leverage_ratio": 0.825055364291365,
      "fcf_margin_change": 1.248945464973855
    },
    {
      "date": "2022-12-31T00:00:00",
      "quarter_label": "2022-12 (Q4)",
      "revenue": 152438000,
      "gross_profit": 83898000,
      "operating_income": 64213000,
      "net_income": 31572000,
      "opex": 19685000,
      "cogs": null,
      "rd": null,
      "sga": 15879000,
      "fcf": 47789000,
      "ocf": 47789000,
      "capex": null,
      "gross_margin": 0.5503745785171676,
      "op_margin": 0.4212401107335441,
      "fcf_margin": 0.31349794670620185,
      "incr_op_margin_yoy": 0.7143099451574603,
      "rev_growth_yoy": 0.8660545966458563,
      "rev_growth_yoy_accel": 0.0765874051331108,
      "fcf_margin_change": -1.1836348831750378
    },
    {
      "date": "2023-03-31T00:00:00",
      "quarter_label": "2023-03 (Q1)",
      "revenue": 147819000,
      "gross_profit": 81963000,
      "operating_income": 61957000,
      "net_income": 43825000,
      "opex": 20006000,
      "cogs": null,
      "rd": null,
      "sga": 15199000,
      "fcf": -4071000,
      "ocf": 14529000,
      "capex": -18600000,
      "gross_margin": 0.5544821707628924,
      "op_margin": 0.4191409764644599,
      "fcf_margin": -0.02754043796805553,
      "incr_op_margin_yoy": 0.7346333945824195,
      "rev_growth_yoy": 0.8400323644737661,
      "rev_growth_yoy_accel": -0.02602223217209021,
      "fcf_margin_change": -0.3410383846742574
    },
    {
      "date": "2023-06-30T00:00:00",
      "quarter_label": "2023-06 (Q2)",
      "revenue": 143630000,
      "gross_profit": 82366000,
      "operating_income": 64757000,
      "net_income": 46453000,
      "opex": 17609000,
      "cogs": null,
      "rd": null,
      "sga": 13457000,
      "fcf": 50746000,
      "ocf": 55746000,
      "capex": -5000000,
      "gross_margin": 0.5734595836524403,
      "op_margin": 0.45085984822112374,
      "fcf_margin": 0.35331058970967066,
      "incr_op_margin_yoy": 0.7922784921872701,
      "rev_growth_yoy": 0.3099309602633907,
      "rev_growth_yoy_accel": -0.5301014042103753,
      "fcf_margin_change": 0.3808510276777262
    },
    {
      "date": "2023-09-30T00:00:00",
      "quarter_label": "2023-09 (Q3)",
      "revenue": 145939000,
      "gross_profit": 86756000,
      "operating_income": 67716000,
      "net_income": 45579000,
      "opex": 19040000,
      "cogs": null,
      "rd": null,
      "sga": 15273000,
      "fcf": 43237000,
      "ocf": 48237000,
      "capex": -5000000,
      "gross_margin": 0.5944675515112479,
      "op_margin": 0.4640020830621013,
      "fcf_margin": 0.2962676186625919,
      "incr_op_margin_yoy": -0.5706003229120798,
      "rev_growth_yoy": -0.08539466675022718,
      "rev_growth_yoy_accel": -0.39532562701361784,
      "op_leverage_ratio": 0.1978216555631796,
      "fcf_margin_change": -0.05704297104707878
    },
    {
      "date": "2023-12-31T00:00:00",
      "quarter_label": "2023-12 (Q4)",
      "revenue": 126220000,
      "gross_profit": 62239000,
      "operating_income": 46176000,
      "net_income": 37843000,
      "opex": 16063000,
      "cogs": null,
      "rd": null,
      "sga": 12197000,
      "fcf": 38289000,
      "ocf": 38289000,
      "capex": null,
      "gross_margin": 0.49309935034067504,
      "op_margin": 0.3658374267152591,
      "fcf_margin": 0.3033512913959753,
      "incr_op_margin_yoy": 0.6879624685330689,
      "rev_growth_yoy": -0.17199123578110445,
      "rev_growth_yoy_accel": -0.08659656903087727,
      "fcf_margin_change": 0.007083672733383395
    },
    {
      "date": "2024-03-31T00:00:00",
      "quarter_label": "2024-03 (Q1)",
      "revenue": 106672000,
      "gross_profit": 49068000,
      "operating_income": 30438000,
      "net_income": 20383000,
      "opex": 18630000,
      "cogs": null,
      "rd": null,
      "sga": 14855000,
      "fcf": 50591000,
      "ocf": 50591000,
      "capex": null,
      "gross_margin": 0.4599895005249737,
      "op_margin": 0.28534198290085494,
      "fcf_margin": 0.47426691165441726,
      "incr_op_margin_yoy": 0.7660096726371303,
      "rev_growth_yoy": -0.27836069788051604,
      "rev_growth_yoy_accel": -0.10636946209941159,
      "fcf_margin_change": 0.17091562025844198
    },
    {
      "date": "2024-06-30T00:00:00",
      "quarter_label": "2024-06 (Q2)",
      "revenue": 100721000,
      "gross_profit": 46870000,
      "operating_income": 29551000,
      "net_income": 18386000,
      "opex": 17319000,
      "cogs": null,
      "rd": null,
      "sga": 13457000,
      "fcf": 39105000,
      "ocf": 39105000,
      "capex": null,
      "gross_margin": 0.46534486353392046,
      "op_margin": 0.29339462475551276,
      "fcf_margin": 0.3882507123638566,
      "incr_op_margin_yoy": 0.820480551865576,
      "rev_growth_yoy": -0.29874677992062937,
      "rev_growth_yoy_accel": -0.02038608204011333,
      "fcf_margin_change": -0.08601619929056065
    },
    {
      "date": "2024-09-30T00:00:00",
      "quarter_label": "2024-09 (Q3)",
      "revenue": 95191000,
      "gross_profit": 45210000,
      "operating_income": 27991000,
      "net_income": 19994000,
      "opex": 17219000,
      "cogs": null,
      "rd": null,
      "sga": 13319000,
      "fcf": 31427000,
      "ocf": 31427000,
      "capex": null,
      "gross_margin": 0.47493985775966213,
      "op_margin": 0.2940509081740921,
      "fcf_margin": 0.33014675757161915,
      "incr_op_margin_yoy": 0.7827894695357452,
      "rev_growth_yoy": -0.3477343273559501,
      "rev_growth_yoy_accel": -0.048987547435320744,
      "fcf_margin_change": -0.058103954792237456
    },
    {
      "date": "2024-12-31T00:00:00",
      "quarter_label": "2024-12 (Q4)",
      "revenue": 83688000,
      "gross_profit": 37031000,
      "operating_income": 20802000,
      "net_income": 12502000,
      "opex": 16229000,
      "cogs": null,
      "rd": null,
      "sga": 12626000,
      "fcf": 30552000,
      "ocf": 30552000,
      "capex": null,
      "gross_margin": 0.4424887678042252,
      "op_margin": 0.24856610266704904,
      "fcf_margin": 0.3650702609693146,
      "incr_op_margin_yoy": 0.5965860998777391,
      "rev_growth_yoy": -0.3369672001267628,
      "rev_growth_yoy_accel": 0.010767127229187323,
      "fcf_margin_change": 0.034923503397695455
    },
    {
      "date": "2025-03-31T00:00:00",
      "quarter_label": "2025-03 (Q1)",
      "revenue": 69897000,
      "gross_profit": 17964000,
      "operating_income": -1076000,
      "net_income": -6461000,
      "opex": 19040000,
      "cogs": null,
      "rd": null,
      "sga": 14805000,
      "fcf": -11561000,
      "ocf": 3939000,
      "capex": -15500000,
      "gross_margin": 0.2570067384866303,
      "op_margin": -0.015394079860365967,
      "fcf_margin": -0.16540051790491725,
      "incr_op_margin_yoy": 0.8569408565601632,
      "rev_growth_yoy": -0.344748387580621,
      "rev_growth_yoy_accel": -0.007781187453858196,
      "fcf_margin_change": -0.5304707788742319
    },
    {
      "date": "2025-06-30T00:00:00",
      "quarter_label": "2025-06 (Q2)",
      "revenue": 61606000,
      "gross_profit": -328000,
      "operating_income": -16918000,
      "net_income": -14931000,
      "opex": 16590000,
      "cogs": null,
      "rd": null,
      "sga": 12664000,
      "fcf": 11062000,
      "ocf": 11062000,
      "capex": null,
      "gross_margin": -0.005324156737980067,
      "op_margin": -0.2746161088205694,
      "fcf_margin": 0.1795604324254131,
      "incr_op_margin_yoy": 1.1880097149431164,
      "rev_growth_yoy": -0.38834999652505436,
      "rev_growth_yoy_accel": -0.04360160894443338,
      "fcf_margin_change": 0.34496095033033036
    },
    {
      "date": "2025-09-30T00:00:00",
      "quarter_label": "2025-09 (Q3)",
      "revenue": 99355000,
      "gross_profit": 17945000,
      "operating_income": 69000,
      "net_income": -795000,
      "opex": 17876000,
      "cogs": null,
      "rd": null,
      "sga": 12918000,
      "fcf": 53356000,
      "ocf": 53356000,
      "capex": null,
      "gross_margin": 0.18061496653414524,
      "op_margin": 0.000694479392078909,
      "fcf_margin": 0.5370238035327864,
      "incr_op_margin_yoy": -6.7055715658021136,
      "rev_growth_yoy": 0.04374363122564108,
      "rev_growth_yoy_accel": 0.43209362775069543,
      "op_leverage_ratio": 7.904744867158371,
      "fcf_margin_change": 0.35746337110737336
    }
  ],
  "signals": [
    {
      "quarter": "2025-09 (Q3)",
      "signal": "FCF MARGIN EXPANSION",
      "detail": "FCF margin: +18.0% -> +53.7% (+35.7%)",
      "severity": "MEDIUM"
    },
    {
      "quarter": "2025-09 (Q3)",
      "signal": "OPERATING LEVERAGE",
      "detail": "Rev growth +61.3% vs OpEx growth +7.8% (leverage: 7.9x)",
      "severity": "MEDIUM"
    },
    {
      "quarter": "2025-09 (Q3)",
      "signal": "GROSS MARGIN INFLECTION",
      "detail": "GM: +25.7% -> -0.5% -> +18.1% (reversal +18.6%)",
      "severity": "HIGH"
    },
    {
      "quarter": "2025-09 (Q3)",
      "signal": "YoY REVENUE GROWTH ACCELERATION",
      "detail": "YoY growth: +4.4% vs prior quarter YoY: -38.8% (accel: +43.2%)",
      "severity": "HIGH"
    },
    {
      "quarter": "2025-09 (Q3)",
      "signal": "OP MARGIN TURNED POSITIVE (QoQ)",
      "detail": "Op margin: -27.5% -> +0.1%",
      "severity": "HIGH"
    },
    {
      "quarter": "2025-06 (Q2)",
      "signal": "FCF TURNED POSITIVE",
      "detail": "FCF margin: -16.5% -> +18.0%",
      "severity": "HIGH"
    },
    {
      "quarter": "2024-12 (Q4)",
      "signal": "INCREMENTAL MARGIN (YoY)",
      "detail": "YoY Incr OPM: +59.7% vs year-ago OPM: +36.6%",
      "severity": "HIGH"
    },
    {
      "quarter": "2024-09 (Q3)",
      "signal": "INCREMENTAL MARGIN (YoY)",
      "detail": "YoY Incr OPM: +78.3% vs year-ago OPM: +46.4%",
      "severity": "HIGH"
    },
    {
      "quarter": "2024-06 (Q2)",
      "signal": "INCREMENTAL MARGIN (YoY)",
      "detail": "YoY Incr OPM: +82.0% vs year-ago OPM: +45.1%",
      "severity": "HIGH"
    },
    {
      "quarter": "2024-03 (Q1)",
      "signal": "FCF MARGIN EXPANSION",
      "detail": "FCF margin: +30.3% -> +47.4% (+17.1%)",
      "severity": "MEDIUM"
    },
    {
      "quarter": "2024-03 (Q1)",
      "signal": "YoY REVENUE GROWTH DECELERATION",
      "detail": "YoY growth: -27.8% vs prior quarter YoY: -17.2% (decel: -10.6%)",
      "severity": "WARNING"
    },
    {
      "quarter": "2024-03 (Q1)",
      "signal": "INCREMENTAL MARGIN (YoY)",
      "detail": "YoY Incr OPM: +76.6% vs year-ago OPM: +41.9%",
      "severity": "HIGH"
    },
    {
      "quarter": "2023-12 (Q4)",
      "signal": "YoY REVENUE GROWTH DECELERATION",
      "detail": "YoY growth: -17.2% vs prior quarter YoY: -8.5% (decel: -8.7%)",
      "severity": "WARNING"
    },
    {
      "quarter": "2023-12 (Q4)",
      "signal": "INCREMENTAL MARGIN (YoY)",
      "detail": "YoY Incr OPM: +68.8% vs year-ago OPM: +42.1%",
      "severity": "HIGH"
    },
    {
      "quarter": "2023-09 (Q3)",
      "signal": "YoY REVENUE GROWTH DECELERATION",
      "detail": "YoY growth: -8.5% vs prior quarter YoY: +31.0% (decel: -39.5%)",
      "severity": "WARNING"
    },
    {
      "quarter": "2023-06 (Q2)",
      "signal": "FCF TURNED POSITIVE",
      "detail": "FCF margin: -2.8% -> +35.3%",
      "severity": "HIGH"
    },
    {
      "quarter": "2023-06 (Q2)",
      "signal": "YoY REVENUE GROWTH DECELERATION",
      "detail": "YoY growth: +31.0% vs prior quarter YoY: +84.0% (decel: -53.0%)",
      "severity": "WARNING"
    },
    {
      "quarter": "2023-06 (Q2)",
      "signal": "INCREMENTAL MARGIN (YoY)",
      "detail": "YoY Incr OPM: +79.2% vs year-ago OPM: +34.5%",
      "severity": "HIGH"
    },
    {
      "quarter": "2023-03 (Q1)",
      "signal": "INCREMENTAL MARGIN (YoY)",
      "detail": "YoY Incr OPM: +73.5% vs year-ago OPM: +15.4%",
      "severity": "HIGH"
    },
    {
      "quarter": "2022-12 (Q4)",
      "signal": "YoY REVENUE GROWTH ACCELERATION",
      "detail": "YoY growth: +86.6% vs prior quarter YoY: +78.9% (accel: +7.7%)",
      "severity": "MEDIUM"
    },
    {
      "quarter": "2022-12 (Q4)",
      "signal": "INCREMENTAL MARGIN (YoY)",
      "detail": "YoY Incr OPM: +71.4% vs year-ago OPM: +16.7%",
      "severity": "HIGH"
    },
    {
      "quarter": "2022-09 (Q3)",
      "signal": "FCF MARGIN EXPANSION",
      "detail": "FCF margin: +24.8% -> +149.7% (+124.9%)",
      "severity": "MEDIUM"
    },
    {
      "quarter": "2022-09 (Q3)",
      "signal": "YoY REVENUE GROWTH ACCELERATION",
      "detail": "YoY growth: +78.9% vs prior quarter YoY: +46.2% (accel: +32.7%)",
      "severity": "HIGH"
    },
    {
      "quarter": "2022-09 (Q3)",
      "signal": "INCREMENTAL MARGIN (YoY)",
      "detail": "YoY Incr OPM: +61.5% vs year-ago OPM: +18.7%",
      "severity": "HIGH"
    },
    {
      "quarter": "2022-06 (Q2)",
      "signal": "FCF TURNED POSITIVE",
      "detail": "FCF margin: -38.1% -> +24.8%",
      "severity": "HIGH"
    },
    {
      "quarter": "2022-06 (Q2)",
      "signal": "GROSS MARGIN INFLECTION",
      "detail": "GM: +35.8% -> +34.7% -> +47.9% (reversal +13.2%)",
      "severity": "HIGH"
    },
    {
      "quarter": "2022-06 (Q2)",
      "signal": "YoY REVENUE GROWTH DECELERATION",
      "detail": "YoY growth: +46.2% vs prior quarter YoY: +76.6% (decel: -30.4%)",
      "severity": "WARNING"
    },
    {
      "quarter": "2022-06 (Q2)",
      "signal": "INCREMENTAL MARGIN (YoY)",
      "detail": "YoY Incr OPM: +77.8% vs year-ago OPM: +14.5%",
      "severity": "HIGH"
    },
    {
      "quarter": "2022-03 (Q1)",
      "signal": "YoY REVENUE GROWTH ACCELERATION",
      "detail": "YoY growth: +76.6% vs prior quarter YoY: +58.3% (accel: +18.3%)",
      "severity": "HIGH"
    },
    {
      "quarter": "2022-03 (Q1)",
      "signal": "OP MARGIN TURNED POSITIVE (YoY)",
      "detail": "Op margin: -9.0% (year-ago) -> +15.4%",
      "severity": "HIGH"
    },
    {
      "quarter": "2021-12 (Q4)",
      "signal": "OP MARGIN TURNED POSITIVE (YoY)",
      "detail": "Op margin: -5.0% (year-ago) -> +16.7%",
      "severity": "HIGH"
    },
    {
      "quarter": "2021-09 (Q3)",
      "signal": "OPERATING LEVERAGE",
      "detail": "Rev growth +18.9% vs OpEx growth +4.4% (leverage: 4.3x)",
      "severity": "MEDIUM"
    },
    {
      "quarter": "2021-06 (Q2)",
      "signal": "FCF TURNED POSITIVE",
      "detail": "FCF margin: -17.6% -> +89.9%",
      "severity": "HIGH"
    },
    {
      "quarter": "2021-06 (Q2)",
      "signal": "OPERATING LEVERAGE",
      "detail": "Rev growth +64.8% vs OpEx growth +4.1% (leverage: 15.7x)",
      "severity": "MEDIUM"
    },
    {
      "quarter": "2021-06 (Q2)",
      "signal": "OP MARGIN TURNED POSITIVE (QoQ)",
      "detail": "Op margin: -9.0% -> +14.5%",
      "severity": "HIGH"
    }
  ],
  "data_quality": {
    "n_quarters": 20,
    "coverage": {
      "revenue": [
        20,
        20
      ],
      "gross_profit": [
        20,
        20
      ],
      "op_income": [
        20,
        20
      ],
      "fcf": [
        20,
        20
      ]
    },
    "gaps": [],
    "warnings": []
  },
  "market_cap": null,
  "source": "SEC EDGAR",
  "last_updated": "2026-02-02T22:13:45.337789"
}