{
  "ticker": "THR",
  "name": "THERMON GROUP HOLDINGS,\u00a0INC.",
  "quarters": [
    {
      "date": "2020-12-31T00:00:00",
      "quarter_label": "2020-12 (Q4)",
      "revenue": 79604000,
      "gross_profit": 36960000,
      "operating_income": 10160000,
      "net_income": null,
      "opex": 26800000,
      "cogs": 42644000,
      "rd": null,
      "sga": 20882000,
      "fcf": 2299000,
      "ocf": 2875000,
      "capex": -576000,
      "gross_margin": 0.4642982764685192,
      "op_margin": 0.12763177729762323,
      "fcf_margin": 0.02888045826842872
    },
    {
      "date": "2021-03-31T00:00:00",
      "quarter_label": "2021-03 (Q1)",
      "revenue": 73323000,
      "gross_profit": 26862000,
      "operating_income": 1326000,
      "net_income": -1051000,
      "opex": 25536000,
      "cogs": 46461000,
      "rd": null,
      "sga": 23796000,
      "fcf": 11386000,
      "ocf": 14810000,
      "capex": -3424000,
      "gross_margin": 0.3663516222740477,
      "op_margin": 0.018084366433451987,
      "fcf_margin": 0.15528551750473932,
      "fcf_margin_change": 0.1264050592363106
    },
    {
      "date": "2021-06-30T00:00:00",
      "quarter_label": "2021-06 (Q2)",
      "revenue": 71155000,
      "gross_profit": 28169000,
      "operating_income": 4614000,
      "net_income": -340000,
      "opex": 23555000,
      "cogs": 42986000,
      "rd": null,
      "sga": 21401000,
      "fcf": 1604000,
      "ocf": 2477000,
      "capex": -873000,
      "gross_margin": 0.39588222893682806,
      "op_margin": 0.06484435387534256,
      "fcf_margin": 0.02254233715128944,
      "fcf_margin_change": -0.13274318035344987
    },
    {
      "date": "2021-09-30T00:00:00",
      "quarter_label": "2021-09 (Q3)",
      "revenue": 81322000,
      "gross_profit": 31721000,
      "operating_income": 6225000,
      "net_income": null,
      "opex": 25496000,
      "cogs": 49601000,
      "rd": null,
      "sga": 23320000,
      "fcf": 6792000,
      "ocf": 7974000,
      "capex": -1182000,
      "gross_margin": 0.39006664863136664,
      "op_margin": 0.0765475517080249,
      "fcf_margin": 0.08351983473106908,
      "op_leverage_ratio": 1.7339835526790948,
      "fcf_margin_change": 0.060977497579779646
    },
    {
      "date": "2021-12-31T00:00:00",
      "quarter_label": "2021-12 (Q4)",
      "revenue": 100613000,
      "gross_profit": 40747000,
      "operating_income": 16169000,
      "net_income": null,
      "opex": 24578000,
      "cogs": 59866000,
      "rd": null,
      "sga": 22099000,
      "fcf": 2430000,
      "ocf": 3295000,
      "capex": -865000,
      "gross_margin": 0.4049874270720483,
      "op_margin": 0.16070487909117112,
      "fcf_margin": 0.02415194855535567,
      "incr_op_margin_yoy": 0.2860202770241325,
      "rev_growth_yoy": 0.26391889854781164,
      "op_leverage_ratio": Infinity,
      "fcf_margin_change": -0.05936788617571341
    },
    {
      "date": "2022-03-31T00:00:00",
      "quarter_label": "2022-03 (Q1)",
      "revenue": 102584000,
      "gross_profit": 41112000,
      "operating_income": 13028000,
      "net_income": null,
      "opex": 28084000,
      "cogs": 61472000,
      "rd": null,
      "sga": 26234000,
      "fcf": 12708000,
      "ocf": 15008000,
      "capex": -2300000,
      "gross_margin": 0.4007642517351634,
      "op_margin": 0.12699836231771036,
      "fcf_margin": 0.12387896748030883,
      "incr_op_margin_yoy": 0.39991797956324115,
      "rev_growth_yoy": 0.3990698689360774,
      "rev_growth_yoy_accel": 0.13515097038826573,
      "op_leverage_ratio": 0.13733054822313434,
      "fcf_margin_change": 0.09972701892495316
    },
    {
      "date": "2022-06-30T00:00:00",
      "quarter_label": "2022-06 (Q2)",
      "revenue": 95442000,
      "gross_profit": 37225000,
      "operating_income": 11214000,
      "net_income": null,
      "opex": 26011000,
      "cogs": 58217000,
      "rd": null,
      "sga": 24403000,
      "fcf": 10243000,
      "ocf": 11860000,
      "capex": -1617000,
      "gross_margin": 0.39002745122692317,
      "op_margin": 0.11749544225812536,
      "fcf_margin": 0.1073217241885124,
      "incr_op_margin_yoy": 0.2717503191007535,
      "rev_growth_yoy": 0.34132527580633826,
      "rev_growth_yoy_accel": -0.05774459312973912,
      "fcf_margin_change": -0.016557243291796434
    },
    {
      "date": "2022-09-30T00:00:00",
      "quarter_label": "2022-09 (Q3)",
      "revenue": 100557000,
      "gross_profit": 45926000,
      "operating_income": 16038000,
      "net_income": null,
      "opex": 29888000,
      "cogs": 54631000,
      "rd": null,
      "sga": 27754000,
      "fcf": -1326000,
      "ocf": 671000,
      "capex": -1997000,
      "gross_margin": 0.45671609137106317,
      "op_margin": 0.1594916316119216,
      "fcf_margin": -0.013186550911423373,
      "incr_op_margin_yoy": 0.5101637639719262,
      "rev_growth_yoy": 0.23652886057893313,
      "rev_growth_yoy_accel": -0.10479641522740513,
      "op_leverage_ratio": 0.35955667420051607,
      "fcf_margin_change": -0.12050827509993577
    },
    {
      "date": "2022-12-31T00:00:00",
      "quarter_label": "2022-12 (Q4)",
      "revenue": 122110000,
      "gross_profit": 50450000,
      "operating_income": 14062000,
      "net_income": 8425000,
      "opex": 36388000,
      "cogs": 71660000,
      "rd": null,
      "sga": 30889000,
      "fcf": 17515000,
      "ocf": 19074000,
      "capex": -1559000,
      "gross_margin": 0.41315207599705184,
      "op_margin": 0.11515846368028826,
      "fcf_margin": 0.14343624600769797,
      "incr_op_margin_yoy": -0.09801367632692934,
      "rev_growth_yoy": 0.21366026259032134,
      "rev_growth_yoy_accel": -0.022868597988611794,
      "op_leverage_ratio": 0.9855505817213506,
      "fcf_margin_change": 0.15662279691912134
    },
    {
      "date": "2023-03-31T00:00:00",
      "quarter_label": "2023-03 (Q1)",
      "revenue": 122481000,
      "gross_profit": 51524000,
      "operating_income": 13876000,
      "net_income": 7701000,
      "opex": 37648000,
      "cogs": 70957000,
      "rd": null,
      "sga": 33957000,
      "fcf": 21829000,
      "ocf": 26109000,
      "capex": -4280000,
      "gross_margin": 0.42066932830398185,
      "op_margin": 0.11329104105942962,
      "fcf_margin": 0.17822356120541144,
      "incr_op_margin_yoy": 0.042619490375433486,
      "rev_growth_yoy": 0.19395812212430788,
      "rev_growth_yoy_accel": -0.019702140466013457,
      "fcf_margin_change": 0.03478731519771347
    },
    {
      "date": "2023-06-30T00:00:00",
      "quarter_label": "2023-06 (Q2)",
      "revenue": 106889000,
      "gross_profit": 47309000,
      "operating_income": 15414000,
      "net_income": 10938000,
      "opex": 31895000,
      "cogs": 59580000,
      "rd": null,
      "sga": 28654000,
      "fcf": -1933000,
      "ocf": 868000,
      "capex": -2801000,
      "gross_margin": 0.4425993320173264,
      "op_margin": 0.144205671303876,
      "fcf_margin": -0.01808418078567486,
      "incr_op_margin_yoy": 0.36690836026906615,
      "rev_growth_yoy": 0.11993671549213135,
      "rev_growth_yoy_accel": -0.07402140663217653,
      "fcf_margin_change": -0.1963077419910863
    },
    {
      "date": "2023-09-30T00:00:00",
      "quarter_label": "2023-09 (Q3)",
      "revenue": 123659000,
      "gross_profit": 54458000,
      "operating_income": 21684000,
      "net_income": 14730000,
      "opex": 32774000,
      "cogs": 69201000,
      "rd": null,
      "sga": 30490000,
      "fcf": 585000,
      "ocf": 3392000,
      "capex": -2807000,
      "gross_margin": 0.4403884876960027,
      "op_margin": 0.1753531890117177,
      "fcf_margin": 0.004730751502114687,
      "incr_op_margin_yoy": 0.24439442472513204,
      "rev_growth_yoy": 0.22974034627126902,
      "rev_growth_yoy_accel": 0.10980363077913767,
      "op_leverage_ratio": 5.692902946717364,
      "fcf_margin_change": 0.022814932287789545
    },
    {
      "date": "2023-12-31T00:00:00",
      "quarter_label": "2023-12 (Q4)",
      "revenue": 136427000,
      "gross_profit": 57410000,
      "operating_income": 21449000,
      "net_income": 15837000,
      "opex": 35961000,
      "cogs": 79017000,
      "rd": null,
      "sga": 31853000,
      "fcf": 22054000,
      "ocf": 24328000,
      "capex": -2274000,
      "gross_margin": 0.42081112976170404,
      "op_margin": 0.15721961195364553,
      "fcf_margin": 0.16165421800669955,
      "incr_op_margin_yoy": 0.5159600474959838,
      "rev_growth_yoy": 0.11724674473835067,
      "rev_growth_yoy_accel": -0.11249360153291835,
      "op_leverage_ratio": 1.061804422215548,
      "fcf_margin_change": 0.15692346650458486
    },
    {
      "date": "2024-03-31T00:00:00",
      "quarter_label": "2024-03 (Q1)",
      "revenue": 127654000,
      "gross_profit": 52387000,
      "operating_income": 16824000,
      "net_income": 10083000,
      "opex": 35563000,
      "cogs": 75267000,
      "rd": null,
      "sga": 32823000,
      "fcf": 34233000,
      "ocf": 37367000,
      "capex": -3134000,
      "gross_margin": 0.41038275338023095,
      "op_margin": 0.13179375499396806,
      "fcf_margin": 0.26817021009917436,
      "incr_op_margin_yoy": 0.5698820800309299,
      "rev_growth_yoy": 0.04223512218221602,
      "rev_growth_yoy_accel": -0.07501162255613465,
      "fcf_margin_change": 0.10651599209247481
    },
    {
      "date": "2024-06-30T00:00:00",
      "quarter_label": "2024-06 (Q2)",
      "revenue": 115126000,
      "gross_profit": 50432000,
      "operating_income": 13735000,
      "net_income": 8511000,
      "opex": 36697000,
      "cogs": 64694000,
      "rd": null,
      "sga": 31088000,
      "fcf": 8736000,
      "ocf": 12659000,
      "capex": -3923000,
      "gross_margin": 0.43805916995292116,
      "op_margin": 0.11930406684849643,
      "fcf_margin": 0.07588207702864687,
      "incr_op_margin_yoy": -0.2038363481850188,
      "rev_growth_yoy": 0.0770612504560806,
      "rev_growth_yoy_accel": 0.03482612827386458,
      "fcf_margin_change": -0.1922881330705275
    },
    {
      "date": "2024-09-30T00:00:00",
      "quarter_label": "2024-09 (Q3)",
      "revenue": 114648000,
      "gross_profit": 50912000,
      "operating_income": 15203000,
      "net_income": 9494000,
      "opex": 35709000,
      "cogs": 63736000,
      "rd": null,
      "sga": 31259000,
      "fcf": 6700000,
      "ocf": 8562000,
      "capex": -1862000,
      "gross_margin": 0.4440722908380434,
      "op_margin": 0.1326058893308213,
      "fcf_margin": 0.058439746005163634,
      "incr_op_margin_yoy": 0.7192320497170125,
      "rev_growth_yoy": -0.07286974664197511,
      "rev_growth_yoy_accel": -0.1499309970980557,
      "fcf_margin_change": -0.017442331023483235
    },
    {
      "date": "2024-12-31T00:00:00",
      "quarter_label": "2024-12 (Q4)",
      "revenue": 134353000,
      "gross_profit": 62121000,
      "operating_income": 27686000,
      "net_income": 18539000,
      "opex": 34435000,
      "cogs": 72232000,
      "rd": null,
      "sga": 34123000,
      "fcf": 8446000,
      "ocf": 9839000,
      "capex": -1393000,
      "gross_margin": 0.4623715138478486,
      "op_margin": 0.20606908665976942,
      "fcf_margin": 0.06286424568115338,
      "incr_op_margin_yoy": -3.007232401157184,
      "rev_growth_yoy": -0.015202269345510786,
      "rev_growth_yoy_accel": 0.05766747729646433,
      "op_leverage_ratio": Infinity,
      "fcf_margin_change": 0.004424499675989749
    },
    {
      "date": "2025-03-31T00:00:00",
      "quarter_label": "2025-03 (Q1)",
      "revenue": 134080000,
      "gross_profit": 59431000,
      "operating_income": 23133000,
      "net_income": 16971000,
      "opex": 36298000,
      "cogs": 74649000,
      "rd": null,
      "sga": 32837000,
      "fcf": 28987000,
      "ocf": 32058000,
      "capex": -3071000,
      "gross_margin": 0.4432502983293556,
      "op_margin": 0.1725313245823389,
      "fcf_margin": 0.21619182577565632,
      "incr_op_margin_yoy": 0.9817927170868347,
      "rev_growth_yoy": 0.050339198144985664,
      "rev_growth_yoy_accel": 0.06554146749049646,
      "fcf_margin_change": 0.15332758009450292
    },
    {
      "date": "2025-06-30T00:00:00",
      "quarter_label": "2025-06 (Q2)",
      "revenue": 108898000,
      "gross_profit": 48045000,
      "operating_income": 11726000,
      "net_income": 8581000,
      "opex": 36319000,
      "cogs": 60853000,
      "rd": null,
      "sga": 32175000,
      "fcf": 8321000,
      "ocf": 10742000,
      "capex": -2421000,
      "gross_margin": 0.4411926757148892,
      "op_margin": 0.10767874524784661,
      "fcf_margin": 0.07641095336920788,
      "incr_op_margin_yoy": 0.32257546563904943,
      "rev_growth_yoy": -0.054097249969598526,
      "rev_growth_yoy_accel": -0.10443644811458419,
      "fcf_margin_change": -0.13978087240644843
    },
    {
      "date": "2025-09-30T00:00:00",
      "quarter_label": "2025-09 (Q3)",
      "revenue": 131723000,
      "gross_profit": 61076000,
      "operating_income": 21580000,
      "net_income": 14954000,
      "opex": 39496000,
      "cogs": 70647000,
      "rd": null,
      "sga": 35508000,
      "fcf": 4361000,
      "ocf": 7425000,
      "capex": -3064000,
      "gross_margin": 0.4636699741123418,
      "op_margin": 0.16382864040448517,
      "fcf_margin": 0.03310735406876551,
      "incr_op_margin_yoy": 0.37346998535871156,
      "rev_growth_yoy": 0.148934128811667,
      "rev_growth_yoy_accel": 0.20303137878126554,
      "op_leverage_ratio": 2.3961144044413745,
      "fcf_margin_change": -0.043303599300442364
    }
  ],
  "signals": [
    {
      "quarter": "2025-09 (Q3)",
      "signal": "OPERATING LEVERAGE",
      "detail": "Rev growth +21.0% vs OpEx growth +8.7% (leverage: 2.4x)",
      "severity": "MEDIUM"
    },
    {
      "quarter": "2025-09 (Q3)",
      "signal": "GROSS MARGIN INFLECTION",
      "detail": "GM: +44.3% -> +44.1% -> +46.4% (reversal +2.2%)",
      "severity": "MEDIUM"
    },
    {
      "quarter": "2025-09 (Q3)",
      "signal": "YoY REVENUE GROWTH ACCELERATION",
      "detail": "YoY growth: +14.9% vs prior quarter YoY: -5.4% (accel: +20.3%)",
      "severity": "HIGH"
    },
    {
      "quarter": "2025-09 (Q3)",
      "signal": "INCREMENTAL MARGIN (YoY)",
      "detail": "YoY Incr OPM: +37.3% vs year-ago OPM: +13.3%",
      "severity": "HIGH"
    },
    {
      "quarter": "2025-06 (Q2)",
      "signal": "YoY REVENUE GROWTH DECELERATION",
      "detail": "YoY growth: -5.4% vs prior quarter YoY: +5.0% (decel: -10.4%)",
      "severity": "WARNING"
    },
    {
      "quarter": "2025-06 (Q2)",
      "signal": "INCREMENTAL MARGIN (YoY)",
      "detail": "YoY Incr OPM: +32.3% vs year-ago OPM: +11.9%",
      "severity": "HIGH"
    },
    {
      "quarter": "2025-03 (Q1)",
      "signal": "FCF MARGIN EXPANSION",
      "detail": "FCF margin: +6.3% -> +21.6% (+15.3%)",
      "severity": "MEDIUM"
    },
    {
      "quarter": "2025-03 (Q1)",
      "signal": "YoY REVENUE GROWTH ACCELERATION",
      "detail": "YoY growth: +5.0% vs prior quarter YoY: -1.5% (accel: +6.6%)",
      "severity": "MEDIUM"
    },
    {
      "quarter": "2025-03 (Q1)",
      "signal": "INCREMENTAL MARGIN (YoY)",
      "detail": "YoY Incr OPM: +98.2% vs year-ago OPM: +13.2%",
      "severity": "HIGH"
    },
    {
      "quarter": "2024-12 (Q4)",
      "signal": "YoY REVENUE GROWTH ACCELERATION",
      "detail": "YoY growth: -1.5% vs prior quarter YoY: -7.3% (accel: +5.8%)",
      "severity": "MEDIUM"
    },
    {
      "quarter": "2024-09 (Q3)",
      "signal": "YoY REVENUE GROWTH DECELERATION",
      "detail": "YoY growth: -7.3% vs prior quarter YoY: +7.7% (decel: -15.0%)",
      "severity": "WARNING"
    },
    {
      "quarter": "2024-09 (Q3)",
      "signal": "INCREMENTAL MARGIN (YoY)",
      "detail": "YoY Incr OPM: +71.9% vs year-ago OPM: +17.5%",
      "severity": "HIGH"
    },
    {
      "quarter": "2024-06 (Q2)",
      "signal": "GROSS MARGIN INFLECTION",
      "detail": "GM: +42.1% -> +41.0% -> +43.8% (reversal +2.8%)",
      "severity": "MEDIUM"
    },
    {
      "quarter": "2024-03 (Q1)",
      "signal": "FCF MARGIN EXPANSION",
      "detail": "FCF margin: +16.2% -> +26.8% (+10.7%)",
      "severity": "MEDIUM"
    },
    {
      "quarter": "2024-03 (Q1)",
      "signal": "YoY REVENUE GROWTH DECELERATION",
      "detail": "YoY growth: +4.2% vs prior quarter YoY: +11.7% (decel: -7.5%)",
      "severity": "WARNING"
    },
    {
      "quarter": "2024-03 (Q1)",
      "signal": "INCREMENTAL MARGIN (YoY)",
      "detail": "YoY Incr OPM: +57.0% vs year-ago OPM: +11.3%",
      "severity": "HIGH"
    },
    {
      "quarter": "2023-12 (Q4)",
      "signal": "FCF MARGIN EXPANSION",
      "detail": "FCF margin: +0.5% -> +16.2% (+15.7%)",
      "severity": "MEDIUM"
    },
    {
      "quarter": "2023-12 (Q4)",
      "signal": "YoY REVENUE GROWTH DECELERATION",
      "detail": "YoY growth: +11.7% vs prior quarter YoY: +23.0% (decel: -11.2%)",
      "severity": "WARNING"
    },
    {
      "quarter": "2023-12 (Q4)",
      "signal": "INCREMENTAL MARGIN (YoY)",
      "detail": "YoY Incr OPM: +51.6% vs year-ago OPM: +11.5%",
      "severity": "HIGH"
    },
    {
      "quarter": "2023-09 (Q3)",
      "signal": "FCF TURNED POSITIVE",
      "detail": "FCF margin: -1.8% -> +0.5%",
      "severity": "HIGH"
    },
    {
      "quarter": "2023-09 (Q3)",
      "signal": "OPERATING LEVERAGE",
      "detail": "Rev growth +15.7% vs OpEx growth +2.8% (leverage: 5.7x)",
      "severity": "MEDIUM"
    },
    {
      "quarter": "2023-09 (Q3)",
      "signal": "YoY REVENUE GROWTH ACCELERATION",
      "detail": "YoY growth: +23.0% vs prior quarter YoY: +12.0% (accel: +11.0%)",
      "severity": "MEDIUM"
    },
    {
      "quarter": "2023-06 (Q2)",
      "signal": "YoY REVENUE GROWTH DECELERATION",
      "detail": "YoY growth: +12.0% vs prior quarter YoY: +19.4% (decel: -7.4%)",
      "severity": "WARNING"
    },
    {
      "quarter": "2023-06 (Q2)",
      "signal": "INCREMENTAL MARGIN (YoY)",
      "detail": "YoY Incr OPM: +36.7% vs year-ago OPM: +11.7%",
      "severity": "HIGH"
    },
    {
      "quarter": "2022-12 (Q4)",
      "signal": "FCF TURNED POSITIVE",
      "detail": "FCF margin: -1.3% -> +14.3%",
      "severity": "HIGH"
    },
    {
      "quarter": "2022-09 (Q3)",
      "signal": "GROSS MARGIN INFLECTION",
      "detail": "GM: +40.1% -> +39.0% -> +45.7% (reversal +6.7%)",
      "severity": "HIGH"
    },
    {
      "quarter": "2022-09 (Q3)",
      "signal": "YoY REVENUE GROWTH DECELERATION",
      "detail": "YoY growth: +23.7% vs prior quarter YoY: +34.1% (decel: -10.5%)",
      "severity": "WARNING"
    },
    {
      "quarter": "2022-09 (Q3)",
      "signal": "INCREMENTAL MARGIN (YoY)",
      "detail": "YoY Incr OPM: +51.0% vs year-ago OPM: +7.7%",
      "severity": "HIGH"
    },
    {
      "quarter": "2022-06 (Q2)",
      "signal": "YoY REVENUE GROWTH DECELERATION",
      "detail": "YoY growth: +34.1% vs prior quarter YoY: +39.9% (decel: -5.8%)",
      "severity": "WARNING"
    },
    {
      "quarter": "2022-06 (Q2)",
      "signal": "INCREMENTAL MARGIN (YoY)",
      "detail": "YoY Incr OPM: +27.2% vs year-ago OPM: +6.5%",
      "severity": "HIGH"
    },
    {
      "quarter": "2022-03 (Q1)",
      "signal": "FCF MARGIN EXPANSION",
      "detail": "FCF margin: +2.4% -> +12.4% (+10.0%)",
      "severity": "MEDIUM"
    },
    {
      "quarter": "2022-03 (Q1)",
      "signal": "YoY REVENUE GROWTH ACCELERATION",
      "detail": "YoY growth: +39.9% vs prior quarter YoY: +26.4% (accel: +13.5%)",
      "severity": "MEDIUM"
    },
    {
      "quarter": "2022-03 (Q1)",
      "signal": "INCREMENTAL MARGIN (YoY)",
      "detail": "YoY Incr OPM: +40.0% vs year-ago OPM: +1.8%",
      "severity": "HIGH"
    },
    {
      "quarter": "2021-12 (Q4)",
      "signal": "INCREMENTAL MARGIN (YoY)",
      "detail": "YoY Incr OPM: +28.6% vs year-ago OPM: +12.8%",
      "severity": "MEDIUM"
    },
    {
      "quarter": "2021-09 (Q3)",
      "signal": "FCF MARGIN EXPANSION",
      "detail": "FCF margin: +2.3% -> +8.4% (+6.1%)",
      "severity": "MEDIUM"
    },
    {
      "quarter": "2021-09 (Q3)",
      "signal": "OPERATING LEVERAGE",
      "detail": "Rev growth +14.3% vs OpEx growth +8.2% (leverage: 1.7x)",
      "severity": "MEDIUM"
    },
    {
      "quarter": "2021-06 (Q2)",
      "signal": "GROSS MARGIN INFLECTION",
      "detail": "GM: +46.4% -> +36.6% -> +39.6% (reversal +3.0%)",
      "severity": "MEDIUM"
    },
    {
      "quarter": "2021-03 (Q1)",
      "signal": "FCF MARGIN EXPANSION",
      "detail": "FCF margin: +2.9% -> +15.5% (+12.6%)",
      "severity": "MEDIUM"
    }
  ],
  "data_quality": {
    "n_quarters": 20,
    "coverage": {
      "revenue": [
        20,
        20
      ],
      "gross_profit": [
        20,
        20
      ],
      "op_income": [
        20,
        20
      ],
      "fcf": [
        20,
        20
      ]
    },
    "gaps": [],
    "warnings": []
  },
  "market_cap": null,
  "source": "SEC EDGAR",
  "last_updated": "2026-02-02T21:49:34.713577"
}