{
  "ticker": "THRM",
  "name": "Gentherm Inc",
  "quarters": [
    {
      "date": "2020-12-31T00:00:00",
      "quarter_label": "2020-12 (Q4)",
      "revenue": 288884000,
      "gross_profit": 92697000,
      "operating_income": 41907000,
      "net_income": null,
      "opex": 50790000,
      "cogs": 196187000,
      "rd": 16869000,
      "sga": 31570000,
      "fcf": 31788000,
      "ocf": 37394000,
      "capex": -5606000,
      "gross_margin": 0.3208796610404176,
      "op_margin": 0.14506514725633818,
      "fcf_margin": 0.11003724678417635
    },
    {
      "date": "2021-03-31T00:00:00",
      "quarter_label": "2021-03 (Q1)",
      "revenue": 288535000,
      "gross_profit": 87669000,
      "operating_income": 40749000,
      "net_income": null,
      "opex": 46920000,
      "cogs": 200866000,
      "rd": 17603000,
      "sga": 28526000,
      "fcf": 29754000,
      "ocf": 39667000,
      "capex": -9913000,
      "gross_margin": 0.3038418216160951,
      "op_margin": 0.1412272341310413,
      "fcf_margin": 0.10312093853431993,
      "fcf_margin_change": -0.006916308249856423
    },
    {
      "date": "2021-06-30T00:00:00",
      "quarter_label": "2021-06 (Q2)",
      "revenue": 266005000,
      "gross_profit": 79213000,
      "operating_income": 31672000,
      "net_income": null,
      "opex": 47541000,
      "cogs": 186792000,
      "rd": 18227000,
      "sga": 27223000,
      "fcf": 33939000,
      "ocf": 44695000,
      "capex": -10756000,
      "gross_margin": 0.29778763557075993,
      "op_margin": 0.11906543110091916,
      "fcf_margin": 0.12758782729647938,
      "fcf_margin_change": 0.024466888762159453
    },
    {
      "date": "2021-09-30T00:00:00",
      "quarter_label": "2021-09 (Q3)",
      "revenue": 243384000,
      "gross_profit": 69387000,
      "operating_income": 20704000,
      "net_income": null,
      "opex": 48683000,
      "cogs": 173997000,
      "rd": 20590000,
      "sga": 27344000,
      "fcf": 23828000,
      "ocf": 32744000,
      "capex": -8916000,
      "gross_margin": 0.285092693028301,
      "op_margin": 0.0850672188804523,
      "fcf_margin": 0.09790290240936134,
      "fcf_margin_change": -0.029684924887118047
    },
    {
      "date": "2021-12-31T00:00:00",
      "quarter_label": "2021-12 (Q4)",
      "revenue": 248226000,
      "gross_profit": 67362000,
      "operating_income": 21881000,
      "net_income": null,
      "opex": 45481000,
      "cogs": 180864000,
      "rd": 18794000,
      "sga": 26461000,
      "fcf": 17087000,
      "ocf": 25970000,
      "capex": -8883000,
      "gross_margin": 0.2713736675448986,
      "op_margin": 0.0881495089152627,
      "fcf_margin": 0.06883646354531757,
      "incr_op_margin_yoy": 0.4925475921097939,
      "rev_growth_yoy": -0.14074161255036624,
      "op_leverage_ratio": Infinity,
      "fcf_margin_change": -0.029066438864043767
    },
    {
      "date": "2022-03-31T00:00:00",
      "quarter_label": "2022-03 (Q1)",
      "revenue": 267657000,
      "gross_profit": 64113000,
      "operating_income": 14190000,
      "net_income": null,
      "opex": 49923000,
      "cogs": 203544000,
      "rd": 20434000,
      "sga": 29308000,
      "fcf": -6343000,
      "ocf": -684000,
      "capex": -5659000,
      "gross_margin": 0.2395341799392506,
      "op_margin": 0.05301561326623253,
      "fcf_margin": -0.023698240658753554,
      "incr_op_margin_yoy": 1.272104607721046,
      "rev_growth_yoy": -0.07235863933318315,
      "rev_growth_yoy_accel": 0.06838297321718309,
      "op_leverage_ratio": 0.8014922616687201,
      "fcf_margin_change": -0.09253470420407112
    },
    {
      "date": "2022-06-30T00:00:00",
      "quarter_label": "2022-06 (Q2)",
      "revenue": 260715000,
      "gross_profit": 59377000,
      "operating_income": 7735000,
      "net_income": null,
      "opex": 51642000,
      "cogs": 201338000,
      "rd": 19325000,
      "sga": 31943000,
      "fcf": -12791000,
      "ocf": -3002000,
      "capex": -9789000,
      "gross_margin": 0.22774677329651152,
      "op_margin": 0.029668411867364748,
      "fcf_margin": -0.049061235448670006,
      "incr_op_margin_yoy": 4.524952741020794,
      "rev_growth_yoy": -0.019886844232251275,
      "rev_growth_yoy_accel": 0.052471795100931876,
      "fcf_margin_change": -0.02536299478991645
    },
    {
      "date": "2022-09-30T00:00:00",
      "quarter_label": "2022-09 (Q3)",
      "revenue": 332962000,
      "gross_profit": 80352000,
      "operating_income": 22821000,
      "net_income": null,
      "opex": 57531000,
      "cogs": 252610000,
      "rd": 22666000,
      "sga": 34859000,
      "fcf": 6354000,
      "ocf": 16643000,
      "capex": -10289000,
      "gross_margin": 0.241324835867156,
      "op_margin": 0.06853935283906272,
      "fcf_margin": 0.019083258750247776,
      "incr_op_margin_yoy": 0.023633034896961308,
      "rev_growth_yoy": 0.36805213161095224,
      "rev_growth_yoy_accel": 0.3879389758432035,
      "op_leverage_ratio": 2.4300504972273,
      "fcf_margin_change": 0.06814449419891778
    },
    {
      "date": "2022-12-31T00:00:00",
      "quarter_label": "2022-12 (Q4)",
      "revenue": 343322000,
      "gross_profit": 69808000,
      "operating_income": 3560000,
      "net_income": null,
      "opex": 66248000,
      "cogs": 273514000,
      "rd": 23297000,
      "sga": 36584000,
      "fcf": -11976000,
      "ocf": 1990000,
      "capex": -13966000,
      "gross_margin": 0.20333098374121086,
      "op_margin": 0.01036927432556026,
      "fcf_margin": -0.03488270486598587,
      "incr_op_margin_yoy": -0.19265794565491715,
      "rev_growth_yoy": 0.3831024953066963,
      "rev_growth_yoy_accel": 0.015050363695744085,
      "op_leverage_ratio": 0.20535248413112844,
      "fcf_margin_change": -0.05396596361623364
    },
    {
      "date": "2023-03-31T00:00:00",
      "quarter_label": "2023-03 (Q1)",
      "revenue": 363625000,
      "gross_profit": 81130000,
      "operating_income": 17674000,
      "net_income": null,
      "opex": 63456000,
      "cogs": 282495000,
      "rd": 25145000,
      "sga": 37042000,
      "fcf": 18815000,
      "ocf": 25109000,
      "capex": -6294000,
      "gross_margin": 0.22311447232726023,
      "op_margin": 0.04860501890684084,
      "fcf_margin": 0.05174286696459264,
      "incr_op_margin_yoy": 0.03630376792264088,
      "rev_growth_yoy": 0.3585484407282455,
      "rev_growth_yoy_accel": -0.024554054578450835,
      "op_leverage_ratio": Infinity,
      "fcf_margin_change": 0.08662557183057851
    },
    {
      "date": "2023-06-30T00:00:00",
      "quarter_label": "2023-06 (Q2)",
      "revenue": 372323000,
      "gross_profit": 87988000,
      "operating_income": 4321000,
      "net_income": null,
      "opex": 83667000,
      "cogs": 284335000,
      "rd": 24696000,
      "sga": 38418000,
      "fcf": 26130000,
      "ocf": 33503000,
      "capex": -7373000,
      "gross_margin": 0.23632168842644694,
      "op_margin": 0.011605514566653147,
      "fcf_margin": 0.07018099875645609,
      "incr_op_margin_yoy": -0.030589205074905024,
      "rev_growth_yoy": 0.428084306618338,
      "rev_growth_yoy_accel": 0.06953586589009253,
      "op_leverage_ratio": 0.07510183691310712,
      "fcf_margin_change": 0.018438131791863446
    },
    {
      "date": "2023-09-30T00:00:00",
      "quarter_label": "2023-09 (Q3)",
      "revenue": 366195000,
      "gross_profit": 86210000,
      "operating_income": 23741000,
      "net_income": null,
      "opex": 62469000,
      "cogs": 279985000,
      "rd": 23150000,
      "sga": 38220000,
      "fcf": 8571000,
      "ocf": 21430000,
      "capex": -12859000,
      "gross_margin": 0.23542101885607394,
      "op_margin": 0.06483157880364286,
      "fcf_margin": 0.02340556261008479,
      "incr_op_margin_yoy": 0.027683326813709264,
      "rev_growth_yoy": 0.09981018855004475,
      "rev_growth_yoy_accel": -0.32827411806829326,
      "fcf_margin_change": -0.046775436146371294
    },
    {
      "date": "2023-12-31T00:00:00",
      "quarter_label": "2023-12 (Q4)",
      "revenue": 366933000,
      "gross_profit": 96296000,
      "operating_income": 31703000,
      "net_income": null,
      "opex": 64593000,
      "cogs": 270637000,
      "rd": 21367000,
      "sga": 41899000,
      "fcf": 28147000,
      "ocf": 39223000,
      "capex": -11076000,
      "gross_margin": 0.26243483142699076,
      "op_margin": 0.08639996947671645,
      "fcf_margin": 0.07670882695205937,
      "incr_op_margin_yoy": 1.1919444326796833,
      "rev_growth_yoy": 0.0687721730620234,
      "rev_growth_yoy_accel": -0.031038015488021348,
      "fcf_margin_change": 0.05330326434197458
    },
    {
      "date": "2024-03-31T00:00:00",
      "quarter_label": "2024-03 (Q1)",
      "revenue": 356015000,
      "gross_profit": 88753000,
      "operating_income": 18049000,
      "net_income": null,
      "opex": 70704000,
      "cogs": 267262000,
      "rd": 22745000,
      "sga": 40721000,
      "fcf": -21642000,
      "ocf": -10322000,
      "capex": -11320000,
      "gross_margin": 0.24929567574399955,
      "op_margin": 0.05069730207996854,
      "fcf_margin": -0.060789573473027825,
      "incr_op_margin_yoy": -0.049277266754270695,
      "rev_growth_yoy": -0.02092815400481265,
      "rev_growth_yoy_accel": -0.08970032706683606,
      "fcf_margin_change": -0.1374984004250872
    },
    {
      "date": "2024-06-30T00:00:00",
      "quarter_label": "2024-06 (Q2)",
      "revenue": 375683000,
      "gross_profit": 96701000,
      "operating_income": 32988000,
      "net_income": null,
      "opex": 63713000,
      "cogs": 278982000,
      "rd": 21861000,
      "sga": 39410000,
      "fcf": 17762000,
      "ocf": 37146000,
      "capex": -19384000,
      "gross_margin": 0.2574005211840834,
      "op_margin": 0.08780807223110974,
      "fcf_margin": 0.04727922211013008,
      "incr_op_margin_yoy": 8.531845238095238,
      "rev_growth_yoy": 0.009024422342965651,
      "rev_growth_yoy_accel": 0.0299525763477783,
      "op_leverage_ratio": Infinity,
      "fcf_margin_change": 0.1080687955831579
    },
    {
      "date": "2024-09-30T00:00:00",
      "quarter_label": "2024-09 (Q3)",
      "revenue": 371512000,
      "gross_profit": 94873000,
      "operating_income": 32337000,
      "net_income": null,
      "opex": 62536000,
      "cogs": 276639000,
      "rd": 23013000,
      "sga": 36861000,
      "fcf": 26615000,
      "ocf": 46265000,
      "capex": -19650000,
      "gross_margin": 0.25536994767329185,
      "op_margin": 0.08704160296302677,
      "fcf_margin": 0.07163967785697366,
      "incr_op_margin_yoy": 1.6167011472634945,
      "rev_growth_yoy": 0.014519586559073717,
      "rev_growth_yoy_accel": 0.005495164216108066,
      "fcf_margin_change": 0.024360455746843576
    },
    {
      "date": "2024-12-31T00:00:00",
      "quarter_label": "2024-12 (Q4)",
      "revenue": 352914000,
      "gross_profit": 86104000,
      "operating_income": 23641000,
      "net_income": null,
      "opex": 62463000,
      "cogs": 266810000,
      "rd": 21078000,
      "sga": 38116000,
      "fcf": 13597000,
      "ocf": 36557000,
      "capex": -22960000,
      "gross_margin": 0.24398011980255813,
      "op_margin": 0.0669879914086718,
      "fcf_margin": 0.038527799973931326,
      "incr_op_margin_yoy": 0.5750766816463371,
      "rev_growth_yoy": -0.03820588499807867,
      "rev_growth_yoy_accel": -0.05272547155715239,
      "fcf_margin_change": -0.03311187788304233
    },
    {
      "date": "2025-03-31T00:00:00",
      "quarter_label": "2025-03 (Q1)",
      "revenue": 353854000,
      "gross_profit": 86465000,
      "operating_income": 17061000,
      "net_income": null,
      "opex": 69404000,
      "cogs": 267389000,
      "rd": 24216000,
      "sga": 38478000,
      "fcf": -28215000,
      "ocf": -13344000,
      "capex": -14871000,
      "gross_margin": 0.2443521904514291,
      "op_margin": 0.04821480045442471,
      "fcf_margin": -0.07973627541302344,
      "incr_op_margin_yoy": 0.45719574271170754,
      "rev_growth_yoy": -0.006069968961981939,
      "rev_growth_yoy_accel": 0.03213591603609673,
      "fcf_margin_change": -0.11826407538695477
    },
    {
      "date": "2025-06-30T00:00:00",
      "quarter_label": "2025-06 (Q2)",
      "revenue": 375090000,
      "gross_profit": 89762000,
      "operating_income": 24009000,
      "net_income": null,
      "opex": 65753000,
      "cogs": 285328000,
      "rd": 22558000,
      "sga": 41087000,
      "fcf": 36188000,
      "ocf": 45045000,
      "capex": -8857000,
      "gross_margin": 0.23930789943746833,
      "op_margin": 0.06400863792689754,
      "fcf_margin": 0.09647817857047641,
      "rev_growth_yoy": -0.0015784584343715314,
      "rev_growth_yoy_accel": 0.004491510527610407,
      "op_leverage_ratio": Infinity,
      "fcf_margin_change": 0.17621445398349986
    },
    {
      "date": "2025-09-30T00:00:00",
      "quarter_label": "2025-09 (Q3)",
      "revenue": 386870000,
      "gross_profit": 95148000,
      "operating_income": 23858000,
      "net_income": null,
      "opex": 71290000,
      "cogs": 291722000,
      "rd": 24429000,
      "sga": 42875000,
      "fcf": 46469000,
      "ocf": 56119000,
      "capex": -9650000,
      "gross_margin": 0.2459430816553364,
      "op_margin": 0.06166929459508362,
      "fcf_margin": 0.12011528420399617,
      "incr_op_margin_yoy": -0.5520901159005078,
      "rev_growth_yoy": 0.04133917612351687,
      "rev_growth_yoy_accel": 0.0429176345578884,
      "op_leverage_ratio": 0.37295020780106986,
      "fcf_margin_change": 0.023637105633519756
    }
  ],
  "signals": [
    {
      "quarter": "2025-06 (Q2)",
      "signal": "FCF TURNED POSITIVE",
      "detail": "FCF margin: -8.0% -> +9.6%",
      "severity": "HIGH"
    },
    {
      "quarter": "2025-03 (Q1)",
      "signal": "INCREMENTAL MARGIN (YoY)",
      "detail": "YoY Incr OPM: +45.7% vs year-ago OPM: +5.1%",
      "severity": "HIGH"
    },
    {
      "quarter": "2024-12 (Q4)",
      "signal": "YoY REVENUE GROWTH DECELERATION",
      "detail": "YoY growth: -3.8% vs prior quarter YoY: +1.5% (decel: -5.3%)",
      "severity": "WARNING"
    },
    {
      "quarter": "2024-12 (Q4)",
      "signal": "INCREMENTAL MARGIN (YoY)",
      "detail": "YoY Incr OPM: +57.5% vs year-ago OPM: +8.6%",
      "severity": "HIGH"
    },
    {
      "quarter": "2024-09 (Q3)",
      "signal": "INCREMENTAL MARGIN (YoY)",
      "detail": "YoY Incr OPM: +161.7% vs year-ago OPM: +6.5%",
      "severity": "HIGH"
    },
    {
      "quarter": "2024-06 (Q2)",
      "signal": "FCF TURNED POSITIVE",
      "detail": "FCF margin: -6.1% -> +4.7%",
      "severity": "HIGH"
    },
    {
      "quarter": "2024-06 (Q2)",
      "signal": "INCREMENTAL MARGIN (YoY)",
      "detail": "YoY Incr OPM: +853.2% vs year-ago OPM: +1.2%",
      "severity": "HIGH"
    },
    {
      "quarter": "2024-03 (Q1)",
      "signal": "YoY REVENUE GROWTH DECELERATION",
      "detail": "YoY growth: -2.1% vs prior quarter YoY: +6.9% (decel: -9.0%)",
      "severity": "WARNING"
    },
    {
      "quarter": "2023-12 (Q4)",
      "signal": "FCF MARGIN EXPANSION",
      "detail": "FCF margin: +2.3% -> +7.7% (+5.3%)",
      "severity": "MEDIUM"
    },
    {
      "quarter": "2023-12 (Q4)",
      "signal": "GROSS MARGIN INFLECTION",
      "detail": "GM: +23.6% -> +23.5% -> +26.2% (reversal +2.7%)",
      "severity": "MEDIUM"
    },
    {
      "quarter": "2023-12 (Q4)",
      "signal": "INCREMENTAL MARGIN (YoY)",
      "detail": "YoY Incr OPM: +119.2% vs year-ago OPM: +1.0%",
      "severity": "HIGH"
    },
    {
      "quarter": "2023-09 (Q3)",
      "signal": "YoY REVENUE GROWTH DECELERATION",
      "detail": "YoY growth: +10.0% vs prior quarter YoY: +42.8% (decel: -32.8%)",
      "severity": "WARNING"
    },
    {
      "quarter": "2023-06 (Q2)",
      "signal": "YoY REVENUE GROWTH ACCELERATION",
      "detail": "YoY growth: +42.8% vs prior quarter YoY: +35.9% (accel: +7.0%)",
      "severity": "MEDIUM"
    },
    {
      "quarter": "2023-03 (Q1)",
      "signal": "FCF TURNED POSITIVE",
      "detail": "FCF margin: -3.5% -> +5.2%",
      "severity": "HIGH"
    },
    {
      "quarter": "2022-09 (Q3)",
      "signal": "FCF TURNED POSITIVE",
      "detail": "FCF margin: -4.9% -> +1.9%",
      "severity": "HIGH"
    },
    {
      "quarter": "2022-09 (Q3)",
      "signal": "OPERATING LEVERAGE",
      "detail": "Rev growth +27.7% vs OpEx growth +11.4% (leverage: 2.4x)",
      "severity": "MEDIUM"
    },
    {
      "quarter": "2022-09 (Q3)",
      "signal": "YoY REVENUE GROWTH ACCELERATION",
      "detail": "YoY growth: +36.8% vs prior quarter YoY: -2.0% (accel: +38.8%)",
      "severity": "HIGH"
    },
    {
      "quarter": "2022-06 (Q2)",
      "signal": "YoY REVENUE GROWTH ACCELERATION",
      "detail": "YoY growth: -2.0% vs prior quarter YoY: -7.2% (accel: +5.2%)",
      "severity": "MEDIUM"
    },
    {
      "quarter": "2022-06 (Q2)",
      "signal": "INCREMENTAL MARGIN (YoY)",
      "detail": "YoY Incr OPM: +452.5% vs year-ago OPM: +11.9%",
      "severity": "HIGH"
    },
    {
      "quarter": "2022-03 (Q1)",
      "signal": "YoY REVENUE GROWTH ACCELERATION",
      "detail": "YoY growth: -7.2% vs prior quarter YoY: -14.1% (accel: +6.8%)",
      "severity": "MEDIUM"
    },
    {
      "quarter": "2022-03 (Q1)",
      "signal": "INCREMENTAL MARGIN (YoY)",
      "detail": "YoY Incr OPM: +127.2% vs year-ago OPM: +14.1%",
      "severity": "HIGH"
    },
    {
      "quarter": "2021-12 (Q4)",
      "signal": "INCREMENTAL MARGIN (YoY)",
      "detail": "YoY Incr OPM: +49.3% vs year-ago OPM: +14.5%",
      "severity": "HIGH"
    }
  ],
  "data_quality": {
    "n_quarters": 20,
    "coverage": {
      "revenue": [
        20,
        20
      ],
      "gross_profit": [
        20,
        20
      ],
      "op_income": [
        20,
        20
      ],
      "fcf": [
        20,
        20
      ]
    },
    "gaps": [],
    "warnings": []
  },
  "market_cap": null,
  "source": "SEC EDGAR",
  "last_updated": "2026-02-02T21:57:44.331199"
}