{
  "ticker": "THRY",
  "name": "THRYV HOLDINGS, INC.",
  "quarters": [
    {
      "date": "2020-12-31T00:00:00",
      "quarter_label": "2020-12 (Q4)",
      "revenue": 1784401000,
      "gross_profit": 141211000,
      "operating_income": 17406000,
      "net_income": 109800000,
      "opex": 229522000,
      "cogs": 105717000,
      "rd": null,
      "sga": null,
      "fcf": 58182000,
      "ocf": 58182000,
      "capex": null,
      "gross_margin": 0.07913636004463122,
      "op_margin": 0.009754533874392584,
      "fcf_margin": 0.03260589968286277
    },
    {
      "date": "2021-03-31T00:00:00",
      "quarter_label": "2021-03 (Q1)",
      "revenue": 280606000,
      "gross_profit": 182446000,
      "operating_income": 64627000,
      "net_income": 36506000,
      "opex": 117819000,
      "cogs": 98160000,
      "rd": null,
      "sga": null,
      "fcf": 14204000,
      "ocf": 14204000,
      "capex": null,
      "gross_margin": 0.6501856695865377,
      "op_margin": 0.23031225276722522,
      "fcf_margin": 0.050619017412314775,
      "fcf_margin_change": 0.018013117729452008
    },
    {
      "date": "2021-06-30T00:00:00",
      "quarter_label": "2021-06 (Q2)",
      "revenue": 291047000,
      "gross_profit": 178440000,
      "operating_income": 54335000,
      "net_income": 24359000,
      "opex": 124105000,
      "cogs": 112607000,
      "rd": null,
      "sga": null,
      "fcf": 67598000,
      "ocf": 67598000,
      "capex": null,
      "gross_margin": 0.6130968537727584,
      "op_margin": 0.18668806069122856,
      "fcf_margin": 0.23225802018230732,
      "op_leverage_ratio": 0.6974066727665355,
      "fcf_margin_change": 0.18163900276999254
    },
    {
      "date": "2021-09-30T00:00:00",
      "quarter_label": "2021-09 (Q3)",
      "revenue": 297290000,
      "gross_profit": 193123000,
      "operating_income": 65797000,
      "net_income": 35624000,
      "opex": 127326000,
      "cogs": 104167000,
      "rd": null,
      "sga": null,
      "fcf": 39737000,
      "ocf": 39737000,
      "capex": null,
      "gross_margin": 0.6496114904638568,
      "op_margin": 0.22132261428235056,
      "fcf_margin": 0.13366409902788523,
      "op_leverage_ratio": 0.8264731745445485,
      "fcf_margin_change": -0.09859392115442209
    },
    {
      "date": "2021-12-31T00:00:00",
      "quarter_label": "2021-12 (Q4)",
      "revenue": 244439000,
      "gross_profit": 151330000,
      "operating_income": 5254000,
      "net_income": 5088000,
      "opex": 146076000,
      "cogs": 93109000,
      "rd": null,
      "sga": null,
      "fcf": 49032000,
      "ocf": 49032000,
      "capex": null,
      "gross_margin": 0.6190910615736441,
      "op_margin": 0.02149411509619987,
      "fcf_margin": 0.20058992223008604,
      "incr_op_margin_yoy": 0.007891103806457562,
      "rev_growth_yoy": -0.8630134145856229,
      "fcf_margin_change": 0.06692582320220081
    },
    {
      "date": "2022-03-31T00:00:00",
      "quarter_label": "2022-03 (Q1)",
      "revenue": 308375000,
      "gross_profit": 197856000,
      "operating_income": 51707000,
      "net_income": 33511000,
      "opex": 146149000,
      "cogs": 110519000,
      "rd": null,
      "sga": null,
      "fcf": 29327000,
      "ocf": 29327000,
      "capex": null,
      "gross_margin": 0.6416084312930685,
      "op_margin": 0.16767571949736523,
      "fcf_margin": 0.09510174300770166,
      "incr_op_margin_yoy": -0.46526702437970396,
      "rev_growth_yoy": 0.09896082050989644,
      "rev_growth_yoy_accel": 0.9619742350955193,
      "op_leverage_ratio": Infinity,
      "fcf_margin_change": -0.10548817922238438
    },
    {
      "date": "2022-06-30T00:00:00",
      "quarter_label": "2022-06 (Q2)",
      "revenue": 333995000,
      "gross_profit": 227982000,
      "operating_income": 83297000,
      "net_income": 58002000,
      "opex": 144685000,
      "cogs": 106013000,
      "rd": null,
      "sga": null,
      "fcf": 27576000,
      "ocf": 27576000,
      "capex": null,
      "gross_margin": 0.6825910567523465,
      "op_margin": 0.2493959490411533,
      "fcf_margin": 0.08256411024117127,
      "incr_op_margin_yoy": 0.6743503772003353,
      "rev_growth_yoy": 0.1475637955381777,
      "rev_growth_yoy_accel": 0.04860297502828126,
      "op_leverage_ratio": Infinity,
      "fcf_margin_change": -0.012537632766530388
    },
    {
      "date": "2022-09-30T00:00:00",
      "quarter_label": "2022-09 (Q3)",
      "revenue": 280650000,
      "gross_profit": 175639000,
      "operating_income": 31078000,
      "net_income": 13280000,
      "opex": 144561000,
      "cogs": 105011000,
      "rd": null,
      "sga": null,
      "fcf": 47318000,
      "ocf": 47318000,
      "capex": null,
      "gross_margin": 0.6258293247817567,
      "op_margin": 0.11073579191163371,
      "fcf_margin": 0.1686014608943524,
      "incr_op_margin_yoy": 2.0864783653846155,
      "rev_growth_yoy": -0.05597228295603619,
      "rev_growth_yoy_accel": -0.2035360784942139,
      "fcf_margin_change": 0.08603735065318113
    },
    {
      "date": "2022-12-31T00:00:00",
      "quarter_label": "2022-12 (Q4)",
      "revenue": 279368000,
      "gross_profit": 178905000,
      "operating_income": -66760000,
      "net_income": -50445000,
      "opex": 245665000,
      "cogs": 100463000,
      "rd": null,
      "sga": null,
      "fcf": 44352000,
      "ocf": 44352000,
      "capex": null,
      "gross_margin": 0.6403918845393889,
      "op_margin": -0.2389679562440938,
      "fcf_margin": 0.15875834025371552,
      "incr_op_margin_yoy": -2.061725214005554,
      "rev_growth_yoy": 0.14289454628762185,
      "rev_growth_yoy_accel": 0.19886682924365806,
      "fcf_margin_change": -0.009843120640636888
    },
    {
      "date": "2023-03-31T00:00:00",
      "quarter_label": "2023-03 (Q1)",
      "revenue": 245555000,
      "gross_profit": 154808000,
      "operating_income": 30785000,
      "net_income": 9314000,
      "opex": 124023000,
      "cogs": 90747000,
      "rd": null,
      "sga": null,
      "fcf": 32311000,
      "ocf": 32311000,
      "capex": null,
      "gross_margin": 0.630441245342184,
      "op_margin": 0.12536906192095457,
      "fcf_margin": 0.1315835556189041,
      "incr_op_margin_yoy": 0.33304680038204393,
      "rev_growth_yoy": -0.20371301175516823,
      "rev_growth_yoy_accel": -0.3466075580427901,
      "fcf_margin_change": -0.027174784634811405
    },
    {
      "date": "2023-06-30T00:00:00",
      "quarter_label": "2023-06 (Q2)",
      "revenue": 251421000,
      "gross_profit": 160085000,
      "operating_income": 30707000,
      "net_income": 15978000,
      "opex": 129378000,
      "cogs": 91336000,
      "rd": null,
      "sga": null,
      "fcf": 25425000,
      "ocf": 25425000,
      "capex": null,
      "gross_margin": 0.6367208785264556,
      "op_margin": 0.12213379152894945,
      "fcf_margin": 0.10112520433853973,
      "incr_op_margin_yoy": 0.6368832804514738,
      "rev_growth_yoy": -0.24723124597673618,
      "rev_growth_yoy_accel": -0.04351823422156795,
      "op_leverage_ratio": 0.5532686139960658,
      "fcf_margin_change": -0.03045835128036438
    },
    {
      "date": "2023-09-30T00:00:00",
      "quarter_label": "2023-09 (Q3)",
      "revenue": 183822000,
      "gross_profit": 103644000,
      "operating_income": -19378000,
      "net_income": -27046000,
      "opex": 123022000,
      "cogs": 80178000,
      "rd": null,
      "sga": null,
      "fcf": 45912000,
      "ocf": 45912000,
      "capex": null,
      "gross_margin": 0.5638280510493847,
      "op_margin": -0.10541719707107963,
      "fcf_margin": 0.24976335803113883,
      "incr_op_margin_yoy": 0.521088941215351,
      "rev_growth_yoy": -0.345013361838589,
      "rev_growth_yoy_accel": -0.09778211586185281,
      "fcf_margin_change": 0.14863815369259908
    },
    {
      "date": "2023-12-31T00:00:00",
      "quarter_label": "2023-12 (Q4)",
      "revenue": 236163000,
      "gross_profit": 159710000,
      "operating_income": -242131000,
      "net_income": -257541000,
      "opex": 401841000,
      "cogs": 76453000,
      "rd": null,
      "sga": null,
      "fcf": 44578000,
      "ocf": 44578000,
      "capex": null,
      "gross_margin": 0.676270203207107,
      "op_margin": -1.0252706816901886,
      "fcf_margin": 0.18875945850958872,
      "incr_op_margin_yoy": 4.059044092118968,
      "rev_growth_yoy": -0.15465264454053435,
      "rev_growth_yoy_accel": 0.19036071729805465,
      "op_leverage_ratio": 0.12563335185863672,
      "fcf_margin_change": -0.06100389952155011
    },
    {
      "date": "2024-03-31T00:00:00",
      "quarter_label": "2024-03 (Q1)",
      "revenue": 233624000,
      "gross_profit": 153641000,
      "operating_income": 31134000,
      "net_income": 8424000,
      "opex": 122507000,
      "cogs": 79983000,
      "rd": null,
      "sga": null,
      "fcf": 5438000,
      "ocf": 5438000,
      "capex": null,
      "gross_margin": 0.6576421942951066,
      "op_margin": 0.13326541793651336,
      "fcf_margin": 0.02327671814539602,
      "incr_op_margin_yoy": -0.02925152962869835,
      "rev_growth_yoy": -0.04858789273278899,
      "rev_growth_yoy_accel": 0.10606475180774536,
      "fcf_margin_change": -0.1654827403641927
    },
    {
      "date": "2024-06-30T00:00:00",
      "quarter_label": "2024-06 (Q2)",
      "revenue": 224084000,
      "gross_profit": 148588000,
      "operating_income": 31338000,
      "net_income": 5548000,
      "opex": 117250000,
      "cogs": 75496000,
      "rd": null,
      "sga": null,
      "fcf": 22222000,
      "ocf": 22222000,
      "capex": null,
      "gross_margin": 0.6630906267292622,
      "op_margin": 0.1398493422109566,
      "fcf_margin": 0.09916816907945235,
      "incr_op_margin_yoy": -0.023082269451658925,
      "rev_growth_yoy": -0.10872997880049796,
      "rev_growth_yoy_accel": -0.060142086067708975,
      "fcf_margin_change": 0.07589145093405633
    },
    {
      "date": "2024-09-30T00:00:00",
      "quarter_label": "2024-09 (Q3)",
      "revenue": 179852000,
      "gross_profit": 111981000,
      "operating_income": -88569000,
      "net_income": -96071000,
      "opex": 200550000,
      "cogs": 67871000,
      "rd": null,
      "sga": null,
      "fcf": 35980000,
      "ocf": 35980000,
      "capex": null,
      "gross_margin": 0.6226286057424993,
      "op_margin": -0.49245490736828057,
      "fcf_margin": 0.2000533772212708,
      "incr_op_margin_yoy": 17.42846347607053,
      "rev_growth_yoy": -0.021596979686870996,
      "rev_growth_yoy_accel": 0.08713299911362697,
      "fcf_margin_change": 0.10088520814181846
    },
    {
      "date": "2024-12-31T00:00:00",
      "quarter_label": "2024-12 (Q4)",
      "revenue": 186596000,
      "gross_profit": 123027000,
      "operating_income": -7202000,
      "net_income": 7883000,
      "opex": 130229000,
      "cogs": 63569000,
      "rd": null,
      "sga": null,
      "fcf": 26143000,
      "ocf": 26143000,
      "capex": null,
      "gross_margin": 0.6593228150657034,
      "op_margin": -0.0385967544856267,
      "fcf_margin": 0.14010482539818644,
      "incr_op_margin_yoy": -4.739625153832186,
      "rev_growth_yoy": -0.20988469828042497,
      "rev_growth_yoy_accel": -0.18828771859355398,
      "op_leverage_ratio": Infinity,
      "fcf_margin_change": -0.05994855182308437
    },
    {
      "date": "2025-03-31T00:00:00",
      "quarter_label": "2025-03 (Q1)",
      "revenue": 181371000,
      "gross_profit": 119288000,
      "operating_income": -3034000,
      "net_income": -9618000,
      "opex": 122322000,
      "cogs": 62083000,
      "rd": null,
      "sga": null,
      "fcf": -10481000,
      "ocf": -10481000,
      "capex": null,
      "gross_margin": 0.6577016171273247,
      "op_margin": -0.016728142867382327,
      "fcf_margin": -0.057787628672720553,
      "incr_op_margin_yoy": 0.6538954701165484,
      "rev_growth_yoy": -0.2236628086155532,
      "rev_growth_yoy_accel": -0.01377811033512824,
      "fcf_margin_change": -0.197892454070907
    },
    {
      "date": "2025-06-30T00:00:00",
      "quarter_label": "2025-06 (Q2)",
      "revenue": 210470000,
      "gross_profit": 146620000,
      "operating_income": 29540000,
      "net_income": 13931000,
      "opex": 117080000,
      "cogs": 63850000,
      "rd": null,
      "sga": null,
      "fcf": 29556000,
      "ocf": 29556000,
      "capex": null,
      "gross_margin": 0.696631348885827,
      "op_margin": 0.14035254430560176,
      "fcf_margin": 0.14042856464104148,
      "incr_op_margin_yoy": 0.1320699280152784,
      "rev_growth_yoy": -0.06075400296317452,
      "rev_growth_yoy_accel": 0.1629088056523787,
      "op_leverage_ratio": Infinity,
      "fcf_margin_change": 0.19821619331376203
    },
    {
      "date": "2025-09-30T00:00:00",
      "quarter_label": "2025-09 (Q3)",
      "revenue": 201555000,
      "gross_profit": 136465000,
      "operating_income": 20039000,
      "net_income": 5654000,
      "opex": 116426000,
      "cogs": 65090000,
      "rd": null,
      "sga": null,
      "fcf": 22246000,
      "ocf": 22246000,
      "capex": null,
      "gross_margin": 0.677060851876659,
      "op_margin": 0.09942199399667584,
      "fcf_margin": 0.11037185879784674,
      "incr_op_margin_yoy": 5.004285121872552,
      "rev_growth_yoy": 0.12067144096256922,
      "rev_growth_yoy_accel": 0.18142544392574375,
      "fcf_margin_change": -0.03005670584319474
    }
  ],
  "signals": [
    {
      "quarter": "2025-09 (Q3)",
      "signal": "YoY REVENUE GROWTH ACCELERATION",
      "detail": "YoY growth: +12.1% vs prior quarter YoY: -6.1% (accel: +18.1%)",
      "severity": "HIGH"
    },
    {
      "quarter": "2025-09 (Q3)",
      "signal": "OP MARGIN TURNED POSITIVE (YoY)",
      "detail": "Op margin: -49.2% (year-ago) -> +9.9%",
      "severity": "HIGH"
    },
    {
      "quarter": "2025-06 (Q2)",
      "signal": "FCF TURNED POSITIVE",
      "detail": "FCF margin: -5.8% -> +14.0%",
      "severity": "HIGH"
    },
    {
      "quarter": "2025-06 (Q2)",
      "signal": "GROSS MARGIN INFLECTION",
      "detail": "GM: +65.9% -> +65.8% -> +69.7% (reversal +3.9%)",
      "severity": "MEDIUM"
    },
    {
      "quarter": "2025-06 (Q2)",
      "signal": "YoY REVENUE GROWTH ACCELERATION",
      "detail": "YoY growth: -6.1% vs prior quarter YoY: -22.4% (accel: +16.3%)",
      "severity": "HIGH"
    },
    {
      "quarter": "2025-06 (Q2)",
      "signal": "OP MARGIN TURNED POSITIVE (QoQ)",
      "detail": "Op margin: -1.7% -> +14.0%",
      "severity": "HIGH"
    },
    {
      "quarter": "2024-12 (Q4)",
      "signal": "GROSS MARGIN INFLECTION",
      "detail": "GM: +66.3% -> +62.3% -> +65.9% (reversal +3.7%)",
      "severity": "MEDIUM"
    },
    {
      "quarter": "2024-12 (Q4)",
      "signal": "YoY REVENUE GROWTH DECELERATION",
      "detail": "YoY growth: -21.0% vs prior quarter YoY: -2.2% (decel: -18.8%)",
      "severity": "WARNING"
    },
    {
      "quarter": "2024-09 (Q3)",
      "signal": "FCF MARGIN EXPANSION",
      "detail": "FCF margin: +9.9% -> +20.0% (+10.1%)",
      "severity": "MEDIUM"
    },
    {
      "quarter": "2024-09 (Q3)",
      "signal": "YoY REVENUE GROWTH ACCELERATION",
      "detail": "YoY growth: -2.2% vs prior quarter YoY: -10.9% (accel: +8.7%)",
      "severity": "MEDIUM"
    },
    {
      "quarter": "2024-06 (Q2)",
      "signal": "FCF MARGIN EXPANSION",
      "detail": "FCF margin: +2.3% -> +9.9% (+7.6%)",
      "severity": "MEDIUM"
    },
    {
      "quarter": "2024-06 (Q2)",
      "signal": "YoY REVENUE GROWTH DECELERATION",
      "detail": "YoY growth: -10.9% vs prior quarter YoY: -4.9% (decel: -6.0%)",
      "severity": "WARNING"
    },
    {
      "quarter": "2024-03 (Q1)",
      "signal": "YoY REVENUE GROWTH ACCELERATION",
      "detail": "YoY growth: -4.9% vs prior quarter YoY: -15.5% (accel: +10.6%)",
      "severity": "MEDIUM"
    },
    {
      "quarter": "2024-03 (Q1)",
      "signal": "OP MARGIN TURNED POSITIVE (QoQ)",
      "detail": "Op margin: -102.5% -> +13.3%",
      "severity": "HIGH"
    },
    {
      "quarter": "2023-12 (Q4)",
      "signal": "GROSS MARGIN INFLECTION",
      "detail": "GM: +63.7% -> +56.4% -> +67.6% (reversal +11.2%)",
      "severity": "HIGH"
    },
    {
      "quarter": "2023-12 (Q4)",
      "signal": "YoY REVENUE GROWTH ACCELERATION",
      "detail": "YoY growth: -15.5% vs prior quarter YoY: -34.5% (accel: +19.0%)",
      "severity": "HIGH"
    },
    {
      "quarter": "2023-09 (Q3)",
      "signal": "FCF MARGIN EXPANSION",
      "detail": "FCF margin: +10.1% -> +25.0% (+14.9%)",
      "severity": "MEDIUM"
    },
    {
      "quarter": "2023-09 (Q3)",
      "signal": "YoY REVENUE GROWTH DECELERATION",
      "detail": "YoY growth: -34.5% vs prior quarter YoY: -24.7% (decel: -9.8%)",
      "severity": "WARNING"
    },
    {
      "quarter": "2023-06 (Q2)",
      "signal": "INCREMENTAL MARGIN (YoY)",
      "detail": "YoY Incr OPM: +63.7% vs year-ago OPM: +24.9%",
      "severity": "HIGH"
    },
    {
      "quarter": "2023-03 (Q1)",
      "signal": "YoY REVENUE GROWTH DECELERATION",
      "detail": "YoY growth: -20.4% vs prior quarter YoY: +14.3% (decel: -34.7%)",
      "severity": "WARNING"
    },
    {
      "quarter": "2023-03 (Q1)",
      "signal": "INCREMENTAL MARGIN (YoY)",
      "detail": "YoY Incr OPM: +33.3% vs year-ago OPM: +16.8%",
      "severity": "MEDIUM"
    },
    {
      "quarter": "2023-03 (Q1)",
      "signal": "OP MARGIN TURNED POSITIVE (QoQ)",
      "detail": "Op margin: -23.9% -> +12.5%",
      "severity": "HIGH"
    },
    {
      "quarter": "2022-12 (Q4)",
      "signal": "YoY REVENUE GROWTH ACCELERATION",
      "detail": "YoY growth: +14.3% vs prior quarter YoY: -5.6% (accel: +19.9%)",
      "severity": "HIGH"
    },
    {
      "quarter": "2022-09 (Q3)",
      "signal": "FCF MARGIN EXPANSION",
      "detail": "FCF margin: +8.3% -> +16.9% (+8.6%)",
      "severity": "MEDIUM"
    },
    {
      "quarter": "2022-09 (Q3)",
      "signal": "YoY REVENUE GROWTH DECELERATION",
      "detail": "YoY growth: -5.6% vs prior quarter YoY: +14.8% (decel: -20.4%)",
      "severity": "WARNING"
    },
    {
      "quarter": "2022-09 (Q3)",
      "signal": "INCREMENTAL MARGIN (YoY)",
      "detail": "YoY Incr OPM: +208.6% vs year-ago OPM: +22.1%",
      "severity": "HIGH"
    },
    {
      "quarter": "2022-06 (Q2)",
      "signal": "INCREMENTAL MARGIN (YoY)",
      "detail": "YoY Incr OPM: +67.4% vs year-ago OPM: +18.7%",
      "severity": "HIGH"
    },
    {
      "quarter": "2022-03 (Q1)",
      "signal": "OPERATING LEVERAGE",
      "detail": "Rev growth +26.2% vs OpEx growth +0.0% (leverage: 523.4x)",
      "severity": "MEDIUM"
    },
    {
      "quarter": "2022-03 (Q1)",
      "signal": "GROSS MARGIN INFLECTION",
      "detail": "GM: +65.0% -> +61.9% -> +64.2% (reversal +2.3%)",
      "severity": "MEDIUM"
    },
    {
      "quarter": "2022-03 (Q1)",
      "signal": "YoY REVENUE GROWTH ACCELERATION",
      "detail": "YoY growth: +9.9% vs prior quarter YoY: -86.3% (accel: +96.2%)",
      "severity": "HIGH"
    },
    {
      "quarter": "2021-12 (Q4)",
      "signal": "FCF MARGIN EXPANSION",
      "detail": "FCF margin: +13.4% -> +20.1% (+6.7%)",
      "severity": "MEDIUM"
    },
    {
      "quarter": "2021-09 (Q3)",
      "signal": "GROSS MARGIN INFLECTION",
      "detail": "GM: +65.0% -> +61.3% -> +65.0% (reversal +3.7%)",
      "severity": "MEDIUM"
    },
    {
      "quarter": "2021-06 (Q2)",
      "signal": "FCF MARGIN EXPANSION",
      "detail": "FCF margin: +5.1% -> +23.2% (+18.2%)",
      "severity": "MEDIUM"
    }
  ],
  "data_quality": {
    "n_quarters": 20,
    "coverage": {
      "revenue": [
        20,
        20
      ],
      "gross_profit": [
        20,
        20
      ],
      "op_income": [
        20,
        20
      ],
      "fcf": [
        20,
        20
      ]
    },
    "gaps": [],
    "warnings": []
  },
  "market_cap": null,
  "source": "SEC EDGAR",
  "last_updated": "2026-02-02T23:01:29.143799"
}