{
  "ticker": "THS",
  "name": "TREEHOUSE FOODS, INC.",
  "quarters": [
    {
      "date": "2020-12-31T00:00:00",
      "quarter_label": "2020-12 (Q4)",
      "revenue": 1177200000,
      "gross_profit": 227900000,
      "operating_income": 53800000,
      "net_income": 34400000,
      "opex": 174100000,
      "cogs": 949300000,
      "rd": null,
      "sga": null,
      "fcf": 289500000,
      "ocf": 293800000,
      "capex": -4300000,
      "gross_margin": 0.1935949711179069,
      "op_margin": 0.04570166496772001,
      "fcf_margin": 0.24592252803261977
    },
    {
      "date": "2021-03-31T00:00:00",
      "quarter_label": "2021-03 (Q1)",
      "revenue": 1057300000,
      "gross_profit": 181100000,
      "operating_income": 11000000,
      "net_income": 1500000,
      "opex": 170100000,
      "cogs": 876200000,
      "rd": null,
      "sga": null,
      "fcf": -36600000,
      "ocf": -8600000,
      "capex": -28000000,
      "gross_margin": 0.17128534947507804,
      "op_margin": 0.010403858885841295,
      "fcf_margin": -0.03461647592925376,
      "fcf_margin_change": -0.28053900396187353
    },
    {
      "date": "2021-06-30T00:00:00",
      "quarter_label": "2021-06 (Q2)",
      "revenue": 1003200000,
      "gross_profit": 166100000,
      "operating_income": 4100000,
      "net_income": 8400000,
      "opex": 162000000,
      "cogs": 837100000,
      "rd": null,
      "sga": null,
      "fcf": -69300000,
      "ocf": -42200000,
      "capex": -27100000,
      "gross_margin": 0.16557017543859648,
      "op_margin": 0.004086921850079745,
      "fcf_margin": -0.06907894736842106,
      "fcf_margin_change": -0.0344624714391673
    },
    {
      "date": "2021-09-30T00:00:00",
      "quarter_label": "2021-09 (Q3)",
      "revenue": 1101200000,
      "gross_profit": 179700000,
      "operating_income": 25800000,
      "net_income": 6700000,
      "opex": 153900000,
      "cogs": 921500000,
      "rd": null,
      "sga": null,
      "fcf": 101200000,
      "ocf": 105000000,
      "capex": -3800000,
      "gross_margin": 0.1631856156919724,
      "op_margin": 0.023428986560116237,
      "fcf_margin": 0.0918997457319288,
      "op_leverage_ratio": Infinity,
      "fcf_margin_change": 0.16097869310034985
    },
    {
      "date": "2021-12-31T00:00:00",
      "quarter_label": "2021-12 (Q4)",
      "revenue": 816300000,
      "gross_profit": 121900000,
      "operating_income": -19600000,
      "net_income": -29100000,
      "opex": 190800000,
      "cogs": 994700000,
      "rd": null,
      "sga": null,
      "fcf": 259900000,
      "ocf": 270700000,
      "capex": -10800000,
      "gross_margin": 0.14933235330148228,
      "op_margin": -0.024010780350361388,
      "fcf_margin": 0.3183878476050472,
      "incr_op_margin_yoy": 0.20338043779440287,
      "rev_growth_yoy": -0.3065749235474006,
      "fcf_margin_change": 0.22648810187311838
    },
    {
      "date": "2022-03-31T00:00:00",
      "quarter_label": "2022-03 (Q1)",
      "revenue": 1141000000,
      "gross_profit": 155000000,
      "operating_income": -40700000,
      "net_income": -3000000,
      "opex": 195700000,
      "cogs": 986000000,
      "rd": null,
      "sga": null,
      "fcf": -87500000,
      "ocf": -70600000,
      "capex": -16900000,
      "gross_margin": 0.13584574934268187,
      "op_margin": -0.03567046450482033,
      "fcf_margin": -0.07668711656441718,
      "incr_op_margin_yoy": -0.6176821983273596,
      "rev_growth_yoy": 0.07916390806771967,
      "rev_growth_yoy_accel": 0.3857388316151203,
      "op_leverage_ratio": 15.488693382534933,
      "fcf_margin_change": -0.39507496416946436
    },
    {
      "date": "2022-06-30T00:00:00",
      "quarter_label": "2022-06 (Q2)",
      "revenue": 1197600000,
      "gross_profit": 161900000,
      "operating_income": -21700000,
      "net_income": -29400000,
      "opex": 183600000,
      "cogs": 1035700000,
      "rd": null,
      "sga": null,
      "fcf": 21900000,
      "ocf": 44000000,
      "capex": -22100000,
      "gross_margin": 0.13518704074816298,
      "op_margin": -0.01811957247828991,
      "fcf_margin": 0.018286573146292586,
      "incr_op_margin_yoy": -0.13271604938271606,
      "rev_growth_yoy": 0.1937799043062201,
      "rev_growth_yoy_accel": 0.11461599623850044,
      "op_leverage_ratio": Infinity,
      "fcf_margin_change": 0.09497368971070977
    },
    {
      "date": "2022-09-30T00:00:00",
      "quarter_label": "2022-09 (Q3)",
      "revenue": 875000000,
      "gross_profit": 129300000,
      "operating_income": -9500000,
      "net_income": -90500000,
      "opex": 138800000,
      "cogs": 745700000,
      "rd": null,
      "sga": null,
      "fcf": -102700000,
      "ocf": -87500000,
      "capex": -15200000,
      "gross_margin": 0.14777142857142858,
      "op_margin": -0.010857142857142857,
      "fcf_margin": -0.11737142857142857,
      "incr_op_margin_yoy": 0.15605658709106984,
      "rev_growth_yoy": -0.2054122775154377,
      "rev_growth_yoy_accel": -0.39919218182165783,
      "fcf_margin_change": -0.13565800171772116
    },
    {
      "date": "2022-12-31T00:00:00",
      "quarter_label": "2022-12 (Q4)",
      "revenue": 996200000,
      "gross_profit": 175900000,
      "operating_income": 70000000,
      "net_income": -23400000,
      "opex": 105900000,
      "cogs": 820300000,
      "rd": null,
      "sga": null,
      "fcf": -68200000,
      "ocf": -36600000,
      "capex": -31600000,
      "gross_margin": 0.17657096968480224,
      "op_margin": 0.07026701465569163,
      "fcf_margin": -0.06846014856454527,
      "incr_op_margin_yoy": 0.4980544747081712,
      "rev_growth_yoy": 0.2203846625015313,
      "rev_growth_yoy_accel": 0.425796940016969,
      "op_leverage_ratio": Infinity,
      "fcf_margin_change": 0.0489112800068833
    },
    {
      "date": "2023-03-31T00:00:00",
      "quarter_label": "2023-03 (Q1)",
      "revenue": 894800000,
      "gross_profit": 152300000,
      "operating_income": 39300000,
      "net_income": 15200000,
      "opex": 113000000,
      "cogs": 742500000,
      "rd": null,
      "sga": null,
      "fcf": -61500000,
      "ocf": -30900000,
      "capex": -30600000,
      "gross_margin": 0.17020563254358517,
      "op_margin": 0.043920429146177914,
      "fcf_margin": -0.06873044255699598,
      "incr_op_margin_yoy": -0.3249390739236393,
      "rev_growth_yoy": -0.21577563540753725,
      "rev_growth_yoy_accel": -0.4361602979090685,
      "fcf_margin_change": -0.00027029399245070973
    },
    {
      "date": "2023-06-30T00:00:00",
      "quarter_label": "2023-06 (Q2)",
      "revenue": 843600000,
      "gross_profit": 132800000,
      "operating_income": 29500000,
      "net_income": 23300000,
      "opex": 103300000,
      "cogs": 710800000,
      "rd": null,
      "sga": null,
      "fcf": -40900000,
      "ocf": -18900000,
      "capex": -22000000,
      "gross_margin": 0.15742057847321006,
      "op_margin": 0.034969179706021813,
      "fcf_margin": -0.04848269321953533,
      "incr_op_margin_yoy": -0.14463276836158193,
      "rev_growth_yoy": -0.2955911823647295,
      "rev_growth_yoy_accel": -0.07981554695719223,
      "fcf_margin_change": 0.020247749337460652
    },
    {
      "date": "2023-09-30T00:00:00",
      "quarter_label": "2023-09 (Q3)",
      "revenue": 863300000,
      "gross_profit": 137500000,
      "operating_income": 33600000,
      "net_income": 7100000,
      "opex": 103900000,
      "cogs": 725800000,
      "rd": null,
      "sga": null,
      "fcf": 38400000,
      "ocf": 60100000,
      "capex": -21700000,
      "gross_margin": 0.1592725587860535,
      "op_margin": 0.038920421637901076,
      "fcf_margin": 0.04448048187188695,
      "incr_op_margin_yoy": -3.6837606837606836,
      "rev_growth_yoy": -0.01337142857142857,
      "rev_growth_yoy_accel": 0.2822197537933009,
      "op_leverage_ratio": 4.020487592856014,
      "fcf_margin_change": 0.09296317509142227
    },
    {
      "date": "2023-12-31T00:00:00",
      "quarter_label": "2023-12 (Q4)",
      "revenue": 910800000,
      "gross_profit": 151800000,
      "operating_income": 42100000,
      "net_income": 7500000,
      "opex": 109700000,
      "cogs": 759000000,
      "rd": null,
      "sga": null,
      "fcf": 84300000,
      "ocf": 147000000,
      "capex": -62700000,
      "gross_margin": 0.16666666666666666,
      "op_margin": 0.046223100570926656,
      "fcf_margin": 0.09255599472990778,
      "incr_op_margin_yoy": 0.32669789227166274,
      "rev_growth_yoy": -0.08572575787994378,
      "rev_growth_yoy_accel": -0.07235432930851521,
      "op_leverage_ratio": 0.9856425025064209,
      "fcf_margin_change": 0.04807551285802083
    },
    {
      "date": "2024-03-31T00:00:00",
      "quarter_label": "2024-03 (Q1)",
      "revenue": 820700000,
      "gross_profit": 112000000,
      "operating_income": -5200000,
      "net_income": -11700000,
      "opex": 117200000,
      "cogs": 708700000,
      "rd": null,
      "sga": null,
      "fcf": -52400000,
      "ocf": -52400000,
      "capex": null,
      "gross_margin": 0.1364688680394785,
      "op_margin": -0.0063360545875472156,
      "fcf_margin": -0.06384793468989887,
      "incr_op_margin_yoy": 0.6005398110661269,
      "rev_growth_yoy": -0.08281180151989272,
      "rev_growth_yoy_accel": 0.0029139563600510676,
      "fcf_margin_change": -0.15640392941980663
    },
    {
      "date": "2024-06-30T00:00:00",
      "quarter_label": "2024-06 (Q2)",
      "revenue": 788500000,
      "gross_profit": 128300000,
      "operating_income": -4000000,
      "net_income": -16700000,
      "opex": 132300000,
      "cogs": 660200000,
      "rd": null,
      "sga": null,
      "fcf": -19400000,
      "ocf": -19400000,
      "capex": null,
      "gross_margin": 0.162714013950539,
      "op_margin": -0.0050729232720355105,
      "fcf_margin": -0.024603677869372224,
      "incr_op_margin_yoy": 0.6079854809437386,
      "rev_growth_yoy": -0.06531531531531531,
      "rev_growth_yoy_accel": 0.017496486204577402,
      "fcf_margin_change": 0.039244256820526645
    },
    {
      "date": "2024-09-30T00:00:00",
      "quarter_label": "2024-09 (Q3)",
      "revenue": 839100000,
      "gross_profit": 131200000,
      "operating_income": 31800000,
      "net_income": -3400000,
      "opex": 99400000,
      "cogs": 707900000,
      "rd": null,
      "sga": null,
      "fcf": 41400000,
      "ocf": 41400000,
      "capex": null,
      "gross_margin": 0.15635800262185676,
      "op_margin": 0.03789774758670004,
      "fcf_margin": 0.0493385770468359,
      "incr_op_margin_yoy": 0.0743801652892562,
      "rev_growth_yoy": -0.028031970346345417,
      "rev_growth_yoy_accel": 0.0372833449689699,
      "op_leverage_ratio": Infinity,
      "fcf_margin_change": 0.07394225491620812
    },
    {
      "date": "2024-12-31T00:00:00",
      "quarter_label": "2024-12 (Q4)",
      "revenue": 905700000,
      "gross_profit": 176900000,
      "operating_income": 80500000,
      "net_income": 58700000,
      "opex": 96400000,
      "cogs": 728800000,
      "rd": null,
      "sga": null,
      "fcf": 296200000,
      "ocf": 296200000,
      "capex": null,
      "gross_margin": 0.1953185381472894,
      "op_margin": 0.0888815280998123,
      "fcf_margin": 0.32703985867284974,
      "incr_op_margin_yoy": -7.529411764705882,
      "rev_growth_yoy": -0.005599472990777339,
      "rev_growth_yoy_accel": 0.022432497355568078,
      "op_leverage_ratio": Infinity,
      "fcf_margin_change": 0.2777012816260138
    },
    {
      "date": "2025-03-31T00:00:00",
      "quarter_label": "2025-03 (Q1)",
      "revenue": 792000000,
      "gross_profit": 115200000,
      "operating_income": -5500000,
      "net_income": -31800000,
      "opex": 120700000,
      "cogs": 676800000,
      "rd": null,
      "sga": null,
      "fcf": -53500000,
      "ocf": -53500000,
      "capex": null,
      "gross_margin": 0.14545454545454545,
      "op_margin": -0.006944444444444444,
      "fcf_margin": -0.06755050505050506,
      "incr_op_margin_yoy": 0.010452961672473868,
      "rev_growth_yoy": -0.03497014743511637,
      "rev_growth_yoy_accel": -0.029370674444339027,
      "fcf_margin_change": -0.39459036372335476
    },
    {
      "date": "2025-06-30T00:00:00",
      "quarter_label": "2025-06 (Q2)",
      "revenue": 798000000,
      "gross_profit": 139200000,
      "operating_income": 27300000,
      "net_income": -2900000,
      "opex": 111900000,
      "cogs": 658800000,
      "rd": null,
      "sga": null,
      "fcf": -47200000,
      "ocf": -47200000,
      "capex": null,
      "gross_margin": 0.17443609022556392,
      "op_margin": 0.034210526315789476,
      "fcf_margin": -0.05914786967418546,
      "incr_op_margin_yoy": 3.294736842105263,
      "rev_growth_yoy": 0.012048192771084338,
      "rev_growth_yoy_accel": 0.0470183402062007,
      "fcf_margin_change": 0.008402635376319592
    },
    {
      "date": "2025-09-30T00:00:00",
      "quarter_label": "2025-09 (Q3)",
      "revenue": 840300000,
      "gross_profit": 157900000,
      "operating_income": -254100000,
      "net_income": -265800000,
      "opex": 412000000,
      "cogs": 682400000,
      "rd": null,
      "sga": null,
      "fcf": 38200000,
      "ocf": 38200000,
      "capex": null,
      "gross_margin": 0.18790908009044388,
      "op_margin": -0.30239200285612283,
      "fcf_margin": 0.04545995477805546,
      "incr_op_margin_yoy": -238.25,
      "rev_growth_yoy": 0.0014301036825169824,
      "rev_growth_yoy_accel": -0.010618089088567356,
      "op_leverage_ratio": 0.01976521610590956,
      "fcf_margin_change": 0.10460782445224093
    }
  ],
  "signals": [
    {
      "quarter": "2025-09 (Q3)",
      "signal": "FCF TURNED POSITIVE",
      "detail": "FCF margin: -5.9% -> +4.5%",
      "severity": "HIGH"
    },
    {
      "quarter": "2025-06 (Q2)",
      "signal": "GROSS MARGIN INFLECTION",
      "detail": "GM: +19.5% -> +14.5% -> +17.4% (reversal +2.9%)",
      "severity": "MEDIUM"
    },
    {
      "quarter": "2025-06 (Q2)",
      "signal": "OP MARGIN TURNED POSITIVE (YoY)",
      "detail": "Op margin: -0.5% (year-ago) -> +3.4%",
      "severity": "HIGH"
    },
    {
      "quarter": "2025-06 (Q2)",
      "signal": "OP MARGIN TURNED POSITIVE (QoQ)",
      "detail": "Op margin: -0.7% -> +3.4%",
      "severity": "HIGH"
    },
    {
      "quarter": "2024-12 (Q4)",
      "signal": "FCF MARGIN EXPANSION",
      "detail": "FCF margin: +4.9% -> +32.7% (+27.8%)",
      "severity": "MEDIUM"
    },
    {
      "quarter": "2024-12 (Q4)",
      "signal": "GROSS MARGIN INFLECTION",
      "detail": "GM: +16.3% -> +15.6% -> +19.5% (reversal +3.9%)",
      "severity": "MEDIUM"
    },
    {
      "quarter": "2024-09 (Q3)",
      "signal": "FCF TURNED POSITIVE",
      "detail": "FCF margin: -2.5% -> +4.9%",
      "severity": "HIGH"
    },
    {
      "quarter": "2024-09 (Q3)",
      "signal": "OP MARGIN TURNED POSITIVE (QoQ)",
      "detail": "Op margin: -0.5% -> +3.8%",
      "severity": "HIGH"
    },
    {
      "quarter": "2024-06 (Q2)",
      "signal": "GROSS MARGIN INFLECTION",
      "detail": "GM: +16.7% -> +13.6% -> +16.3% (reversal +2.6%)",
      "severity": "MEDIUM"
    },
    {
      "quarter": "2023-12 (Q4)",
      "signal": "YoY REVENUE GROWTH DECELERATION",
      "detail": "YoY growth: -8.6% vs prior quarter YoY: -1.3% (decel: -7.2%)",
      "severity": "WARNING"
    },
    {
      "quarter": "2023-12 (Q4)",
      "signal": "INCREMENTAL MARGIN (YoY)",
      "detail": "YoY Incr OPM: +32.7% vs year-ago OPM: +7.0%",
      "severity": "HIGH"
    },
    {
      "quarter": "2023-09 (Q3)",
      "signal": "FCF TURNED POSITIVE",
      "detail": "FCF margin: -4.8% -> +4.4%",
      "severity": "HIGH"
    },
    {
      "quarter": "2023-09 (Q3)",
      "signal": "OPERATING LEVERAGE",
      "detail": "Rev growth +2.3% vs OpEx growth +0.6% (leverage: 4.0x)",
      "severity": "MEDIUM"
    },
    {
      "quarter": "2023-09 (Q3)",
      "signal": "YoY REVENUE GROWTH ACCELERATION",
      "detail": "YoY growth: -1.3% vs prior quarter YoY: -29.6% (accel: +28.2%)",
      "severity": "HIGH"
    },
    {
      "quarter": "2023-09 (Q3)",
      "signal": "OP MARGIN TURNED POSITIVE (YoY)",
      "detail": "Op margin: -1.1% (year-ago) -> +3.9%",
      "severity": "HIGH"
    },
    {
      "quarter": "2023-06 (Q2)",
      "signal": "YoY REVENUE GROWTH DECELERATION",
      "detail": "YoY growth: -29.6% vs prior quarter YoY: -21.6% (decel: -8.0%)",
      "severity": "WARNING"
    },
    {
      "quarter": "2023-06 (Q2)",
      "signal": "OP MARGIN TURNED POSITIVE (YoY)",
      "detail": "Op margin: -1.8% (year-ago) -> +3.5%",
      "severity": "HIGH"
    },
    {
      "quarter": "2023-03 (Q1)",
      "signal": "YoY REVENUE GROWTH DECELERATION",
      "detail": "YoY growth: -21.6% vs prior quarter YoY: +22.0% (decel: -43.6%)",
      "severity": "WARNING"
    },
    {
      "quarter": "2023-03 (Q1)",
      "signal": "OP MARGIN TURNED POSITIVE (YoY)",
      "detail": "Op margin: -3.6% (year-ago) -> +4.4%",
      "severity": "HIGH"
    },
    {
      "quarter": "2022-12 (Q4)",
      "signal": "YoY REVENUE GROWTH ACCELERATION",
      "detail": "YoY growth: +22.0% vs prior quarter YoY: -20.5% (accel: +42.6%)",
      "severity": "HIGH"
    },
    {
      "quarter": "2022-12 (Q4)",
      "signal": "OP MARGIN TURNED POSITIVE (YoY)",
      "detail": "Op margin: -2.4% (year-ago) -> +7.0%",
      "severity": "HIGH"
    },
    {
      "quarter": "2022-12 (Q4)",
      "signal": "OP MARGIN TURNED POSITIVE (QoQ)",
      "detail": "Op margin: -1.1% -> +7.0%",
      "severity": "HIGH"
    },
    {
      "quarter": "2022-09 (Q3)",
      "signal": "YoY REVENUE GROWTH DECELERATION",
      "detail": "YoY growth: -20.5% vs prior quarter YoY: +19.4% (decel: -39.9%)",
      "severity": "WARNING"
    },
    {
      "quarter": "2022-06 (Q2)",
      "signal": "FCF TURNED POSITIVE",
      "detail": "FCF margin: -7.7% -> +1.8%",
      "severity": "HIGH"
    },
    {
      "quarter": "2022-06 (Q2)",
      "signal": "YoY REVENUE GROWTH ACCELERATION",
      "detail": "YoY growth: +19.4% vs prior quarter YoY: +7.9% (accel: +11.5%)",
      "severity": "MEDIUM"
    },
    {
      "quarter": "2022-03 (Q1)",
      "signal": "OPERATING LEVERAGE",
      "detail": "Rev growth +39.8% vs OpEx growth +2.6% (leverage: 15.5x)",
      "severity": "MEDIUM"
    },
    {
      "quarter": "2022-03 (Q1)",
      "signal": "YoY REVENUE GROWTH ACCELERATION",
      "detail": "YoY growth: +7.9% vs prior quarter YoY: -30.7% (accel: +38.6%)",
      "severity": "HIGH"
    },
    {
      "quarter": "2021-12 (Q4)",
      "signal": "FCF MARGIN EXPANSION",
      "detail": "FCF margin: +9.2% -> +31.8% (+22.6%)",
      "severity": "MEDIUM"
    },
    {
      "quarter": "2021-09 (Q3)",
      "signal": "FCF TURNED POSITIVE",
      "detail": "FCF margin: -6.9% -> +9.2%",
      "severity": "HIGH"
    }
  ],
  "data_quality": {
    "n_quarters": 20,
    "coverage": {
      "revenue": [
        20,
        20
      ],
      "gross_profit": [
        20,
        20
      ],
      "op_income": [
        20,
        20
      ],
      "fcf": [
        20,
        20
      ]
    },
    "gaps": [],
    "warnings": []
  },
  "market_cap": null,
  "source": "SEC EDGAR",
  "last_updated": "2026-02-02T21:55:03.772538"
}