{
  "ticker": "TILE",
  "name": "INTERFACE INC",
  "quarters": [
    {
      "date": "2021-01-03T00:00:00",
      "quarter_label": "2021-01 (Q1)",
      "revenue": 276947000,
      "gross_profit": 96807000,
      "operating_income": 20950000,
      "net_income": 19616000,
      "opex": 75857000,
      "cogs": 180140000,
      "rd": null,
      "sga": 77327000,
      "fcf": 5737000,
      "ocf": 21802000,
      "capex": -16065000,
      "gross_margin": 0.34955063604227526,
      "op_margin": 0.07564624278291514,
      "fcf_margin": 0.02071515488523075
    },
    {
      "date": "2021-04-04T00:00:00",
      "quarter_label": "2021-04 (Q2)",
      "revenue": 253260000,
      "gross_profit": 96038000,
      "operating_income": 16866000,
      "net_income": 6938000,
      "opex": 79172000,
      "cogs": 157222000,
      "rd": null,
      "sga": 79302000,
      "fcf": 19641000,
      "ocf": 24855000,
      "capex": -5214000,
      "gross_margin": 0.37920713890863145,
      "op_margin": 0.0665955934612651,
      "fcf_margin": 0.0775527126273395,
      "fcf_margin_change": 0.056837557742108746
    },
    {
      "date": "2021-07-04T00:00:00",
      "quarter_label": "2021-07 (Q3)",
      "revenue": 294785000,
      "gross_profit": 108992000,
      "operating_income": 29224000,
      "net_income": 15511000,
      "opex": 79768000,
      "cogs": 185793000,
      "rd": null,
      "sga": 79830000,
      "fcf": 3365000,
      "ocf": 10263000,
      "capex": -6898000,
      "gross_margin": 0.36973387384025647,
      "op_margin": 0.09913665892090846,
      "fcf_margin": 0.011415099140051224,
      "op_leverage_ratio": 21.780527558224644,
      "fcf_margin_change": -0.06613761348728828
    },
    {
      "date": "2021-10-03T00:00:00",
      "quarter_label": "2021-10 (Q4)",
      "revenue": 312707000,
      "gross_profit": 106325000,
      "operating_income": 24777000,
      "net_income": 10959000,
      "opex": 81548000,
      "cogs": 206382000,
      "rd": null,
      "sga": 77735000,
      "fcf": 23644000,
      "ocf": 28938000,
      "capex": -5294000,
      "gross_margin": 0.3400147742135609,
      "op_margin": 0.079233915454403,
      "fcf_margin": 0.07561071546207793,
      "op_leverage_ratio": 2.7245186998789634,
      "fcf_margin_change": 0.06419561632202671
    },
    {
      "date": "2022-01-02T00:00:00",
      "quarter_label": "2022-01 (Q1)",
      "revenue": 339646000,
      "gross_profit": 121378000,
      "operating_income": 33930000,
      "net_income": 21826000,
      "opex": 87448000,
      "cogs": 218268000,
      "rd": null,
      "sga": 87448000,
      "fcf": 11968000,
      "ocf": 22633000,
      "capex": -10665000,
      "gross_margin": 0.35736619892476285,
      "op_margin": 0.09989812922866749,
      "fcf_margin": 0.03523668761004104,
      "incr_op_margin_yoy": 0.20702084562752196,
      "rev_growth_yoy": 0.22639349767283992,
      "op_leverage_ratio": 1.1907077210360941,
      "fcf_margin_change": -0.040374027852036885
    },
    {
      "date": "2022-04-03T00:00:00",
      "quarter_label": "2022-04 (Q2)",
      "revenue": 288002000,
      "gross_profit": 106799000,
      "operating_income": 27420000,
      "net_income": 13293000,
      "opex": 79379000,
      "cogs": 181203000,
      "rd": null,
      "sga": 78492000,
      "fcf": -22477000,
      "ocf": -17696000,
      "capex": -4781000,
      "gross_margin": 0.37082728592162556,
      "op_margin": 0.09520767216894327,
      "fcf_margin": -0.07804459691252144,
      "incr_op_margin_yoy": 0.3037821656784296,
      "rev_growth_yoy": 0.13717918344784016,
      "rev_growth_yoy_accel": -0.08921431422499976,
      "fcf_margin_change": -0.11328128452256248
    },
    {
      "date": "2022-07-03T00:00:00",
      "quarter_label": "2022-07 (Q3)",
      "revenue": 346605000,
      "gross_profit": 116706000,
      "operating_income": 34525000,
      "net_income": 16818000,
      "opex": 82181000,
      "cogs": 229899000,
      "rd": null,
      "sga": 81371000,
      "fcf": 642000,
      "ocf": 4988000,
      "capex": -4346000,
      "gross_margin": 0.3367118189293288,
      "op_margin": 0.09960906507407567,
      "fcf_margin": 0.0018522525641580473,
      "incr_op_margin_yoy": 0.10229641065225782,
      "rev_growth_yoy": 0.17578913445392405,
      "rev_growth_yoy_accel": 0.03860995100608389,
      "op_leverage_ratio": 5.764502578425567,
      "fcf_margin_change": 0.0798968494766795
    },
    {
      "date": "2022-10-02T00:00:00",
      "quarter_label": "2022-10 (Q4)",
      "revenue": 327757000,
      "gross_profit": 108785000,
      "operating_income": 28042000,
      "net_income": 14065000,
      "opex": 80743000,
      "cogs": 218972000,
      "rd": null,
      "sga": 80848000,
      "fcf": 23404000,
      "ocf": 27591000,
      "capex": -4187000,
      "gross_margin": 0.3319074802368828,
      "op_margin": 0.08555728786875642,
      "fcf_margin": 0.07140656034806274,
      "incr_op_margin_yoy": 0.21694352159468439,
      "rev_growth_yoy": 0.048128119933356146,
      "rev_growth_yoy_accel": -0.1276610145205679,
      "fcf_margin_change": 0.06955430778390469
    },
    {
      "date": "2023-01-01T00:00:00",
      "quarter_label": "2023-01 (Q1)",
      "revenue": 335555000,
      "gross_profit": 105443000,
      "operating_income": -14589000,
      "net_income": -24616000,
      "opex": 120032000,
      "cogs": 230112000,
      "rd": null,
      "sga": 83479000,
      "fcf": 23055000,
      "ocf": 28178000,
      "capex": -5123000,
      "gross_margin": 0.3142346262162686,
      "op_margin": -0.04347722430004023,
      "fcf_margin": 0.06870706739580695,
      "incr_op_margin_yoy": 11.859936445856759,
      "rev_growth_yoy": -0.012044893801193007,
      "rev_growth_yoy_accel": -0.060173013734549155,
      "op_leverage_ratio": 0.04889508005005598,
      "fcf_margin_change": -0.002699492952255786
    },
    {
      "date": "2023-04-02T00:00:00",
      "quarter_label": "2023-04 (Q2)",
      "revenue": 295792000,
      "gross_profit": 95873000,
      "operating_income": 9477000,
      "net_income": -714000,
      "opex": 86396000,
      "cogs": 199919000,
      "rd": null,
      "sga": 86254000,
      "fcf": 23872000,
      "ocf": 29584000,
      "capex": -5712000,
      "gross_margin": 0.32412303240114676,
      "op_margin": 0.03203940606912966,
      "fcf_margin": 0.08070536052361119,
      "incr_op_margin_yoy": -2.3033376123234914,
      "rev_growth_yoy": 0.02704842327483837,
      "rev_growth_yoy_accel": 0.03909331707603138,
      "fcf_margin_change": 0.011998293127804233
    },
    {
      "date": "2023-07-02T00:00:00",
      "quarter_label": "2023-07 (Q3)",
      "revenue": 329582000,
      "gross_profit": 111786000,
      "operating_income": 28908000,
      "net_income": 15797000,
      "opex": 82878000,
      "cogs": 217796000,
      "rd": null,
      "sga": 85522000,
      "fcf": 12721000,
      "ocf": 18340000,
      "capex": -5619000,
      "gross_margin": 0.339175076308779,
      "op_margin": 0.08771110072758828,
      "fcf_margin": 0.038597374856636585,
      "incr_op_margin_yoy": 0.3299653410092228,
      "rev_growth_yoy": -0.04911354423623433,
      "rev_growth_yoy_accel": -0.07616196751107271,
      "op_leverage_ratio": Infinity,
      "fcf_margin_change": -0.0421079856669746
    },
    {
      "date": "2023-10-01T00:00:00",
      "quarter_label": "2023-10 (Q4)",
      "revenue": 311006000,
      "gross_profit": 110258000,
      "operating_income": 30985000,
      "net_income": 9879000,
      "opex": 79273000,
      "cogs": 200748000,
      "rd": null,
      "sga": 79273000,
      "fcf": 60386000,
      "ocf": 66293000,
      "capex": -5907000,
      "gross_margin": 0.3545204915660791,
      "op_margin": 0.09962830299093908,
      "fcf_margin": 0.19416345665356938,
      "incr_op_margin_yoy": -0.17569100352217779,
      "rev_growth_yoy": -0.051107985489249656,
      "rev_growth_yoy_accel": -0.0019944412530153235,
      "fcf_margin_change": 0.1555660817969328
    },
    {
      "date": "2023-12-31T00:00:00",
      "quarter_label": "2023-12 (Q4)",
      "revenue": 325118000,
      "gross_profit": 123152000,
      "operating_income": 35152000,
      "net_income": 19555000,
      "opex": 88000000,
      "cogs": 201966000,
      "rd": null,
      "sga": 88000000,
      "fcf": 18948000,
      "ocf": 27817000,
      "capex": -8869000,
      "gross_margin": 0.37879170024421904,
      "op_margin": 0.10812074385300106,
      "fcf_margin": 0.05828037820114543,
      "incr_op_margin_yoy": -4.765833093800901,
      "rev_growth_yoy": -0.031103693880287882,
      "rev_growth_yoy_accel": 0.020004291608961774,
      "op_leverage_ratio": 0.41217354934941863,
      "fcf_margin_change": -0.13588307845242395
    },
    {
      "date": "2024-03-31T00:00:00",
      "quarter_label": "2024-03 (Q1)",
      "revenue": 289743000,
      "gross_profit": 110405000,
      "operating_income": 24446000,
      "net_income": 14179000,
      "opex": 85959000,
      "cogs": 179338000,
      "rd": null,
      "sga": 85959000,
      "fcf": 8586000,
      "ocf": 12619000,
      "capex": -4033000,
      "gross_margin": 0.38104458088720006,
      "op_margin": 0.0843713221717177,
      "fcf_margin": 0.029633157660409398,
      "incr_op_margin_yoy": -2.474623904777649,
      "rev_growth_yoy": -0.020450181208416726,
      "rev_growth_yoy_accel": 0.010653512671871156,
      "fcf_margin_change": -0.02864722054073603
    },
    {
      "date": "2024-06-30T00:00:00",
      "quarter_label": "2024-06 (Q2)",
      "revenue": 346635000,
      "gross_profit": 122613000,
      "operating_income": 38151000,
      "net_income": 22558000,
      "opex": 84462000,
      "cogs": 224022000,
      "rd": null,
      "sga": 84462000,
      "fcf": 11965000,
      "ocf": 21539000,
      "capex": -9574000,
      "gross_margin": 0.35372365744947853,
      "op_margin": 0.11006101518888745,
      "fcf_margin": 0.03451757612474216,
      "incr_op_margin_yoy": 0.542016067554096,
      "rev_growth_yoy": 0.051741296551389336,
      "rev_growth_yoy_accel": 0.07219147775980606,
      "op_leverage_ratio": Infinity,
      "fcf_margin_change": 0.004884418464332765
    },
    {
      "date": "2024-09-29T00:00:00",
      "quarter_label": "2024-09 (Q3)",
      "revenue": 344270000,
      "gross_profit": 127625000,
      "operating_income": 42175000,
      "net_income": 28443000,
      "opex": 85450000,
      "cogs": 216645000,
      "rd": null,
      "sga": 85450000,
      "fcf": 69728000,
      "ocf": 76229000,
      "capex": -6501000,
      "gross_margin": 0.37071194120893486,
      "op_margin": 0.12250559154152264,
      "fcf_margin": 0.20253870508612426,
      "incr_op_margin_yoy": 0.3363997113997114,
      "rev_growth_yoy": 0.10695613589448436,
      "rev_growth_yoy_accel": 0.05521483934309502,
      "fcf_margin_change": 0.1680211289613821
    },
    {
      "date": "2024-12-29T00:00:00",
      "quarter_label": "2024-12 (Q4)",
      "revenue": 335010000,
      "gross_profit": 122305000,
      "operating_income": 29634000,
      "net_income": 21766000,
      "opex": 92671000,
      "cogs": 212705000,
      "rd": null,
      "sga": 92671000,
      "fcf": 24363000,
      "ocf": 38043000,
      "capex": -13680000,
      "gross_margin": 0.3650786543685263,
      "op_margin": 0.08845706098325423,
      "fcf_margin": 0.07272320229246888,
      "incr_op_margin_yoy": -0.5578245046502224,
      "rev_growth_yoy": 0.030425876143431,
      "rev_growth_yoy_accel": -0.07653025975105335,
      "fcf_margin_change": -0.1298155027936554
    },
    {
      "date": "2025-03-30T00:00:00",
      "quarter_label": "2025-03 (Q1)",
      "revenue": 297413000,
      "gross_profit": 110963000,
      "operating_income": 23227000,
      "net_income": 13002000,
      "opex": 87736000,
      "cogs": 186450000,
      "rd": null,
      "sga": 87736000,
      "fcf": 4272000,
      "ocf": 11739000,
      "capex": -7467000,
      "gross_margin": 0.3730939804245275,
      "op_margin": 0.07809678796824618,
      "fcf_margin": 0.014363864390594897,
      "incr_op_margin_yoy": -0.15893089960886572,
      "rev_growth_yoy": 0.026471735296452373,
      "rev_growth_yoy_accel": -0.003954140846978628,
      "fcf_margin_change": -0.05835933790187399
    },
    {
      "date": "2025-06-29T00:00:00",
      "quarter_label": "2025-06 (Q2)",
      "revenue": 375522000,
      "gross_profit": 147977000,
      "operating_income": 52047000,
      "net_income": 32561000,
      "opex": 95930000,
      "cogs": 227545000,
      "rd": null,
      "sga": 95930000,
      "fcf": 22774000,
      "ocf": 30128000,
      "capex": -7354000,
      "gross_margin": 0.3940568062590208,
      "op_margin": 0.13859907009442857,
      "fcf_margin": 0.060646247090716386,
      "incr_op_margin_yoy": 0.48104683767784817,
      "rev_growth_yoy": 0.08333549699251373,
      "rev_growth_yoy_accel": 0.05686376169606136,
      "op_leverage_ratio": 2.8120497565984475,
      "fcf_margin_change": 0.046282382700121485
    },
    {
      "date": "2025-09-28T00:00:00",
      "quarter_label": "2025-09 (Q3)",
      "revenue": 364526000,
      "gross_profit": 143632000,
      "operating_income": 53360000,
      "net_income": 46146000,
      "opex": 90272000,
      "cogs": 220894000,
      "rd": null,
      "sga": 90272000,
      "fcf": 66073000,
      "ocf": 76729000,
      "capex": -10656000,
      "gross_margin": 0.3940240202344963,
      "op_margin": 0.14638187673855912,
      "fcf_margin": 0.18125730400574994,
      "incr_op_margin_yoy": 0.5521820695102686,
      "rev_growth_yoy": 0.05883754030266942,
      "rev_growth_yoy_accel": -0.024497956689844315,
      "fcf_margin_change": 0.12061105691503354
    }
  ],
  "signals": [
    {
      "quarter": "2025-09 (Q3)",
      "signal": "FCF MARGIN EXPANSION",
      "detail": "FCF margin: +6.1% -> +18.1% (+12.1%)",
      "severity": "MEDIUM"
    },
    {
      "quarter": "2025-09 (Q3)",
      "signal": "INCREMENTAL MARGIN (YoY)",
      "detail": "YoY Incr OPM: +55.2% vs year-ago OPM: +12.3%",
      "severity": "HIGH"
    },
    {
      "quarter": "2025-06 (Q2)",
      "signal": "OPERATING LEVERAGE",
      "detail": "Rev growth +26.3% vs OpEx growth +9.3% (leverage: 2.8x)",
      "severity": "MEDIUM"
    },
    {
      "quarter": "2025-06 (Q2)",
      "signal": "YoY REVENUE GROWTH ACCELERATION",
      "detail": "YoY growth: +8.3% vs prior quarter YoY: +2.6% (accel: +5.7%)",
      "severity": "MEDIUM"
    },
    {
      "quarter": "2025-06 (Q2)",
      "signal": "INCREMENTAL MARGIN (YoY)",
      "detail": "YoY Incr OPM: +48.1% vs year-ago OPM: +11.0%",
      "severity": "HIGH"
    },
    {
      "quarter": "2024-12 (Q4)",
      "signal": "YoY REVENUE GROWTH DECELERATION",
      "detail": "YoY growth: +3.0% vs prior quarter YoY: +10.7% (decel: -7.7%)",
      "severity": "WARNING"
    },
    {
      "quarter": "2024-09 (Q3)",
      "signal": "FCF MARGIN EXPANSION",
      "detail": "FCF margin: +3.5% -> +20.3% (+16.8%)",
      "severity": "MEDIUM"
    },
    {
      "quarter": "2024-09 (Q3)",
      "signal": "YoY REVENUE GROWTH ACCELERATION",
      "detail": "YoY growth: +10.7% vs prior quarter YoY: +5.2% (accel: +5.5%)",
      "severity": "MEDIUM"
    },
    {
      "quarter": "2024-09 (Q3)",
      "signal": "INCREMENTAL MARGIN (YoY)",
      "detail": "YoY Incr OPM: +33.6% vs year-ago OPM: +10.0%",
      "severity": "HIGH"
    },
    {
      "quarter": "2024-06 (Q2)",
      "signal": "YoY REVENUE GROWTH ACCELERATION",
      "detail": "YoY growth: +5.2% vs prior quarter YoY: -2.0% (accel: +7.2%)",
      "severity": "MEDIUM"
    },
    {
      "quarter": "2024-06 (Q2)",
      "signal": "INCREMENTAL MARGIN (YoY)",
      "detail": "YoY Incr OPM: +54.2% vs year-ago OPM: +8.8%",
      "severity": "HIGH"
    },
    {
      "quarter": "2023-12 (Q4)",
      "signal": "OP MARGIN TURNED POSITIVE (YoY)",
      "detail": "Op margin: -4.3% (year-ago) -> +10.8%",
      "severity": "HIGH"
    },
    {
      "quarter": "2023-10 (Q4)",
      "signal": "FCF MARGIN EXPANSION",
      "detail": "FCF margin: +3.9% -> +19.4% (+15.6%)",
      "severity": "MEDIUM"
    },
    {
      "quarter": "2023-07 (Q3)",
      "signal": "YoY REVENUE GROWTH DECELERATION",
      "detail": "YoY growth: -4.9% vs prior quarter YoY: +2.7% (decel: -7.6%)",
      "severity": "WARNING"
    },
    {
      "quarter": "2023-07 (Q3)",
      "signal": "INCREMENTAL MARGIN (YoY)",
      "detail": "YoY Incr OPM: +33.0% vs year-ago OPM: +10.0%",
      "severity": "HIGH"
    },
    {
      "quarter": "2023-04 (Q2)",
      "signal": "OP MARGIN TURNED POSITIVE (QoQ)",
      "detail": "Op margin: -4.3% -> +3.2%",
      "severity": "HIGH"
    },
    {
      "quarter": "2023-01 (Q1)",
      "signal": "YoY REVENUE GROWTH DECELERATION",
      "detail": "YoY growth: -1.2% vs prior quarter YoY: +4.8% (decel: -6.0%)",
      "severity": "WARNING"
    },
    {
      "quarter": "2022-10 (Q4)",
      "signal": "FCF MARGIN EXPANSION",
      "detail": "FCF margin: +0.2% -> +7.1% (+7.0%)",
      "severity": "MEDIUM"
    },
    {
      "quarter": "2022-10 (Q4)",
      "signal": "YoY REVENUE GROWTH DECELERATION",
      "detail": "YoY growth: +4.8% vs prior quarter YoY: +17.6% (decel: -12.8%)",
      "severity": "WARNING"
    },
    {
      "quarter": "2022-10 (Q4)",
      "signal": "INCREMENTAL MARGIN (YoY)",
      "detail": "YoY Incr OPM: +21.7% vs year-ago OPM: +7.9%",
      "severity": "MEDIUM"
    },
    {
      "quarter": "2022-07 (Q3)",
      "signal": "FCF TURNED POSITIVE",
      "detail": "FCF margin: -7.8% -> +0.2%",
      "severity": "HIGH"
    },
    {
      "quarter": "2022-07 (Q3)",
      "signal": "OPERATING LEVERAGE",
      "detail": "Rev growth +20.3% vs OpEx growth +3.5% (leverage: 5.8x)",
      "severity": "MEDIUM"
    },
    {
      "quarter": "2022-04 (Q2)",
      "signal": "YoY REVENUE GROWTH DECELERATION",
      "detail": "YoY growth: +13.7% vs prior quarter YoY: +22.6% (decel: -8.9%)",
      "severity": "WARNING"
    },
    {
      "quarter": "2022-04 (Q2)",
      "signal": "INCREMENTAL MARGIN (YoY)",
      "detail": "YoY Incr OPM: +30.4% vs year-ago OPM: +6.7%",
      "severity": "HIGH"
    },
    {
      "quarter": "2022-01 (Q1)",
      "signal": "INCREMENTAL MARGIN (YoY)",
      "detail": "YoY Incr OPM: +20.7% vs year-ago OPM: +7.6%",
      "severity": "MEDIUM"
    },
    {
      "quarter": "2021-10 (Q4)",
      "signal": "FCF MARGIN EXPANSION",
      "detail": "FCF margin: +1.1% -> +7.6% (+6.4%)",
      "severity": "MEDIUM"
    },
    {
      "quarter": "2021-10 (Q4)",
      "signal": "OPERATING LEVERAGE",
      "detail": "Rev growth +6.1% vs OpEx growth +2.2% (leverage: 2.7x)",
      "severity": "MEDIUM"
    },
    {
      "quarter": "2021-07 (Q3)",
      "signal": "OPERATING LEVERAGE",
      "detail": "Rev growth +16.4% vs OpEx growth +0.8% (leverage: 21.8x)",
      "severity": "MEDIUM"
    },
    {
      "quarter": "2021-04 (Q2)",
      "signal": "FCF MARGIN EXPANSION",
      "detail": "FCF margin: +2.1% -> +7.8% (+5.7%)",
      "severity": "MEDIUM"
    }
  ],
  "data_quality": {
    "n_quarters": 20,
    "coverage": {
      "revenue": [
        20,
        20
      ],
      "gross_profit": [
        20,
        20
      ],
      "op_income": [
        20,
        20
      ],
      "fcf": [
        20,
        20
      ]
    },
    "gaps": [],
    "warnings": []
  },
  "market_cap": null,
  "source": "SEC EDGAR",
  "last_updated": "2026-02-02T21:40:43.502746"
}