{
  "ticker": "TISI",
  "name": "TEAM INC",
  "quarters": [
    {
      "date": "2020-12-31T00:00:00",
      "quarter_label": "2020-12 (Q4)",
      "revenue": 207303000,
      "gross_profit": 60144000,
      "operating_income": -2361000,
      "net_income": -14875000,
      "opex": 62505000,
      "cogs": 147159000,
      "rd": null,
      "sga": 62505000,
      "fcf": 29325000,
      "ocf": 32599000,
      "capex": -3274000,
      "gross_margin": 0.29012604737992215,
      "op_margin": -0.011389126061851492,
      "fcf_margin": 0.14145960261067134
    },
    {
      "date": "2021-03-31T00:00:00",
      "quarter_label": "2021-03 (Q1)",
      "revenue": 194618000,
      "gross_profit": 43701000,
      "operating_income": -24300000,
      "net_income": -34291000,
      "opex": 68001000,
      "cogs": 150917000,
      "rd": null,
      "sga": 66124000,
      "fcf": -20596000,
      "ocf": -17183000,
      "capex": -3413000,
      "gross_margin": 0.22454757524997687,
      "op_margin": -0.12485998211881738,
      "fcf_margin": -0.10582782681971863,
      "fcf_margin_change": -0.24728742943038995
    },
    {
      "date": "2021-06-30T00:00:00",
      "quarter_label": "2021-06 (Q2)",
      "revenue": 238873000,
      "gross_profit": 62764000,
      "operating_income": -5994000,
      "net_income": -17493000,
      "opex": 68758000,
      "cogs": 176109000,
      "rd": null,
      "sga": 68478000,
      "fcf": -23423000,
      "ocf": -17616000,
      "capex": -5807000,
      "gross_margin": 0.2627504992192504,
      "op_margin": -0.025092831755786547,
      "fcf_margin": -0.09805628932529001,
      "op_leverage_ratio": 20.426725827418743,
      "fcf_margin_change": 0.007771537494428618
    },
    {
      "date": "2021-09-30T00:00:00",
      "quarter_label": "2021-09 (Q3)",
      "revenue": 217410000,
      "gross_profit": 53321000,
      "operating_income": -70526000,
      "net_income": -91182000,
      "opex": 123847000,
      "cogs": 164089000,
      "rd": null,
      "sga": 67553000,
      "fcf": -4218000,
      "ocf": -1062000,
      "capex": -3156000,
      "gross_margin": 0.24525550802630974,
      "op_margin": -0.32439170231360104,
      "fcf_margin": -0.01940113150269077,
      "fcf_margin_change": 0.07865515782259924
    },
    {
      "date": "2021-12-31T00:00:00",
      "quarter_label": "2021-12 (Q4)",
      "revenue": 223652000,
      "gross_profit": 54649000,
      "operating_income": -25162000,
      "net_income": -43053000,
      "opex": 79811000,
      "cogs": 169003000,
      "rd": null,
      "sga": 70714000,
      "fcf": -4821000,
      "ocf": 408000,
      "capex": -5229000,
      "gross_margin": 0.24434836263480764,
      "op_margin": -0.11250514191690662,
      "fcf_margin": -0.021555809918981275,
      "incr_op_margin_yoy": -1.3946418741207414,
      "rev_growth_yoy": 0.07886523591072006,
      "op_leverage_ratio": Infinity,
      "fcf_margin_change": -0.0021546784162905057
    },
    {
      "date": "2022-03-31T00:00:00",
      "quarter_label": "2022-03 (Q1)",
      "revenue": 218576000,
      "gross_profit": 55098000,
      "operating_income": -16203000,
      "net_income": -32462000,
      "opex": 71301000,
      "cogs": 163478000,
      "rd": null,
      "sga": 71285000,
      "fcf": -57074000,
      "ocf": -50006000,
      "capex": -7068000,
      "gross_margin": 0.252077080740795,
      "op_margin": -0.0741298221213674,
      "fcf_margin": -0.2611174145377352,
      "incr_op_margin_yoy": 0.3379664412722264,
      "rev_growth_yoy": 0.12310269348158957,
      "rev_growth_yoy_accel": 0.04423745757086951,
      "fcf_margin_change": -0.23956160461875392
    },
    {
      "date": "2022-06-30T00:00:00",
      "quarter_label": "2022-06 (Q2)",
      "revenue": 251265000,
      "gross_profit": 69953000,
      "operating_income": -2780000,
      "net_income": -21552000,
      "opex": 72733000,
      "cogs": 181312000,
      "rd": null,
      "sga": 72733000,
      "fcf": -10318000,
      "ocf": -3385000,
      "capex": -6933000,
      "gross_margin": 0.27840327940620463,
      "op_margin": -0.011064016078642071,
      "fcf_margin": -0.04106421507173701,
      "incr_op_margin_yoy": 0.25936087798579727,
      "rev_growth_yoy": 0.05187693879174289,
      "rev_growth_yoy_accel": -0.07122575468984668,
      "op_leverage_ratio": 7.446492631048341,
      "fcf_margin_change": 0.22005319946599816
    },
    {
      "date": "2022-09-30T00:00:00",
      "quarter_label": "2022-09 (Q3)",
      "revenue": 247780000,
      "gross_profit": 56017000,
      "operating_income": -1729000,
      "net_income": -22873000,
      "opex": 57746000,
      "cogs": 162322000,
      "rd": null,
      "sga": 57746000,
      "fcf": 25000,
      "ocf": 7026000,
      "capex": -7001000,
      "gross_margin": 0.22607555089192025,
      "op_margin": -0.006977964323189927,
      "fcf_margin": 0.00010089595609007991,
      "incr_op_margin_yoy": 2.265294698715838,
      "rev_growth_yoy": 0.13968998666114715,
      "rev_growth_yoy_accel": 0.08781304786940426,
      "fcf_margin_change": 0.04116511102782709
    },
    {
      "date": "2022-12-31T00:00:00",
      "quarter_label": "2022-12 (Q4)",
      "revenue": 122587000,
      "gross_profit": 52350000,
      "operating_income": -4873000,
      "net_income": 146966000,
      "opex": 57223000,
      "cogs": 158941000,
      "rd": null,
      "sga": 57223000,
      "fcf": -15258000,
      "ocf": -11570000,
      "capex": -3688000,
      "gross_margin": 0.42704365063179617,
      "op_margin": -0.03975136025842871,
      "fcf_margin": -0.12446670527870003,
      "incr_op_margin_yoy": -0.2007519912927324,
      "rev_growth_yoy": -0.45188507145028883,
      "rev_growth_yoy_accel": -0.591575058111436,
      "fcf_margin_change": -0.12456760123479012
    },
    {
      "date": "2023-03-31T00:00:00",
      "quarter_label": "2023-03 (Q1)",
      "revenue": 202277000,
      "gross_profit": 47002000,
      "operating_income": -7746000,
      "net_income": -24711000,
      "opex": 54748000,
      "cogs": 155275000,
      "rd": null,
      "sga": 54748000,
      "fcf": -20455000,
      "ocf": -17763000,
      "capex": -2692000,
      "gross_margin": 0.23236452982790926,
      "op_margin": -0.03829402255323146,
      "fcf_margin": -0.10112370660035495,
      "incr_op_margin_yoy": -0.5188661881097,
      "rev_growth_yoy": -0.0745690286216236,
      "rev_growth_yoy_accel": 0.37731604282866527,
      "op_leverage_ratio": Infinity,
      "fcf_margin_change": 0.023342998678345078
    },
    {
      "date": "2023-06-30T00:00:00",
      "quarter_label": "2023-06 (Q2)",
      "revenue": 239492000,
      "gross_profit": 60916000,
      "operating_income": 4596000,
      "net_income": -15753000,
      "opex": 56320000,
      "cogs": 178576000,
      "rd": null,
      "sga": 56320000,
      "fcf": -8235000,
      "ocf": -5854000,
      "capex": -2381000,
      "gross_margin": 0.25435505152572946,
      "op_margin": 0.019190620145975647,
      "fcf_margin": -0.03438528218061564,
      "incr_op_margin_yoy": -0.6265183045952604,
      "rev_growth_yoy": -0.046854914134479536,
      "rev_growth_yoy_accel": 0.02771411448714406,
      "op_leverage_ratio": 6.407479660855058,
      "fcf_margin_change": 0.06673842441973932
    },
    {
      "date": "2023-09-30T00:00:00",
      "quarter_label": "2023-09 (Q3)",
      "revenue": 206715000,
      "gross_profit": 52787000,
      "operating_income": -1258000,
      "net_income": -12134000,
      "opex": 54045000,
      "cogs": 153928000,
      "rd": null,
      "sga": 54045000,
      "fcf": -812000,
      "ocf": 1548000,
      "capex": -2360000,
      "gross_margin": 0.2553612461601722,
      "op_margin": -0.006085673511839973,
      "fcf_margin": -0.003928113586338679,
      "incr_op_margin_yoy": -0.01146962133203458,
      "rev_growth_yoy": -0.16573169747356525,
      "rev_growth_yoy_accel": -0.11887678333908572,
      "fcf_margin_change": 0.030457168594276957
    },
    {
      "date": "2023-12-31T00:00:00",
      "quarter_label": "2023-12 (Q4)",
      "revenue": 214131000,
      "gross_profit": 50449000,
      "operating_income": -8868000,
      "net_income": -23124000,
      "opex": 59317000,
      "cogs": 163682000,
      "rd": null,
      "sga": 59317000,
      "fcf": 8086000,
      "ocf": 11083000,
      "capex": -2997000,
      "gross_margin": 0.2355987689778687,
      "op_margin": -0.04141390083640388,
      "fcf_margin": 0.037761930780690324,
      "incr_op_margin_yoy": -0.04364021672638294,
      "rev_growth_yoy": 0.7467676017848548,
      "rev_growth_yoy_accel": 0.91249929925842,
      "op_leverage_ratio": 0.3677713118906757,
      "fcf_margin_change": 0.041690044367029
    },
    {
      "date": "2024-03-31T00:00:00",
      "quarter_label": "2024-03 (Q1)",
      "revenue": 199600000,
      "gross_profit": 48731000,
      "operating_income": -6386000,
      "net_income": -17195000,
      "opex": 55117000,
      "cogs": 150869000,
      "rd": null,
      "sga": 55117000,
      "fcf": -1130000,
      "ocf": 1886000,
      "capex": -3016000,
      "gross_margin": 0.2441432865731463,
      "op_margin": -0.031993987975951904,
      "fcf_margin": -0.005661322645290581,
      "incr_op_margin_yoy": -0.5080313784086664,
      "rev_growth_yoy": -0.01323432718499879,
      "rev_growth_yoy_accel": -0.7600019289698536,
      "fcf_margin_change": -0.043423253425980905
    },
    {
      "date": "2024-06-30T00:00:00",
      "quarter_label": "2024-06 (Q2)",
      "revenue": 228618000,
      "gross_profit": 63554000,
      "operating_income": 11159000,
      "net_income": -2763000,
      "opex": 52395000,
      "cogs": 165064000,
      "rd": null,
      "sga": 52395000,
      "fcf": -9095000,
      "ocf": -6352000,
      "capex": -2743000,
      "gross_margin": 0.2779921091077693,
      "op_margin": 0.04881067982398586,
      "fcf_margin": -0.039782519311690245,
      "incr_op_margin_yoy": -0.6035497517013059,
      "rev_growth_yoy": -0.04540443939672306,
      "rev_growth_yoy_accel": -0.03217011221172427,
      "op_leverage_ratio": Infinity,
      "fcf_margin_change": -0.034121196666399664
    },
    {
      "date": "2024-09-30T00:00:00",
      "quarter_label": "2024-09 (Q3)",
      "revenue": 210758000,
      "gross_profit": 53524000,
      "operating_income": 3158000,
      "net_income": -11126000,
      "opex": 50366000,
      "cogs": 157234000,
      "rd": null,
      "sga": 50366000,
      "fcf": 3914000,
      "ocf": 5609000,
      "capex": -1695000,
      "gross_margin": 0.2539595175509352,
      "op_margin": 0.014984010096888375,
      "fcf_margin": 0.018571062545668492,
      "incr_op_margin_yoy": 1.0922582240910215,
      "rev_growth_yoy": 0.019558329100452312,
      "rev_growth_yoy_accel": 0.06496276849717537,
      "fcf_margin_change": 0.05835358185735874
    },
    {
      "date": "2024-12-31T00:00:00",
      "quarter_label": "2024-12 (Q4)",
      "revenue": 213296000,
      "gross_profit": 57341000,
      "operating_income": 2205000,
      "net_income": -7182000,
      "opex": 55136000,
      "cogs": 155955000,
      "rd": null,
      "sga": 55136000,
      "fcf": 19613000,
      "ocf": 21624000,
      "capex": -2011000,
      "gross_margin": 0.2688329832720726,
      "op_margin": 0.010337746605655989,
      "fcf_margin": 0.0919520291050934,
      "rev_growth_yoy": -0.0038994820927376233,
      "rev_growth_yoy_accel": -0.023457811193189935,
      "op_leverage_ratio": 0.12715300585290792,
      "fcf_margin_change": 0.0733809665594249
    },
    {
      "date": "2025-03-31T00:00:00",
      "quarter_label": "2025-03 (Q1)",
      "revenue": 198655000,
      "gross_profit": 47266000,
      "operating_income": -6003000,
      "net_income": -29718000,
      "opex": 53269000,
      "cogs": 151389000,
      "rd": null,
      "sga": 53269000,
      "fcf": -30067000,
      "ocf": -28661000,
      "capex": -1406000,
      "gross_margin": 0.23793007978656464,
      "op_margin": -0.030218217512773402,
      "fcf_margin": -0.1513528479021419,
      "rev_growth_yoy": -0.004734468937875751,
      "rev_growth_yoy_accel": -0.0008349868451381281,
      "fcf_margin_change": -0.2433048770072353
    },
    {
      "date": "2025-06-30T00:00:00",
      "quarter_label": "2025-06 (Q2)",
      "revenue": 248026000,
      "gross_profit": 68089000,
      "operating_income": 12103000,
      "net_income": -4266000,
      "opex": 55986000,
      "cogs": 179937000,
      "rd": null,
      "sga": 55986000,
      "fcf": -6254000,
      "ocf": -3344000,
      "capex": -2910000,
      "gross_margin": 0.2745236386507866,
      "op_margin": 0.04879730350850314,
      "fcf_margin": -0.02521509841710143,
      "incr_op_margin_yoy": 0.048639736191261336,
      "rev_growth_yoy": 0.08489270311174098,
      "rev_growth_yoy_accel": 0.08962717204961673,
      "op_leverage_ratio": 4.872561496490842,
      "fcf_margin_change": 0.12613774948504047
    },
    {
      "date": "2025-09-30T00:00:00",
      "quarter_label": "2025-09 (Q3)",
      "revenue": 224976000,
      "gross_profit": 58044000,
      "operating_income": 1342000,
      "net_income": -11447000,
      "opex": 56702000,
      "cogs": 166932000,
      "rd": null,
      "sga": 56702000,
      "fcf": 1044000,
      "ocf": 3883000,
      "capex": -2839000,
      "gross_margin": 0.25800085342436524,
      "op_margin": 0.005965080719721215,
      "fcf_margin": 0.004640494986131854,
      "incr_op_margin_yoy": -0.12772541848361232,
      "rev_growth_yoy": 0.0674612588845975,
      "rev_growth_yoy_accel": -0.017431444227143475,
      "fcf_margin_change": 0.029855593403233287
    }
  ],
  "signals": [
    {
      "quarter": "2025-09 (Q3)",
      "signal": "FCF TURNED POSITIVE",
      "detail": "FCF margin: -2.5% -> +0.5%",
      "severity": "HIGH"
    },
    {
      "quarter": "2025-06 (Q2)",
      "signal": "FCF MARGIN EXPANSION",
      "detail": "FCF margin: -15.1% -> -2.5% (+12.6%)",
      "severity": "MEDIUM"
    },
    {
      "quarter": "2025-06 (Q2)",
      "signal": "OPERATING LEVERAGE",
      "detail": "Rev growth +24.9% vs OpEx growth +5.1% (leverage: 4.9x)",
      "severity": "MEDIUM"
    },
    {
      "quarter": "2025-06 (Q2)",
      "signal": "GROSS MARGIN INFLECTION",
      "detail": "GM: +26.9% -> +23.8% -> +27.5% (reversal +3.7%)",
      "severity": "MEDIUM"
    },
    {
      "quarter": "2025-06 (Q2)",
      "signal": "YoY REVENUE GROWTH ACCELERATION",
      "detail": "YoY growth: +8.5% vs prior quarter YoY: -0.5% (accel: +9.0%)",
      "severity": "MEDIUM"
    },
    {
      "quarter": "2025-06 (Q2)",
      "signal": "OP MARGIN TURNED POSITIVE (QoQ)",
      "detail": "Op margin: -3.0% -> +4.9%",
      "severity": "HIGH"
    },
    {
      "quarter": "2024-12 (Q4)",
      "signal": "FCF MARGIN EXPANSION",
      "detail": "FCF margin: +1.9% -> +9.2% (+7.3%)",
      "severity": "MEDIUM"
    },
    {
      "quarter": "2024-12 (Q4)",
      "signal": "OP MARGIN TURNED POSITIVE (YoY)",
      "detail": "Op margin: -4.1% (year-ago) -> +1.0%",
      "severity": "HIGH"
    },
    {
      "quarter": "2024-09 (Q3)",
      "signal": "FCF TURNED POSITIVE",
      "detail": "FCF margin: -4.0% -> +1.9%",
      "severity": "HIGH"
    },
    {
      "quarter": "2024-09 (Q3)",
      "signal": "YoY REVENUE GROWTH ACCELERATION",
      "detail": "YoY growth: +2.0% vs prior quarter YoY: -4.5% (accel: +6.5%)",
      "severity": "MEDIUM"
    },
    {
      "quarter": "2024-09 (Q3)",
      "signal": "OP MARGIN TURNED POSITIVE (YoY)",
      "detail": "Op margin: -0.6% (year-ago) -> +1.5%",
      "severity": "HIGH"
    },
    {
      "quarter": "2024-06 (Q2)",
      "signal": "OP MARGIN TURNED POSITIVE (QoQ)",
      "detail": "Op margin: -3.2% -> +4.9%",
      "severity": "HIGH"
    },
    {
      "quarter": "2024-03 (Q1)",
      "signal": "YoY REVENUE GROWTH DECELERATION",
      "detail": "YoY growth: -1.3% vs prior quarter YoY: +74.7% (decel: -76.0%)",
      "severity": "WARNING"
    },
    {
      "quarter": "2023-12 (Q4)",
      "signal": "FCF TURNED POSITIVE",
      "detail": "FCF margin: -0.4% -> +3.8%",
      "severity": "HIGH"
    },
    {
      "quarter": "2023-12 (Q4)",
      "signal": "YoY REVENUE GROWTH ACCELERATION",
      "detail": "YoY growth: +74.7% vs prior quarter YoY: -16.6% (accel: +91.2%)",
      "severity": "HIGH"
    },
    {
      "quarter": "2023-09 (Q3)",
      "signal": "YoY REVENUE GROWTH DECELERATION",
      "detail": "YoY growth: -16.6% vs prior quarter YoY: -4.7% (decel: -11.9%)",
      "severity": "WARNING"
    },
    {
      "quarter": "2023-06 (Q2)",
      "signal": "FCF MARGIN EXPANSION",
      "detail": "FCF margin: -10.1% -> -3.4% (+6.7%)",
      "severity": "MEDIUM"
    },
    {
      "quarter": "2023-06 (Q2)",
      "signal": "OPERATING LEVERAGE",
      "detail": "Rev growth +18.4% vs OpEx growth +2.9% (leverage: 6.4x)",
      "severity": "MEDIUM"
    },
    {
      "quarter": "2023-06 (Q2)",
      "signal": "GROSS MARGIN INFLECTION",
      "detail": "GM: +42.7% -> +23.2% -> +25.4% (reversal +2.2%)",
      "severity": "MEDIUM"
    },
    {
      "quarter": "2023-06 (Q2)",
      "signal": "OP MARGIN TURNED POSITIVE (YoY)",
      "detail": "Op margin: -1.1% (year-ago) -> +1.9%",
      "severity": "HIGH"
    },
    {
      "quarter": "2023-06 (Q2)",
      "signal": "OP MARGIN TURNED POSITIVE (QoQ)",
      "detail": "Op margin: -3.8% -> +1.9%",
      "severity": "HIGH"
    },
    {
      "quarter": "2023-03 (Q1)",
      "signal": "YoY REVENUE GROWTH ACCELERATION",
      "detail": "YoY growth: -7.5% vs prior quarter YoY: -45.2% (accel: +37.7%)",
      "severity": "HIGH"
    },
    {
      "quarter": "2022-12 (Q4)",
      "signal": "GROSS MARGIN INFLECTION",
      "detail": "GM: +27.8% -> +22.6% -> +42.7% (reversal +20.1%)",
      "severity": "HIGH"
    },
    {
      "quarter": "2022-12 (Q4)",
      "signal": "YoY REVENUE GROWTH DECELERATION",
      "detail": "YoY growth: -45.2% vs prior quarter YoY: +14.0% (decel: -59.2%)",
      "severity": "WARNING"
    },
    {
      "quarter": "2022-09 (Q3)",
      "signal": "FCF TURNED POSITIVE",
      "detail": "FCF margin: -4.1% -> +0.0%",
      "severity": "HIGH"
    },
    {
      "quarter": "2022-09 (Q3)",
      "signal": "YoY REVENUE GROWTH ACCELERATION",
      "detail": "YoY growth: +14.0% vs prior quarter YoY: +5.2% (accel: +8.8%)",
      "severity": "MEDIUM"
    },
    {
      "quarter": "2022-06 (Q2)",
      "signal": "FCF MARGIN EXPANSION",
      "detail": "FCF margin: -26.1% -> -4.1% (+22.0%)",
      "severity": "MEDIUM"
    },
    {
      "quarter": "2022-06 (Q2)",
      "signal": "OPERATING LEVERAGE",
      "detail": "Rev growth +15.0% vs OpEx growth +2.0% (leverage: 7.4x)",
      "severity": "MEDIUM"
    },
    {
      "quarter": "2022-06 (Q2)",
      "signal": "YoY REVENUE GROWTH DECELERATION",
      "detail": "YoY growth: +5.2% vs prior quarter YoY: +12.3% (decel: -7.1%)",
      "severity": "WARNING"
    },
    {
      "quarter": "2021-09 (Q3)",
      "signal": "FCF MARGIN EXPANSION",
      "detail": "FCF margin: -9.8% -> -1.9% (+7.9%)",
      "severity": "MEDIUM"
    },
    {
      "quarter": "2021-06 (Q2)",
      "signal": "OPERATING LEVERAGE",
      "detail": "Rev growth +22.7% vs OpEx growth +1.1% (leverage: 20.4x)",
      "severity": "MEDIUM"
    },
    {
      "quarter": "2021-06 (Q2)",
      "signal": "GROSS MARGIN INFLECTION",
      "detail": "GM: +29.0% -> +22.5% -> +26.3% (reversal +3.8%)",
      "severity": "MEDIUM"
    }
  ],
  "data_quality": {
    "n_quarters": 20,
    "coverage": {
      "revenue": [
        20,
        20
      ],
      "gross_profit": [
        20,
        20
      ],
      "op_income": [
        20,
        20
      ],
      "fcf": [
        20,
        20
      ]
    },
    "gaps": [],
    "warnings": []
  },
  "market_cap": null,
  "source": "SEC EDGAR",
  "last_updated": "2026-02-02T23:33:39.598613"
}