{
  "ticker": "TITN",
  "name": "TITAN MACHINERY INC.",
  "quarters": [
    {
      "date": "2021-01-31T00:00:00",
      "quarter_label": "2021-01 (Q1)",
      "revenue": 436677000,
      "gross_profit": 67712000,
      "operating_income": 6781000,
      "net_income": 782000,
      "opex": 60522000,
      "cogs": 368965000,
      "rd": null,
      "sga": null,
      "fcf": 112182000,
      "ocf": 112182000,
      "capex": null,
      "gross_margin": 0.15506197944934128,
      "op_margin": 0.015528640161950366,
      "fcf_margin": 0.256899264215885
    },
    {
      "date": "2021-04-30T00:00:00",
      "quarter_label": "2021-04 (Q2)",
      "revenue": 372706000,
      "gross_profit": 70978000,
      "operating_income": 14536000,
      "net_income": 10547000,
      "opex": 56442000,
      "cogs": 301728000,
      "rd": null,
      "sga": null,
      "fcf": 26956000,
      "ocf": 26956000,
      "capex": null,
      "gross_margin": 0.1904396494824339,
      "op_margin": 0.039001250315261894,
      "fcf_margin": 0.0723251034327325,
      "fcf_margin_change": -0.18457416078315247
    },
    {
      "date": "2021-07-31T00:00:00",
      "quarter_label": "2021-07 (Q3)",
      "revenue": 377630000,
      "gross_profit": 75018000,
      "operating_income": 16446000,
      "net_income": 11249000,
      "opex": 57074000,
      "cogs": 302612000,
      "rd": null,
      "sga": null,
      "fcf": 1605000,
      "ocf": 1605000,
      "capex": null,
      "gross_margin": 0.1986547678944999,
      "op_margin": 0.04355056536821757,
      "fcf_margin": 0.00425019198686545,
      "op_leverage_ratio": 1.1798776542708147,
      "fcf_margin_change": -0.06807491144586705
    },
    {
      "date": "2021-10-31T00:00:00",
      "quarter_label": "2021-10 (Q4)",
      "revenue": 453975000,
      "gross_profit": 92480000,
      "operating_income": 29537000,
      "net_income": 21816000,
      "opex": 62943000,
      "cogs": 361495000,
      "rd": null,
      "sga": null,
      "fcf": 43714000,
      "ocf": 43714000,
      "capex": null,
      "gross_margin": 0.20371165813095435,
      "op_margin": 0.06506305413293684,
      "fcf_margin": 0.09629164601574977,
      "op_leverage_ratio": 1.9660217234817288,
      "fcf_margin_change": 0.09204145402888432
    },
    {
      "date": "2022-01-31T00:00:00",
      "quarter_label": "2022-01 (Q1)",
      "revenue": 507595000,
      "gross_profit": 94249000,
      "operating_income": 29665000,
      "net_income": 22435000,
      "opex": 64584000,
      "cogs": 413346000,
      "rd": null,
      "sga": null,
      "fcf": 86641000,
      "ocf": 86641000,
      "capex": null,
      "gross_margin": 0.18567755789556634,
      "op_margin": 0.0584422620396182,
      "fcf_margin": 0.17068923058737773,
      "incr_op_margin_yoy": 0.32268253475845343,
      "rev_growth_yoy": 0.1624037904446536,
      "op_leverage_ratio": 4.53037059498702,
      "fcf_margin_change": 0.07439758457162796
    },
    {
      "date": "2022-04-30T00:00:00",
      "quarter_label": "2022-04 (Q2)",
      "revenue": 461007000,
      "gross_profit": 88694000,
      "operating_income": 24542000,
      "net_income": 17540000,
      "opex": 64152000,
      "cogs": 372313000,
      "rd": null,
      "sga": null,
      "fcf": 5321000,
      "ocf": 5321000,
      "capex": null,
      "gross_margin": 0.192391872574603,
      "op_margin": 0.05323563416607557,
      "fcf_margin": 0.011542124089222073,
      "incr_op_margin_yoy": 0.11331694997791644,
      "rev_growth_yoy": 0.23691864364941803,
      "rev_growth_yoy_accel": 0.07451485320476442,
      "fcf_margin_change": -0.15914710649815567
    },
    {
      "date": "2022-07-31T00:00:00",
      "quarter_label": "2022-07 (Q3)",
      "revenue": 496543000,
      "gross_profit": 102699000,
      "operating_income": 33871000,
      "net_income": 24959000,
      "opex": 68828000,
      "cogs": 393844000,
      "rd": null,
      "sga": null,
      "fcf": -26274000,
      "ocf": -26274000,
      "capex": null,
      "gross_margin": 0.2068280088532111,
      "op_margin": 0.06821362903112117,
      "fcf_margin": -0.05291384633355017,
      "incr_op_margin_yoy": 0.14653570257246895,
      "rev_growth_yoy": 0.3148928845695522,
      "rev_growth_yoy_accel": 0.07797424092013419,
      "op_leverage_ratio": 1.0575397964254556,
      "fcf_margin_change": -0.06445597042277224
    },
    {
      "date": "2022-10-31T00:00:00",
      "quarter_label": "2022-10 (Q4)",
      "revenue": 668773000,
      "gross_profit": 139580000,
      "operating_income": 54719000,
      "net_income": 41257000,
      "opex": 84861000,
      "cogs": 529193000,
      "rd": null,
      "sga": null,
      "fcf": 13819000,
      "ocf": 13819000,
      "capex": null,
      "gross_margin": 0.20871057892588368,
      "op_margin": 0.08181998974240885,
      "fcf_margin": 0.020663214573554852,
      "incr_op_margin_yoy": 0.11723572845184778,
      "rev_growth_yoy": 0.47314940250013765,
      "rev_growth_yoy_accel": 0.15825651793058543,
      "op_leverage_ratio": 1.489026048572229,
      "fcf_margin_change": 0.07357706090710502
    },
    {
      "date": "2023-01-31T00:00:00",
      "quarter_label": "2023-01 (Q1)",
      "revenue": 582983000,
      "gross_profit": 108866000,
      "operating_income": 25191000,
      "net_income": 18112000,
      "opex": 83675000,
      "cogs": 474117000,
      "rd": null,
      "sga": null,
      "fcf": 17950000,
      "ocf": 17950000,
      "capex": null,
      "gross_margin": 0.18673957902717575,
      "op_margin": 0.04321052243375879,
      "fcf_margin": 0.030789920117739282,
      "incr_op_margin_yoy": -0.05934631506340532,
      "rev_growth_yoy": 0.14851998148129908,
      "rev_growth_yoy_accel": -0.32462942101883857,
      "fcf_margin_change": 0.01012670554418443
    },
    {
      "date": "2023-04-30T00:00:00",
      "quarter_label": "2023-04 (Q2)",
      "revenue": 569631000,
      "gross_profit": 118580000,
      "operating_income": 37265000,
      "net_income": 26965000,
      "opex": 81315000,
      "cogs": 451051000,
      "rd": null,
      "sga": null,
      "fcf": -77704000,
      "ocf": -77704000,
      "capex": null,
      "gross_margin": 0.20816985030660198,
      "op_margin": 0.06541954352905653,
      "fcf_margin": -0.13641111526584754,
      "incr_op_margin_yoy": 0.11712881131241715,
      "rev_growth_yoy": 0.23562332025327165,
      "rev_growth_yoy_accel": 0.08710333877197257,
      "fcf_margin_change": -0.16720103538358683
    },
    {
      "date": "2023-07-31T00:00:00",
      "quarter_label": "2023-07 (Q3)",
      "revenue": 642568000,
      "gross_profit": 133399000,
      "operating_income": 44648000,
      "net_income": 31321000,
      "opex": 88751000,
      "cogs": 509169000,
      "rd": null,
      "sga": null,
      "fcf": -44991000,
      "ocf": -44991000,
      "capex": null,
      "gross_margin": 0.20760293074040412,
      "op_margin": 0.06948369666712317,
      "fcf_margin": -0.07001749231209771,
      "incr_op_margin_yoy": 0.07380243109056668,
      "rev_growth_yoy": 0.2940832918800587,
      "rev_growth_yoy_accel": 0.058459971626787066,
      "op_leverage_ratio": 1.4001854660346735,
      "fcf_margin_change": 0.06639362295374983
    },
    {
      "date": "2023-10-31T00:00:00",
      "quarter_label": "2023-10 (Q4)",
      "revenue": 694115000,
      "gross_profit": 138341000,
      "operating_income": 46226000,
      "net_income": 30193000,
      "opex": 92115000,
      "cogs": 555774000,
      "rd": null,
      "sga": null,
      "fcf": 40634000,
      "ocf": 40634000,
      "capex": null,
      "gross_margin": 0.19930559057216743,
      "op_margin": 0.06659703363275538,
      "fcf_margin": 0.05854073172312945,
      "incr_op_margin_yoy": -0.3351353484334307,
      "rev_growth_yoy": 0.03789327619386548,
      "rev_growth_yoy_accel": -0.25619001568619326,
      "op_leverage_ratio": 2.1164185965444156,
      "fcf_margin_change": 0.12855822403522715
    },
    {
      "date": "2024-01-31T00:00:00",
      "quarter_label": "2024-01 (Q1)",
      "revenue": 852133000,
      "gross_profit": 141036000,
      "operating_income": 40709000,
      "net_income": 23962000,
      "opex": 100327000,
      "cogs": 711097000,
      "rd": null,
      "sga": null,
      "fcf": 49781000,
      "ocf": 49781000,
      "capex": null,
      "gross_margin": 0.16550937471028584,
      "op_margin": 0.04777305890042986,
      "fcf_margin": 0.05841928431359893,
      "incr_op_margin_yoy": 0.05765558238900242,
      "rev_growth_yoy": 0.46167727017768956,
      "rev_growth_yoy_accel": 0.42378399398382405,
      "op_leverage_ratio": 2.553621620853874,
      "fcf_margin_change": -0.00012144740953051736
    },
    {
      "date": "2024-04-30T00:00:00",
      "quarter_label": "2024-04 (Q2)",
      "revenue": 628703000,
      "gross_profit": 121755000,
      "operating_income": 22597000,
      "net_income": 9441000,
      "opex": 99158000,
      "cogs": 506948000,
      "rd": null,
      "sga": null,
      "fcf": -32354000,
      "ocf": -32354000,
      "capex": null,
      "gross_margin": 0.19366059967902174,
      "op_margin": 0.03594224936098603,
      "fcf_margin": -0.05146150089947082,
      "incr_op_margin_yoy": -0.24830715059588299,
      "rev_growth_yoy": 0.10370222126253663,
      "rev_growth_yoy_accel": -0.3579750489151529,
      "fcf_margin_change": -0.10988078521306975
    },
    {
      "date": "2024-07-31T00:00:00",
      "quarter_label": "2024-07 (Q3)",
      "revenue": 633674000,
      "gross_profit": 112379000,
      "operating_income": 15750000,
      "net_income": -4304000,
      "opex": 95156000,
      "cogs": 521295000,
      "rd": null,
      "sga": null,
      "fcf": -15013000,
      "ocf": -15013000,
      "capex": null,
      "gross_margin": 0.1773451333019818,
      "op_margin": 0.02485505165116448,
      "fcf_margin": -0.023691993043741734,
      "incr_op_margin_yoy": 3.2491567348774453,
      "rev_growth_yoy": -0.01384133663674506,
      "rev_growth_yoy_accel": -0.11754355789928168,
      "fcf_margin_change": 0.027769507855729084
    },
    {
      "date": "2024-10-31T00:00:00",
      "quarter_label": "2024-10 (Q4)",
      "revenue": 679824000,
      "gross_profit": 110494000,
      "operating_income": 11457000,
      "net_income": 1713000,
      "opex": 98773000,
      "cogs": 569330000,
      "rd": null,
      "sga": null,
      "fcf": -8828000,
      "ocf": -8828000,
      "capex": null,
      "gross_margin": 0.16253324389842078,
      "op_margin": 0.016852891336581233,
      "fcf_margin": -0.01298571394949281,
      "incr_op_margin_yoy": 2.432929815968092,
      "rev_growth_yoy": -0.020588807330197446,
      "rev_growth_yoy_accel": -0.006747470693452386,
      "op_leverage_ratio": 1.9159910942678138,
      "fcf_margin_change": 0.010706279094248924
    },
    {
      "date": "2025-01-31T00:00:00",
      "quarter_label": "2025-01 (Q1)",
      "revenue": 759922000,
      "gross_profit": 51004000,
      "operating_income": -45794000,
      "net_income": -43761000,
      "opex": 96693000,
      "cogs": 708918000,
      "rd": null,
      "sga": null,
      "fcf": 126486000,
      "ocf": 126486000,
      "capex": null,
      "gross_margin": 0.06711741468203315,
      "op_margin": -0.060261447885440876,
      "fcf_margin": 0.16644602998728816,
      "incr_op_margin_yoy": 0.9380984915031829,
      "rev_growth_yoy": -0.10821198099357729,
      "rev_growth_yoy_accel": -0.08762317366337985,
      "op_leverage_ratio": Infinity,
      "fcf_margin_change": 0.17943174393678096
    },
    {
      "date": "2025-04-30T00:00:00",
      "quarter_label": "2025-04 (Q2)",
      "revenue": 594336000,
      "gross_profit": 90935000,
      "operating_income": -5735000,
      "net_income": -13204000,
      "opex": 96404000,
      "cogs": 503401000,
      "rd": null,
      "sga": null,
      "fcf": 6195000,
      "ocf": 6195000,
      "capex": null,
      "gross_margin": 0.15300267861950143,
      "op_margin": -0.0096494238949012,
      "fcf_margin": 0.010423396866418995,
      "incr_op_margin_yoy": 0.8243954956789944,
      "rev_growth_yoy": -0.05466333069827884,
      "rev_growth_yoy_accel": 0.05354865029529845,
      "fcf_margin_change": -0.15602263312086917
    },
    {
      "date": "2025-07-31T00:00:00",
      "quarter_label": "2025-07 (Q3)",
      "revenue": 546426000,
      "gross_profit": 93646000,
      "operating_income": 662000,
      "net_income": -6000000,
      "opex": 92661000,
      "cogs": 452780000,
      "rd": null,
      "sga": null,
      "fcf": 43699000,
      "ocf": 43699000,
      "capex": null,
      "gross_margin": 0.17137910714351073,
      "op_margin": 0.0012115089691925349,
      "fcf_margin": 0.07997240248450842,
      "incr_op_margin_yoy": 0.17293233082706766,
      "rev_growth_yoy": -0.13768593945782848,
      "rev_growth_yoy_accel": -0.08302260875954964,
      "fcf_margin_change": 0.06954900561808942
    },
    {
      "date": "2025-10-31T00:00:00",
      "quarter_label": "2025-10 (Q4)",
      "revenue": 644510000,
      "gross_profit": 111016000,
      "operating_income": 10304000,
      "net_income": 1198000,
      "opex": 100474000,
      "cogs": 533494000,
      "rd": null,
      "sga": null,
      "fcf": 33990000,
      "ocf": 33990000,
      "capex": null,
      "gross_margin": 0.1722486850475555,
      "op_margin": 0.01598733921894152,
      "fcf_margin": 0.05273773874726537,
      "incr_op_margin_yoy": 0.03264994053349946,
      "rev_growth_yoy": -0.051945797735884584,
      "rev_growth_yoy_accel": 0.08574014172194389,
      "op_leverage_ratio": 2.1288544585007196,
      "fcf_margin_change": -0.02723466373724305
    }
  ],
  "signals": [
    {
      "quarter": "2025-10 (Q4)",
      "signal": "OPERATING LEVERAGE",
      "detail": "Rev growth +18.0% vs OpEx growth +8.4% (leverage: 2.1x)",
      "severity": "MEDIUM"
    },
    {
      "quarter": "2025-10 (Q4)",
      "signal": "YoY REVENUE GROWTH ACCELERATION",
      "detail": "YoY growth: -5.2% vs prior quarter YoY: -13.8% (accel: +8.6%)",
      "severity": "MEDIUM"
    },
    {
      "quarter": "2025-07 (Q3)",
      "signal": "FCF MARGIN EXPANSION",
      "detail": "FCF margin: +1.0% -> +8.0% (+7.0%)",
      "severity": "MEDIUM"
    },
    {
      "quarter": "2025-07 (Q3)",
      "signal": "YoY REVENUE GROWTH DECELERATION",
      "detail": "YoY growth: -13.8% vs prior quarter YoY: -5.5% (decel: -8.3%)",
      "severity": "WARNING"
    },
    {
      "quarter": "2025-07 (Q3)",
      "signal": "INCREMENTAL MARGIN (YoY)",
      "detail": "YoY Incr OPM: +17.3% vs year-ago OPM: +2.5%",
      "severity": "MEDIUM"
    },
    {
      "quarter": "2025-07 (Q3)",
      "signal": "OP MARGIN TURNED POSITIVE (QoQ)",
      "detail": "Op margin: -1.0% -> +0.1%",
      "severity": "HIGH"
    },
    {
      "quarter": "2025-04 (Q2)",
      "signal": "GROSS MARGIN INFLECTION",
      "detail": "GM: +16.3% -> +6.7% -> +15.3% (reversal +8.6%)",
      "severity": "HIGH"
    },
    {
      "quarter": "2025-04 (Q2)",
      "signal": "YoY REVENUE GROWTH ACCELERATION",
      "detail": "YoY growth: -5.5% vs prior quarter YoY: -10.8% (accel: +5.4%)",
      "severity": "MEDIUM"
    },
    {
      "quarter": "2025-01 (Q1)",
      "signal": "FCF TURNED POSITIVE",
      "detail": "FCF margin: -1.3% -> +16.6%",
      "severity": "HIGH"
    },
    {
      "quarter": "2025-01 (Q1)",
      "signal": "YoY REVENUE GROWTH DECELERATION",
      "detail": "YoY growth: -10.8% vs prior quarter YoY: -2.1% (decel: -8.8%)",
      "severity": "WARNING"
    },
    {
      "quarter": "2024-10 (Q4)",
      "signal": "OPERATING LEVERAGE",
      "detail": "Rev growth +7.3% vs OpEx growth +3.8% (leverage: 1.9x)",
      "severity": "MEDIUM"
    },
    {
      "quarter": "2024-10 (Q4)",
      "signal": "INCREMENTAL MARGIN (YoY)",
      "detail": "YoY Incr OPM: +243.3% vs year-ago OPM: +6.7%",
      "severity": "HIGH"
    },
    {
      "quarter": "2024-07 (Q3)",
      "signal": "YoY REVENUE GROWTH DECELERATION",
      "detail": "YoY growth: -1.4% vs prior quarter YoY: +10.4% (decel: -11.8%)",
      "severity": "WARNING"
    },
    {
      "quarter": "2024-07 (Q3)",
      "signal": "INCREMENTAL MARGIN (YoY)",
      "detail": "YoY Incr OPM: +324.9% vs year-ago OPM: +6.9%",
      "severity": "HIGH"
    },
    {
      "quarter": "2024-04 (Q2)",
      "signal": "GROSS MARGIN INFLECTION",
      "detail": "GM: +19.9% -> +16.6% -> +19.4% (reversal +2.8%)",
      "severity": "MEDIUM"
    },
    {
      "quarter": "2024-04 (Q2)",
      "signal": "YoY REVENUE GROWTH DECELERATION",
      "detail": "YoY growth: +10.4% vs prior quarter YoY: +46.2% (decel: -35.8%)",
      "severity": "WARNING"
    },
    {
      "quarter": "2024-01 (Q1)",
      "signal": "OPERATING LEVERAGE",
      "detail": "Rev growth +22.8% vs OpEx growth +8.9% (leverage: 2.6x)",
      "severity": "MEDIUM"
    },
    {
      "quarter": "2024-01 (Q1)",
      "signal": "YoY REVENUE GROWTH ACCELERATION",
      "detail": "YoY growth: +46.2% vs prior quarter YoY: +3.8% (accel: +42.4%)",
      "severity": "HIGH"
    },
    {
      "quarter": "2023-10 (Q4)",
      "signal": "FCF TURNED POSITIVE",
      "detail": "FCF margin: -7.0% -> +5.9%",
      "severity": "HIGH"
    },
    {
      "quarter": "2023-10 (Q4)",
      "signal": "OPERATING LEVERAGE",
      "detail": "Rev growth +8.0% vs OpEx growth +3.8% (leverage: 2.1x)",
      "severity": "MEDIUM"
    },
    {
      "quarter": "2023-10 (Q4)",
      "signal": "YoY REVENUE GROWTH DECELERATION",
      "detail": "YoY growth: +3.8% vs prior quarter YoY: +29.4% (decel: -25.6%)",
      "severity": "WARNING"
    },
    {
      "quarter": "2023-07 (Q3)",
      "signal": "FCF MARGIN EXPANSION",
      "detail": "FCF margin: -13.6% -> -7.0% (+6.6%)",
      "severity": "MEDIUM"
    },
    {
      "quarter": "2023-07 (Q3)",
      "signal": "YoY REVENUE GROWTH ACCELERATION",
      "detail": "YoY growth: +29.4% vs prior quarter YoY: +23.6% (accel: +5.8%)",
      "severity": "MEDIUM"
    },
    {
      "quarter": "2023-04 (Q2)",
      "signal": "GROSS MARGIN INFLECTION",
      "detail": "GM: +20.9% -> +18.7% -> +20.8% (reversal +2.1%)",
      "severity": "MEDIUM"
    },
    {
      "quarter": "2023-04 (Q2)",
      "signal": "YoY REVENUE GROWTH ACCELERATION",
      "detail": "YoY growth: +23.6% vs prior quarter YoY: +14.9% (accel: +8.7%)",
      "severity": "MEDIUM"
    },
    {
      "quarter": "2023-01 (Q1)",
      "signal": "YoY REVENUE GROWTH DECELERATION",
      "detail": "YoY growth: +14.9% vs prior quarter YoY: +47.3% (decel: -32.5%)",
      "severity": "WARNING"
    },
    {
      "quarter": "2022-10 (Q4)",
      "signal": "FCF TURNED POSITIVE",
      "detail": "FCF margin: -5.3% -> +2.1%",
      "severity": "HIGH"
    },
    {
      "quarter": "2022-10 (Q4)",
      "signal": "YoY REVENUE GROWTH ACCELERATION",
      "detail": "YoY growth: +47.3% vs prior quarter YoY: +31.5% (accel: +15.8%)",
      "severity": "HIGH"
    },
    {
      "quarter": "2022-07 (Q3)",
      "signal": "YoY REVENUE GROWTH ACCELERATION",
      "detail": "YoY growth: +31.5% vs prior quarter YoY: +23.7% (accel: +7.8%)",
      "severity": "MEDIUM"
    },
    {
      "quarter": "2022-07 (Q3)",
      "signal": "INCREMENTAL MARGIN (YoY)",
      "detail": "YoY Incr OPM: +14.7% vs year-ago OPM: +4.4%",
      "severity": "MEDIUM"
    },
    {
      "quarter": "2022-04 (Q2)",
      "signal": "YoY REVENUE GROWTH ACCELERATION",
      "detail": "YoY growth: +23.7% vs prior quarter YoY: +16.2% (accel: +7.5%)",
      "severity": "MEDIUM"
    },
    {
      "quarter": "2022-01 (Q1)",
      "signal": "FCF MARGIN EXPANSION",
      "detail": "FCF margin: +9.6% -> +17.1% (+7.4%)",
      "severity": "MEDIUM"
    },
    {
      "quarter": "2022-01 (Q1)",
      "signal": "OPERATING LEVERAGE",
      "detail": "Rev growth +11.8% vs OpEx growth +2.6% (leverage: 4.5x)",
      "severity": "MEDIUM"
    },
    {
      "quarter": "2022-01 (Q1)",
      "signal": "INCREMENTAL MARGIN (YoY)",
      "detail": "YoY Incr OPM: +32.3% vs year-ago OPM: +1.6%",
      "severity": "HIGH"
    },
    {
      "quarter": "2021-10 (Q4)",
      "signal": "FCF MARGIN EXPANSION",
      "detail": "FCF margin: +0.4% -> +9.6% (+9.2%)",
      "severity": "MEDIUM"
    },
    {
      "quarter": "2021-10 (Q4)",
      "signal": "OPERATING LEVERAGE",
      "detail": "Rev growth +20.2% vs OpEx growth +10.3% (leverage: 2.0x)",
      "severity": "MEDIUM"
    }
  ],
  "data_quality": {
    "n_quarters": 20,
    "coverage": {
      "revenue": [
        20,
        20
      ],
      "gross_profit": [
        20,
        20
      ],
      "op_income": [
        20,
        20
      ],
      "fcf": [
        20,
        20
      ]
    },
    "gaps": [],
    "warnings": []
  },
  "market_cap": null,
  "source": "SEC EDGAR",
  "last_updated": "2026-02-02T22:36:31.232280"
}