{
  "ticker": "TKNO",
  "name": "ALPHA TEKNOVA, INC.",
  "quarters": [
    {
      "date": "2020-12-31T00:00:00",
      "quarter_label": "2020-12 (Q4)",
      "revenue": 10157000,
      "gross_profit": 5569000,
      "operating_income": 795000,
      "net_income": 577000,
      "opex": 4774000,
      "cogs": 4588000,
      "rd": 482000,
      "sga": null,
      "fcf": -1063000,
      "ocf": 2434000,
      "capex": -3497000,
      "gross_margin": 0.5482918184503298,
      "op_margin": 0.07827114305405139,
      "fcf_margin": -0.10465688687604607
    },
    {
      "date": "2021-03-31T00:00:00",
      "quarter_label": "2021-03 (Q1)",
      "revenue": 9078000,
      "gross_profit": 5025000,
      "operating_income": -828000,
      "net_income": -655000,
      "opex": 5853000,
      "cogs": 4053000,
      "rd": 700000,
      "sga": null,
      "fcf": -1483000,
      "ocf": 2401000,
      "capex": -3884000,
      "gross_margin": 0.5535360211500331,
      "op_margin": -0.09120951751487112,
      "fcf_margin": -0.1633619740030844,
      "fcf_margin_change": -0.05870508712703831
    },
    {
      "date": "2021-06-30T00:00:00",
      "quarter_label": "2021-06 (Q2)",
      "revenue": 8313000,
      "gross_profit": 3354000,
      "operating_income": -2526000,
      "net_income": -2250000,
      "opex": 5880000,
      "cogs": 4959000,
      "rd": 851000,
      "sga": null,
      "fcf": -8225000,
      "ocf": -3551000,
      "capex": -4674000,
      "gross_margin": 0.40346445326596897,
      "op_margin": -0.3038614218693612,
      "fcf_margin": -0.989414170576206,
      "fcf_margin_change": -0.8260521965731216
    },
    {
      "date": "2021-09-30T00:00:00",
      "quarter_label": "2021-09 (Q3)",
      "revenue": 9392000,
      "gross_profit": 4263000,
      "operating_income": -3888000,
      "net_income": -3251000,
      "opex": 8151000,
      "cogs": 5129000,
      "rd": 1372000,
      "sga": null,
      "fcf": -8744000,
      "ocf": -4837000,
      "capex": -3907000,
      "gross_margin": 0.453896933560477,
      "op_margin": -0.41396933560477,
      "fcf_margin": -0.9310051107325383,
      "op_leverage_ratio": 0.336065442215333,
      "fcf_margin_change": 0.05840905984366762
    },
    {
      "date": "2021-12-31T00:00:00",
      "quarter_label": "2021-12 (Q4)",
      "revenue": 10110000,
      "gross_profit": 4979000,
      "operating_income": -4767000,
      "net_income": -3647000,
      "opex": 9746000,
      "cogs": 5131000,
      "rd": 1390000,
      "sga": null,
      "fcf": -10494000,
      "ocf": -3082000,
      "capex": -7412000,
      "gross_margin": 0.49248269040553905,
      "op_margin": -0.471513353115727,
      "fcf_margin": -1.0379821958456974,
      "rev_growth_yoy": -0.004627350595648321,
      "op_leverage_ratio": 0.3906758503201551,
      "fcf_margin_change": -0.10697708511315906
    },
    {
      "date": "2022-03-31T00:00:00",
      "quarter_label": "2022-03 (Q1)",
      "revenue": 11147000,
      "gross_profit": 5349000,
      "operating_income": -5843000,
      "net_income": -5497000,
      "opex": 11192000,
      "cogs": 5798000,
      "rd": 2013000,
      "sga": null,
      "fcf": -11118000,
      "ocf": -5201000,
      "capex": -5917000,
      "gross_margin": 0.4798600520319368,
      "op_margin": -0.5241769085852696,
      "fcf_margin": -0.9973984031578003,
      "incr_op_margin_yoy": -2.4238762687288546,
      "rev_growth_yoy": 0.22791363736505837,
      "rev_growth_yoy_accel": 0.23254098796070669,
      "op_leverage_ratio": 0.6913304959415996,
      "fcf_margin_change": 0.040583792687897136
    },
    {
      "date": "2022-06-30T00:00:00",
      "quarter_label": "2022-06 (Q2)",
      "revenue": 11690000,
      "gross_profit": 5247000,
      "operating_income": -6626000,
      "net_income": -6203000,
      "opex": 11873000,
      "cogs": 6443000,
      "rd": 1929000,
      "sga": null,
      "fcf": -16758000,
      "ocf": -5838000,
      "capex": -10920000,
      "gross_margin": 0.44884516680923864,
      "op_margin": -0.5668092386655261,
      "fcf_margin": -1.4335329341317364,
      "incr_op_margin_yoy": -1.2140953509031684,
      "rev_growth_yoy": 0.40623120413809694,
      "rev_growth_yoy_accel": 0.17831756677303856,
      "op_leverage_ratio": 0.8005757263071117,
      "fcf_margin_change": -0.4361345309739362
    },
    {
      "date": "2022-09-30T00:00:00",
      "quarter_label": "2022-09 (Q3)",
      "revenue": 10692000,
      "gross_profit": 4770000,
      "operating_income": -22954000,
      "net_income": -22474000,
      "opex": 27724000,
      "cogs": 5922000,
      "rd": 1925000,
      "sga": null,
      "fcf": -14914000,
      "ocf": -8332000,
      "capex": -6582000,
      "gross_margin": 0.44612794612794615,
      "op_margin": -2.146838757949869,
      "fcf_margin": -1.3948746726524504,
      "incr_op_margin_yoy": -14.666153846153847,
      "rev_growth_yoy": 0.13841567291311754,
      "rev_growth_yoy_accel": -0.26781553122497936,
      "fcf_margin_change": 0.03865826147928608
    },
    {
      "date": "2022-12-31T00:00:00",
      "quarter_label": "2022-12 (Q4)",
      "revenue": 7891000,
      "gross_profit": 2110000,
      "operating_income": -14236000,
      "net_income": -13294000,
      "opex": 16346000,
      "cogs": 5781000,
      "rd": 1870000,
      "sga": null,
      "fcf": -12759000,
      "ocf": -8029000,
      "capex": -4730000,
      "gross_margin": 0.26739323279685717,
      "op_margin": -1.804080598149791,
      "fcf_margin": -1.6169053351919909,
      "incr_op_margin_yoy": 4.267237494366832,
      "rev_growth_yoy": -0.2194856577645895,
      "rev_growth_yoy_accel": -0.357901330677707,
      "fcf_margin_change": -0.2220306625395405
    },
    {
      "date": "2023-03-31T00:00:00",
      "quarter_label": "2023-03 (Q1)",
      "revenue": 9121000,
      "gross_profit": 2423000,
      "operating_income": -8946000,
      "net_income": -8817000,
      "opex": 11369000,
      "cogs": 6698000,
      "rd": 1395000,
      "sga": null,
      "fcf": -11996000,
      "ocf": -7684000,
      "capex": -4312000,
      "gross_margin": 0.26565069619559256,
      "op_margin": -0.9808135072908672,
      "fcf_margin": -1.3152066659357526,
      "incr_op_margin_yoy": 1.531589338598223,
      "rev_growth_yoy": -0.18175293801022696,
      "rev_growth_yoy_accel": 0.03773271975436254,
      "op_leverage_ratio": Infinity,
      "fcf_margin_change": 0.3016986692562382
    },
    {
      "date": "2023-06-30T00:00:00",
      "quarter_label": "2023-06 (Q2)",
      "revenue": 11527000,
      "gross_profit": 5066000,
      "operating_income": -6997000,
      "net_income": -7154000,
      "opex": 12063000,
      "cogs": 6461000,
      "rd": 1464000,
      "sga": null,
      "fcf": -6194000,
      "ocf": -3856000,
      "capex": -2338000,
      "gross_margin": 0.4394898932940054,
      "op_margin": -0.6070096295653683,
      "fcf_margin": -0.5373470981174634,
      "rev_growth_yoy": -0.013943541488451668,
      "rev_growth_yoy_accel": 0.1678093965217753,
      "op_leverage_ratio": 4.321315379810407,
      "fcf_margin_change": 0.7778595678182892
    },
    {
      "date": "2023-09-30T00:00:00",
      "quarter_label": "2023-09 (Q3)",
      "revenue": 8169000,
      "gross_profit": 1472000,
      "operating_income": -8762000,
      "net_income": -10153000,
      "opex": 10234000,
      "cogs": 6697000,
      "rd": 1397000,
      "sga": null,
      "fcf": -5354000,
      "ocf": -4382000,
      "capex": -972000,
      "gross_margin": 0.18019341412657608,
      "op_margin": -1.0725915044681111,
      "fcf_margin": -0.6554045782837556,
      "incr_op_margin_yoy": -5.625049544193421,
      "rev_growth_yoy": -0.23597081930415265,
      "rev_growth_yoy_accel": -0.22202727781570097,
      "fcf_margin_change": -0.11805748016629225
    },
    {
      "date": "2023-12-31T00:00:00",
      "quarter_label": "2023-12 (Q4)",
      "revenue": 7867000,
      "gross_profit": 1335000,
      "operating_income": -10858000,
      "net_income": -10656000,
      "opex": 12193000,
      "cogs": 6532000,
      "rd": 1311000,
      "sga": null,
      "fcf": -3204000,
      "ocf": -2892000,
      "capex": -312000,
      "gross_margin": 0.1696961993135884,
      "op_margin": -1.3801957544171857,
      "fcf_margin": -0.40727087835261216,
      "rev_growth_yoy": -0.0030414396147509823,
      "rev_growth_yoy_accel": 0.23292937968940167,
      "fcf_margin_change": 0.24813369993114348
    },
    {
      "date": "2024-03-31T00:00:00",
      "quarter_label": "2024-03 (Q1)",
      "revenue": 9290000,
      "gross_profit": 2209000,
      "operating_income": -7986000,
      "net_income": -8097000,
      "opex": 10195000,
      "cogs": 7081000,
      "rd": 860000,
      "sga": null,
      "fcf": -6670000,
      "ocf": -6558000,
      "capex": -112000,
      "gross_margin": 0.23778256189451022,
      "op_margin": -0.8596340150699677,
      "fcf_margin": -0.7179763186221744,
      "rev_growth_yoy": 0.018528670101962505,
      "rev_growth_yoy_accel": 0.021570109716713488,
      "op_leverage_ratio": Infinity,
      "fcf_margin_change": -0.3107054402695622
    },
    {
      "date": "2024-06-30T00:00:00",
      "quarter_label": "2024-06 (Q2)",
      "revenue": 9614000,
      "gross_profit": 2804000,
      "operating_income": -5100000,
      "net_income": -5364000,
      "opex": 7904000,
      "cogs": 6810000,
      "rd": 678000,
      "sga": null,
      "fcf": -2953000,
      "ocf": -2838000,
      "capex": -115000,
      "gross_margin": 0.29165799875182025,
      "op_margin": -0.5304763885999584,
      "fcf_margin": -0.3071562304971916,
      "incr_op_margin_yoy": -0.9916361735493988,
      "rev_growth_yoy": -0.165958185130563,
      "rev_growth_yoy_accel": -0.1844868552325255,
      "op_leverage_ratio": Infinity,
      "fcf_margin_change": 0.4108200881249828
    },
    {
      "date": "2024-09-30T00:00:00",
      "quarter_label": "2024-09 (Q3)",
      "revenue": 9576000,
      "gross_profit": 90000,
      "operating_income": -7432000,
      "net_income": -7565000,
      "opex": 7522000,
      "cogs": 9486000,
      "rd": 627000,
      "sga": null,
      "fcf": -2390000,
      "ocf": -2059000,
      "capex": -331000,
      "gross_margin": 0.009398496240601503,
      "op_margin": -0.7761069340016709,
      "fcf_margin": -0.24958228905597327,
      "incr_op_margin_yoy": 0.945273631840796,
      "rev_growth_yoy": 0.17223650385604114,
      "rev_growth_yoy_accel": 0.33819468898660415,
      "fcf_margin_change": 0.05757394144121833
    },
    {
      "date": "2024-12-31T00:00:00",
      "quarter_label": "2024-12 (Q4)",
      "revenue": 9265000,
      "gross_profit": 2128000,
      "operating_income": -5628000,
      "net_income": -5719000,
      "opex": 7756000,
      "cogs": 7137000,
      "rd": 594000,
      "sga": null,
      "fcf": -1503000,
      "ocf": -936000,
      "capex": -567000,
      "gross_margin": 0.22968159740960603,
      "op_margin": -0.6074473826227739,
      "fcf_margin": -0.1622234214786832,
      "incr_op_margin_yoy": 3.7410586552217455,
      "rev_growth_yoy": 0.17770433456209483,
      "rev_growth_yoy_accel": 0.005467830706053695,
      "fcf_margin_change": 0.08735886757729006
    },
    {
      "date": "2025-03-31T00:00:00",
      "quarter_label": "2025-03 (Q1)",
      "revenue": 9795000,
      "gross_profit": 3007000,
      "operating_income": -4964000,
      "net_income": -4645000,
      "opex": 7971000,
      "cogs": 6788000,
      "rd": 552000,
      "sga": null,
      "fcf": -4309000,
      "ocf": -4103000,
      "capex": -206000,
      "gross_margin": 0.3069933639612047,
      "op_margin": -0.5067891781521184,
      "fcf_margin": -0.4399183256763655,
      "rev_growth_yoy": 0.05435952637244349,
      "rev_growth_yoy_accel": -0.12334480818965135,
      "op_leverage_ratio": 2.06362027635889,
      "fcf_margin_change": -0.2776949041976823
    },
    {
      "date": "2025-06-30T00:00:00",
      "quarter_label": "2025-06 (Q2)",
      "revenue": 10287000,
      "gross_profit": 3984000,
      "operating_income": -3386000,
      "net_income": -3570000,
      "opex": 7370000,
      "cogs": 6303000,
      "rd": 581000,
      "sga": null,
      "fcf": -2308000,
      "ocf": -2101000,
      "capex": -207000,
      "gross_margin": 0.3872849227179936,
      "op_margin": -0.3291533002819092,
      "fcf_margin": -0.22436084378341598,
      "rev_growth_yoy": 0.07000208029956313,
      "rev_growth_yoy_accel": 0.01564255392711964,
      "op_leverage_ratio": Infinity,
      "fcf_margin_change": 0.21555748189294954
    },
    {
      "date": "2025-09-30T00:00:00",
      "quarter_label": "2025-09 (Q3)",
      "revenue": 10454000,
      "gross_profit": 3206000,
      "operating_income": -4017000,
      "net_income": -4286000,
      "opex": 7223000,
      "cogs": 7248000,
      "rd": 542000,
      "sga": null,
      "fcf": -2367000,
      "ocf": -1980000,
      "capex": -387000,
      "gross_margin": 0.30667687009757033,
      "op_margin": -0.3842548306868184,
      "fcf_margin": -0.2264205088961163,
      "rev_growth_yoy": 0.091687552213868,
      "rev_growth_yoy_accel": 0.021685471914304866,
      "op_leverage_ratio": Infinity,
      "fcf_margin_change": -0.0020596651127003374
    }
  ],
  "signals": [
    {
      "quarter": "2025-06 (Q2)",
      "signal": "FCF MARGIN EXPANSION",
      "detail": "FCF margin: -44.0% -> -22.4% (+21.6%)",
      "severity": "MEDIUM"
    },
    {
      "quarter": "2025-03 (Q1)",
      "signal": "OPERATING LEVERAGE",
      "detail": "Rev growth +5.7% vs OpEx growth +2.8% (leverage: 2.1x)",
      "severity": "MEDIUM"
    },
    {
      "quarter": "2025-03 (Q1)",
      "signal": "YoY REVENUE GROWTH DECELERATION",
      "detail": "YoY growth: +5.4% vs prior quarter YoY: +17.8% (decel: -12.3%)",
      "severity": "WARNING"
    },
    {
      "quarter": "2024-12 (Q4)",
      "signal": "FCF MARGIN EXPANSION",
      "detail": "FCF margin: -25.0% -> -16.2% (+8.7%)",
      "severity": "MEDIUM"
    },
    {
      "quarter": "2024-12 (Q4)",
      "signal": "GROSS MARGIN INFLECTION",
      "detail": "GM: +29.2% -> +0.9% -> +23.0% (reversal +22.0%)",
      "severity": "HIGH"
    },
    {
      "quarter": "2024-09 (Q3)",
      "signal": "FCF MARGIN EXPANSION",
      "detail": "FCF margin: -30.7% -> -25.0% (+5.8%)",
      "severity": "MEDIUM"
    },
    {
      "quarter": "2024-09 (Q3)",
      "signal": "YoY REVENUE GROWTH ACCELERATION",
      "detail": "YoY growth: +17.2% vs prior quarter YoY: -16.6% (accel: +33.8%)",
      "severity": "HIGH"
    },
    {
      "quarter": "2024-06 (Q2)",
      "signal": "FCF MARGIN EXPANSION",
      "detail": "FCF margin: -71.8% -> -30.7% (+41.1%)",
      "severity": "MEDIUM"
    },
    {
      "quarter": "2024-06 (Q2)",
      "signal": "YoY REVENUE GROWTH DECELERATION",
      "detail": "YoY growth: -16.6% vs prior quarter YoY: +1.9% (decel: -18.4%)",
      "severity": "WARNING"
    },
    {
      "quarter": "2024-03 (Q1)",
      "signal": "GROSS MARGIN INFLECTION",
      "detail": "GM: +18.0% -> +17.0% -> +23.8% (reversal +6.8%)",
      "severity": "HIGH"
    },
    {
      "quarter": "2023-12 (Q4)",
      "signal": "FCF MARGIN EXPANSION",
      "detail": "FCF margin: -65.5% -> -40.7% (+24.8%)",
      "severity": "MEDIUM"
    },
    {
      "quarter": "2023-12 (Q4)",
      "signal": "YoY REVENUE GROWTH ACCELERATION",
      "detail": "YoY growth: -0.3% vs prior quarter YoY: -23.6% (accel: +23.3%)",
      "severity": "HIGH"
    },
    {
      "quarter": "2023-09 (Q3)",
      "signal": "YoY REVENUE GROWTH DECELERATION",
      "detail": "YoY growth: -23.6% vs prior quarter YoY: -1.4% (decel: -22.2%)",
      "severity": "WARNING"
    },
    {
      "quarter": "2023-06 (Q2)",
      "signal": "FCF MARGIN EXPANSION",
      "detail": "FCF margin: -131.5% -> -53.7% (+77.8%)",
      "severity": "MEDIUM"
    },
    {
      "quarter": "2023-06 (Q2)",
      "signal": "OPERATING LEVERAGE",
      "detail": "Rev growth +26.4% vs OpEx growth +6.1% (leverage: 4.3x)",
      "severity": "MEDIUM"
    },
    {
      "quarter": "2023-06 (Q2)",
      "signal": "GROSS MARGIN INFLECTION",
      "detail": "GM: +26.7% -> +26.6% -> +43.9% (reversal +17.4%)",
      "severity": "HIGH"
    },
    {
      "quarter": "2023-06 (Q2)",
      "signal": "YoY REVENUE GROWTH ACCELERATION",
      "detail": "YoY growth: -1.4% vs prior quarter YoY: -18.2% (accel: +16.8%)",
      "severity": "HIGH"
    },
    {
      "quarter": "2023-03 (Q1)",
      "signal": "FCF MARGIN EXPANSION",
      "detail": "FCF margin: -161.7% -> -131.5% (+30.2%)",
      "severity": "MEDIUM"
    },
    {
      "quarter": "2022-12 (Q4)",
      "signal": "YoY REVENUE GROWTH DECELERATION",
      "detail": "YoY growth: -21.9% vs prior quarter YoY: +13.8% (decel: -35.8%)",
      "severity": "WARNING"
    },
    {
      "quarter": "2022-09 (Q3)",
      "signal": "YoY REVENUE GROWTH DECELERATION",
      "detail": "YoY growth: +13.8% vs prior quarter YoY: +40.6% (decel: -26.8%)",
      "severity": "WARNING"
    },
    {
      "quarter": "2022-06 (Q2)",
      "signal": "YoY REVENUE GROWTH ACCELERATION",
      "detail": "YoY growth: +40.6% vs prior quarter YoY: +22.8% (accel: +17.8%)",
      "severity": "HIGH"
    },
    {
      "quarter": "2022-03 (Q1)",
      "signal": "YoY REVENUE GROWTH ACCELERATION",
      "detail": "YoY growth: +22.8% vs prior quarter YoY: -0.5% (accel: +23.3%)",
      "severity": "HIGH"
    },
    {
      "quarter": "2021-09 (Q3)",
      "signal": "FCF MARGIN EXPANSION",
      "detail": "FCF margin: -98.9% -> -93.1% (+5.8%)",
      "severity": "MEDIUM"
    },
    {
      "quarter": "2021-09 (Q3)",
      "signal": "GROSS MARGIN INFLECTION",
      "detail": "GM: +55.4% -> +40.3% -> +45.4% (reversal +5.0%)",
      "severity": "HIGH"
    }
  ],
  "data_quality": {
    "n_quarters": 20,
    "coverage": {
      "revenue": [
        20,
        20
      ],
      "gross_profit": [
        20,
        20
      ],
      "op_income": [
        20,
        20
      ],
      "fcf": [
        20,
        20
      ]
    },
    "gaps": [],
    "warnings": []
  },
  "market_cap": null,
  "source": "SEC EDGAR",
  "last_updated": "2026-02-02T23:06:19.192006"
}