{
  "ticker": "TKR",
  "name": "TIMKEN CO",
  "quarters": [
    {
      "date": "2020-12-31T00:00:00",
      "quarter_label": "2020-12 (Q4)",
      "revenue": 891700000,
      "gross_profit": 237000000,
      "operating_income": 98800000,
      "net_income": 53100000,
      "opex": 138200000,
      "cogs": 654700000,
      "rd": null,
      "sga": 135700000,
      "fcf": 120400000,
      "ocf": 120400000,
      "capex": null,
      "gross_margin": 0.26578445665582595,
      "op_margin": 0.1107995962767747,
      "fcf_margin": 0.13502298979477403
    },
    {
      "date": "2021-03-31T00:00:00",
      "quarter_label": "2021-03 (Q1)",
      "revenue": 1025400000,
      "gross_profit": 299200000,
      "operating_income": 150700000,
      "net_income": 113300000,
      "opex": 148500000,
      "cogs": 726200000,
      "rd": null,
      "sga": 144500000,
      "fcf": 31700000,
      "ocf": 31700000,
      "capex": null,
      "gross_margin": 0.2917885703140238,
      "op_margin": 0.14696703725375462,
      "fcf_margin": 0.030914764969767895,
      "op_leverage_ratio": 2.0117937701630244,
      "fcf_margin_change": -0.10410822482500615
    },
    {
      "date": "2021-06-30T00:00:00",
      "quarter_label": "2021-06 (Q2)",
      "revenue": 1062900000,
      "gross_profit": 302300000,
      "operating_income": 152000000,
      "net_income": 104800000,
      "opex": 150300000,
      "cogs": 760600000,
      "rd": null,
      "sga": 149000000,
      "fcf": 147100000,
      "ocf": 147100000,
      "capex": null,
      "gross_margin": 0.2844105748424123,
      "op_margin": 0.14300498635807696,
      "fcf_margin": 0.13839495719258632,
      "op_leverage_ratio": 3.017115272088941,
      "fcf_margin_change": 0.10748019222281843
    },
    {
      "date": "2021-09-30T00:00:00",
      "quarter_label": "2021-09 (Q3)",
      "revenue": 1037300000,
      "gross_profit": 267900000,
      "operating_income": 124300000,
      "net_income": 88100000,
      "opex": 143600000,
      "cogs": 769400000,
      "rd": null,
      "sga": 140700000,
      "fcf": 105800000,
      "ocf": 105800000,
      "capex": null,
      "gross_margin": 0.2582666538127832,
      "op_margin": 0.11983032873807,
      "fcf_margin": 0.10199556541019955,
      "fcf_margin_change": -0.03639939178238677
    },
    {
      "date": "2021-12-31T00:00:00",
      "quarter_label": "2021-12 (Q4)",
      "revenue": 1007300000,
      "gross_profit": 233100000,
      "operating_income": 86100000,
      "net_income": 62900000,
      "opex": 147000000,
      "cogs": 774200000,
      "rd": null,
      "sga": 146300000,
      "fcf": 102700000,
      "ocf": 102700000,
      "capex": null,
      "gross_margin": 0.231410701876303,
      "op_margin": 0.08547602501737317,
      "fcf_margin": 0.10195572322049042,
      "incr_op_margin_yoy": -0.10986159169550173,
      "rev_growth_yoy": 0.12964001345744083,
      "fcf_margin_change": -3.9842189709135556e-05
    },
    {
      "date": "2022-03-31T00:00:00",
      "quarter_label": "2022-03 (Q1)",
      "revenue": 1124600000,
      "gross_profit": 327400000,
      "operating_income": 172300000,
      "net_income": 118200000,
      "opex": 155100000,
      "cogs": 797200000,
      "rd": null,
      "sga": 154100000,
      "fcf": -1200000,
      "ocf": -1200000,
      "capex": null,
      "gross_margin": 0.2911257335941668,
      "op_margin": 0.15321003023297172,
      "fcf_margin": -0.0010670460608216254,
      "incr_op_margin_yoy": 0.21774193548387097,
      "rev_growth_yoy": 0.09674273454261752,
      "rev_growth_yoy_accel": -0.032897278914823316,
      "op_leverage_ratio": 2.113350320438576,
      "fcf_margin_change": -0.10302276928131204
    },
    {
      "date": "2022-06-30T00:00:00",
      "quarter_label": "2022-06 (Q2)",
      "revenue": 1153700000,
      "gross_profit": 341800000,
      "operating_income": 175900000,
      "net_income": 105000000,
      "opex": 165900000,
      "cogs": 811900000,
      "rd": null,
      "sga": 155900000,
      "fcf": 78300000,
      "ocf": 78300000,
      "capex": null,
      "gross_margin": 0.2962641934645055,
      "op_margin": 0.1524659790240097,
      "fcf_margin": 0.06786859668891393,
      "incr_op_margin_yoy": 0.263215859030837,
      "rev_growth_yoy": 0.08542666290337755,
      "rev_growth_yoy_accel": -0.011316071639239964,
      "op_leverage_ratio": 0.3716062007232201,
      "fcf_margin_change": 0.06893564274973556
    },
    {
      "date": "2022-09-30T00:00:00",
      "quarter_label": "2022-09 (Q3)",
      "revenue": 1136400000,
      "gross_profit": 322800000,
      "operating_income": 131700000,
      "net_income": 87000000,
      "opex": 191100000,
      "cogs": 813600000,
      "rd": null,
      "sga": 159800000,
      "fcf": 145200000,
      "ocf": 145200000,
      "capex": null,
      "gross_margin": 0.2840549102428722,
      "op_margin": 0.1158922914466737,
      "fcf_margin": 0.12777191129883844,
      "incr_op_margin_yoy": 0.07467204843592332,
      "rev_growth_yoy": 0.09553648896172756,
      "rev_growth_yoy_accel": 0.010109826058350008,
      "fcf_margin_change": 0.05990331460992451
    },
    {
      "date": "2022-12-31T00:00:00",
      "quarter_label": "2022-12 (Q4)",
      "revenue": 1082000000,
      "gross_profit": 296100000,
      "operating_income": 127000000,
      "net_income": 97200000,
      "opex": 169100000,
      "cogs": 774200000,
      "rd": null,
      "sga": 167300000,
      "fcf": 241500000,
      "ocf": 241500000,
      "capex": null,
      "gross_margin": 0.27365988909426986,
      "op_margin": 0.11737523105360444,
      "fcf_margin": 0.2231977818853974,
      "incr_op_margin_yoy": 0.5475234270414994,
      "rev_growth_yoy": 0.0741586419140276,
      "rev_growth_yoy_accel": -0.02137784704769996,
      "fcf_margin_change": 0.09542587058655896
    },
    {
      "date": "2023-03-31T00:00:00",
      "quarter_label": "2023-03 (Q1)",
      "revenue": 1262800000,
      "gross_profit": 416800000,
      "operating_income": 187600000,
      "net_income": 122300000,
      "opex": 229200000,
      "cogs": 846000000,
      "rd": null,
      "sga": 186800000,
      "fcf": 78600000,
      "ocf": 78600000,
      "capex": null,
      "gross_margin": 0.3300601837187203,
      "op_margin": 0.14855875831485588,
      "fcf_margin": 0.06224263541336712,
      "incr_op_margin_yoy": 0.11070911722141824,
      "rev_growth_yoy": 0.12288813800462386,
      "rev_growth_yoy_accel": 0.048729496090596264,
      "op_leverage_ratio": 0.4701541792637655,
      "fcf_margin_change": -0.1609551464720303
    },
    {
      "date": "2023-06-30T00:00:00",
      "quarter_label": "2023-06 (Q2)",
      "revenue": 1272300000,
      "gross_profit": 405400000,
      "operating_income": 200700000,
      "net_income": 125200000,
      "opex": 204700000,
      "cogs": 866900000,
      "rd": null,
      "sga": 184900000,
      "fcf": 144000000,
      "ocf": 144000000,
      "capex": null,
      "gross_margin": 0.3186355419319343,
      "op_margin": 0.15774581466635226,
      "fcf_margin": 0.11318085357227069,
      "incr_op_margin_yoy": 0.209106239460371,
      "rev_growth_yoy": 0.10279968796047499,
      "rev_growth_yoy_accel": -0.020088450044148873,
      "fcf_margin_change": 0.050938218158903564
    },
    {
      "date": "2023-09-30T00:00:00",
      "quarter_label": "2023-09 (Q3)",
      "revenue": 1142700000,
      "gross_profit": 355600000,
      "operating_income": 149600000,
      "net_income": 87900000,
      "opex": 206000000,
      "cogs": 787100000,
      "rd": null,
      "sga": 179600000,
      "fcf": 194300000,
      "ocf": 194300000,
      "capex": null,
      "gross_margin": 0.3111927890084887,
      "op_margin": 0.13091800122516847,
      "fcf_margin": 0.17003587993349087,
      "incr_op_margin_yoy": 2.8412698412698414,
      "rev_growth_yoy": 0.0055438225976768745,
      "rev_growth_yoy_accel": -0.09725586536279812,
      "fcf_margin_change": 0.05685502636122018
    },
    {
      "date": "2023-12-31T00:00:00",
      "quarter_label": "2023-12 (Q4)",
      "revenue": 1091200000,
      "gross_profit": 331300000,
      "operating_income": 119200000,
      "net_income": 58700000,
      "opex": 212100000,
      "cogs": 759900000,
      "rd": null,
      "sga": 189500000,
      "fcf": 128300000,
      "ocf": 128300000,
      "capex": null,
      "gross_margin": 0.3036107038123167,
      "op_margin": 0.1092375366568915,
      "fcf_margin": 0.11757697947214077,
      "incr_op_margin_yoy": -0.8478260869565217,
      "rev_growth_yoy": 0.008502772643253234,
      "rev_growth_yoy_accel": 0.0029589500455763596,
      "fcf_margin_change": -0.0524589004613501
    },
    {
      "date": "2024-03-31T00:00:00",
      "quarter_label": "2024-03 (Q1)",
      "revenue": 1190300000,
      "gross_profit": 397600000,
      "operating_income": 184600000,
      "net_income": 103500000,
      "opex": 213000000,
      "cogs": 792700000,
      "rd": null,
      "sga": 190700000,
      "fcf": 49300000,
      "ocf": 49300000,
      "capex": null,
      "gross_margin": 0.3340334369486684,
      "op_margin": 0.1550869528690246,
      "fcf_margin": 0.041418129883222715,
      "incr_op_margin_yoy": 0.041379310344827586,
      "rev_growth_yoy": -0.057412100095026924,
      "rev_growth_yoy_accel": -0.06591487273828016,
      "op_leverage_ratio": 21.4026454056696,
      "fcf_margin_change": -0.07615884958891805
    },
    {
      "date": "2024-06-30T00:00:00",
      "quarter_label": "2024-06 (Q2)",
      "revenue": 1182300000,
      "gross_profit": 373600000,
      "operating_income": 167200000,
      "net_income": 96200000,
      "opex": 206400000,
      "cogs": 808700000,
      "rd": null,
      "sga": 184100000,
      "fcf": 124600000,
      "ocf": 124600000,
      "capex": null,
      "gross_margin": 0.315994248498689,
      "op_margin": 0.14141926752939185,
      "fcf_margin": 0.1053878034339846,
      "incr_op_margin_yoy": 0.37222222222222223,
      "rev_growth_yoy": -0.07073803348266919,
      "rev_growth_yoy_accel": -0.013325933387642264,
      "fcf_margin_change": 0.06396967355076189
    },
    {
      "date": "2024-09-30T00:00:00",
      "quarter_label": "2024-09 (Q3)",
      "revenue": 1126800000,
      "gross_profit": 344400000,
      "operating_income": 146300000,
      "net_income": 81800000,
      "opex": 198100000,
      "cogs": 782400000,
      "rd": null,
      "sga": 189700000,
      "fcf": 123200000,
      "ocf": 123200000,
      "capex": null,
      "gross_margin": 0.30564430244941426,
      "op_margin": 0.12983670571529995,
      "fcf_margin": 0.10933617323393681,
      "incr_op_margin_yoy": 0.20754716981132076,
      "rev_growth_yoy": -0.013914413231819375,
      "rev_growth_yoy_accel": 0.05682362025084981,
      "fcf_margin_change": 0.003948369799952209
    },
    {
      "date": "2024-12-31T00:00:00",
      "quarter_label": "2024-12 (Q4)",
      "revenue": 1073600000,
      "gross_profit": 325100000,
      "operating_income": 113000000,
      "net_income": 71200000,
      "opex": 212100000,
      "cogs": 748500000,
      "rd": null,
      "sga": 187500000,
      "fcf": 178600000,
      "ocf": 178600000,
      "capex": null,
      "gross_margin": 0.3028129657228018,
      "op_margin": 0.10525335320417288,
      "fcf_margin": 0.16635618479880776,
      "incr_op_margin_yoy": 0.3522727272727273,
      "rev_growth_yoy": -0.016129032258064516,
      "rev_growth_yoy_accel": -0.0022146190262451407,
      "fcf_margin_change": 0.05702001156487095
    },
    {
      "date": "2025-03-31T00:00:00",
      "quarter_label": "2025-03 (Q1)",
      "revenue": 1140300000,
      "gross_profit": 358700000,
      "operating_income": 144000000,
      "net_income": 78300000,
      "opex": 214700000,
      "cogs": 781600000,
      "rd": null,
      "sga": 184800000,
      "fcf": 58600000,
      "ocf": 58600000,
      "capex": null,
      "gross_margin": 0.3145663421906516,
      "op_margin": 0.12628255722178375,
      "fcf_margin": 0.05138998509164255,
      "incr_op_margin_yoy": 0.812,
      "rev_growth_yoy": -0.04200621692010417,
      "rev_growth_yoy_accel": -0.025877184662039657,
      "op_leverage_ratio": 5.068163905766365,
      "fcf_margin_change": -0.1149661997071652
    },
    {
      "date": "2025-06-30T00:00:00",
      "quarter_label": "2025-06 (Q2)",
      "revenue": 1173400000,
      "gross_profit": 360300000,
      "operating_income": 147800000,
      "net_income": 78500000,
      "opex": 212500000,
      "cogs": 813100000,
      "rd": null,
      "sga": 189700000,
      "fcf": 111300000,
      "ocf": 111300000,
      "capex": null,
      "gross_margin": 0.30705641724901994,
      "op_margin": 0.12595875234361684,
      "fcf_margin": 0.09485256519515936,
      "incr_op_margin_yoy": 2.1797752808988764,
      "rev_growth_yoy": -0.007527700245284615,
      "rev_growth_yoy_accel": 0.034478516674819555,
      "op_leverage_ratio": Infinity,
      "fcf_margin_change": 0.043462580103516814
    },
    {
      "date": "2025-09-30T00:00:00",
      "quarter_label": "2025-09 (Q3)",
      "revenue": 1157100000,
      "gross_profit": 349000000,
      "operating_income": 139400000,
      "net_income": 69300000,
      "opex": 209600000,
      "cogs": 808100000,
      "rd": null,
      "sga": 186400000,
      "fcf": 201100000,
      "ocf": 201100000,
      "capex": null,
      "gross_margin": 0.30161610923861376,
      "op_margin": 0.12047359778757238,
      "fcf_margin": 0.17379656036643332,
      "incr_op_margin_yoy": -0.22772277227722773,
      "rev_growth_yoy": 0.02689030883919063,
      "rev_growth_yoy_accel": 0.034418009084475246,
      "fcf_margin_change": 0.07894399517127396
    }
  ],
  "signals": [
    {
      "quarter": "2025-09 (Q3)",
      "signal": "FCF MARGIN EXPANSION",
      "detail": "FCF margin: +9.5% -> +17.4% (+7.9%)",
      "severity": "MEDIUM"
    },
    {
      "quarter": "2025-06 (Q2)",
      "signal": "INCREMENTAL MARGIN (YoY)",
      "detail": "YoY Incr OPM: +218.0% vs year-ago OPM: +14.1%",
      "severity": "HIGH"
    },
    {
      "quarter": "2025-03 (Q1)",
      "signal": "OPERATING LEVERAGE",
      "detail": "Rev growth +6.2% vs OpEx growth +1.2% (leverage: 5.1x)",
      "severity": "MEDIUM"
    },
    {
      "quarter": "2025-03 (Q1)",
      "signal": "INCREMENTAL MARGIN (YoY)",
      "detail": "YoY Incr OPM: +81.2% vs year-ago OPM: +15.5%",
      "severity": "HIGH"
    },
    {
      "quarter": "2024-12 (Q4)",
      "signal": "FCF MARGIN EXPANSION",
      "detail": "FCF margin: +10.9% -> +16.6% (+5.7%)",
      "severity": "MEDIUM"
    },
    {
      "quarter": "2024-12 (Q4)",
      "signal": "INCREMENTAL MARGIN (YoY)",
      "detail": "YoY Incr OPM: +35.2% vs year-ago OPM: +10.9%",
      "severity": "HIGH"
    },
    {
      "quarter": "2024-09 (Q3)",
      "signal": "YoY REVENUE GROWTH ACCELERATION",
      "detail": "YoY growth: -1.4% vs prior quarter YoY: -7.1% (accel: +5.7%)",
      "severity": "MEDIUM"
    },
    {
      "quarter": "2024-06 (Q2)",
      "signal": "FCF MARGIN EXPANSION",
      "detail": "FCF margin: +4.1% -> +10.5% (+6.4%)",
      "severity": "MEDIUM"
    },
    {
      "quarter": "2024-06 (Q2)",
      "signal": "INCREMENTAL MARGIN (YoY)",
      "detail": "YoY Incr OPM: +37.2% vs year-ago OPM: +15.8%",
      "severity": "HIGH"
    },
    {
      "quarter": "2024-03 (Q1)",
      "signal": "OPERATING LEVERAGE",
      "detail": "Rev growth +9.1% vs OpEx growth +0.4% (leverage: 21.4x)",
      "severity": "MEDIUM"
    },
    {
      "quarter": "2024-03 (Q1)",
      "signal": "GROSS MARGIN INFLECTION",
      "detail": "GM: +31.1% -> +30.4% -> +33.4% (reversal +3.0%)",
      "severity": "MEDIUM"
    },
    {
      "quarter": "2024-03 (Q1)",
      "signal": "YoY REVENUE GROWTH DECELERATION",
      "detail": "YoY growth: -5.7% vs prior quarter YoY: +0.9% (decel: -6.6%)",
      "severity": "WARNING"
    },
    {
      "quarter": "2023-09 (Q3)",
      "signal": "FCF MARGIN EXPANSION",
      "detail": "FCF margin: +11.3% -> +17.0% (+5.7%)",
      "severity": "MEDIUM"
    },
    {
      "quarter": "2023-09 (Q3)",
      "signal": "YoY REVENUE GROWTH DECELERATION",
      "detail": "YoY growth: +0.6% vs prior quarter YoY: +10.3% (decel: -9.7%)",
      "severity": "WARNING"
    },
    {
      "quarter": "2023-09 (Q3)",
      "signal": "INCREMENTAL MARGIN (YoY)",
      "detail": "YoY Incr OPM: +284.1% vs year-ago OPM: +11.6%",
      "severity": "HIGH"
    },
    {
      "quarter": "2023-06 (Q2)",
      "signal": "FCF MARGIN EXPANSION",
      "detail": "FCF margin: +6.2% -> +11.3% (+5.1%)",
      "severity": "MEDIUM"
    },
    {
      "quarter": "2023-03 (Q1)",
      "signal": "GROSS MARGIN INFLECTION",
      "detail": "GM: +28.4% -> +27.4% -> +33.0% (reversal +5.6%)",
      "severity": "HIGH"
    },
    {
      "quarter": "2022-12 (Q4)",
      "signal": "FCF MARGIN EXPANSION",
      "detail": "FCF margin: +12.8% -> +22.3% (+9.5%)",
      "severity": "MEDIUM"
    },
    {
      "quarter": "2022-12 (Q4)",
      "signal": "INCREMENTAL MARGIN (YoY)",
      "detail": "YoY Incr OPM: +54.8% vs year-ago OPM: +8.5%",
      "severity": "HIGH"
    },
    {
      "quarter": "2022-09 (Q3)",
      "signal": "FCF MARGIN EXPANSION",
      "detail": "FCF margin: +6.8% -> +12.8% (+6.0%)",
      "severity": "MEDIUM"
    },
    {
      "quarter": "2022-06 (Q2)",
      "signal": "FCF TURNED POSITIVE",
      "detail": "FCF margin: -0.1% -> +6.8%",
      "severity": "HIGH"
    },
    {
      "quarter": "2022-06 (Q2)",
      "signal": "INCREMENTAL MARGIN (YoY)",
      "detail": "YoY Incr OPM: +26.3% vs year-ago OPM: +14.3%",
      "severity": "MEDIUM"
    },
    {
      "quarter": "2022-03 (Q1)",
      "signal": "OPERATING LEVERAGE",
      "detail": "Rev growth +11.6% vs OpEx growth +5.5% (leverage: 2.1x)",
      "severity": "MEDIUM"
    },
    {
      "quarter": "2022-03 (Q1)",
      "signal": "GROSS MARGIN INFLECTION",
      "detail": "GM: +25.8% -> +23.1% -> +29.1% (reversal +6.0%)",
      "severity": "HIGH"
    },
    {
      "quarter": "2021-06 (Q2)",
      "signal": "FCF MARGIN EXPANSION",
      "detail": "FCF margin: +3.1% -> +13.8% (+10.7%)",
      "severity": "MEDIUM"
    },
    {
      "quarter": "2021-06 (Q2)",
      "signal": "OPERATING LEVERAGE",
      "detail": "Rev growth +3.7% vs OpEx growth +1.2% (leverage: 3.0x)",
      "severity": "MEDIUM"
    },
    {
      "quarter": "2021-03 (Q1)",
      "signal": "OPERATING LEVERAGE",
      "detail": "Rev growth +15.0% vs OpEx growth +7.5% (leverage: 2.0x)",
      "severity": "MEDIUM"
    }
  ],
  "data_quality": {
    "n_quarters": 20,
    "coverage": {
      "revenue": [
        20,
        20
      ],
      "gross_profit": [
        20,
        20
      ],
      "op_income": [
        20,
        20
      ],
      "fcf": [
        20,
        20
      ]
    },
    "gaps": [],
    "warnings": []
  },
  "market_cap": null,
  "source": "SEC EDGAR",
  "last_updated": "2026-02-02T20:53:31.113859"
}