{
  "ticker": "TLRY",
  "name": "Tilray Brands, Inc.",
  "quarters": [
    {
      "date": "2021-03-31T00:00:00",
      "quarter_label": "2021-03 (Q1)",
      "revenue": 48021000,
      "gross_profit": 13503000,
      "operating_income": -73310000,
      "net_income": -340955000,
      "opex": 86813000,
      "cogs": 34518000,
      "rd": 1202000,
      "sga": null,
      "fcf": -15474000,
      "ocf": -13008000,
      "capex": -2466000,
      "gross_margin": 0.2811894796026738,
      "op_margin": -1.5266237687678308,
      "fcf_margin": -0.32223402261510586
    },
    {
      "date": "2021-05-31T00:00:00",
      "quarter_label": "2021-05 (Q2)",
      "revenue": 142236000,
      "gross_profit": 22498000,
      "operating_income": -73687000,
      "net_income": 47204000,
      "opex": 96185000,
      "cogs": 119738000,
      "rd": 358000,
      "sga": null,
      "fcf": 8249000,
      "ocf": 8249000,
      "capex": null,
      "gross_margin": 0.1581737394189938,
      "op_margin": -0.5180615315391321,
      "fcf_margin": 0.05799516296858742,
      "op_leverage_ratio": 18.173615577809123,
      "fcf_margin_change": 0.3802291855836933
    },
    {
      "date": "2021-08-31T00:00:00",
      "quarter_label": "2021-08 (Q3)",
      "revenue": 168023000,
      "gross_profit": 50955000,
      "operating_income": -68532000,
      "net_income": -41649000,
      "opex": 119487000,
      "cogs": 117068000,
      "rd": 785000,
      "sga": null,
      "fcf": -93227000,
      "ocf": -93227000,
      "capex": null,
      "gross_margin": 0.3032620534093547,
      "op_margin": -0.4078727317093493,
      "fcf_margin": -0.5548466578980259,
      "op_leverage_ratio": 0.7483511686635136,
      "fcf_margin_change": -0.6128418208666133
    },
    {
      "date": "2021-11-30T00:00:00",
      "quarter_label": "2021-11 (Q4)",
      "revenue": 155153000,
      "gross_profit": 32766000,
      "operating_income": -54684000,
      "net_income": -201000,
      "opex": 87450000,
      "cogs": 122387000,
      "rd": 515000,
      "sga": null,
      "fcf": -17121000,
      "ocf": -17121000,
      "capex": null,
      "gross_margin": 0.21118508826770993,
      "op_margin": -0.3524520956733031,
      "fcf_margin": -0.1103491392367534,
      "fcf_margin_change": 0.4444975186612725
    },
    {
      "date": "2022-02-28T00:00:00",
      "quarter_label": "2022-02 (Q1)",
      "revenue": 151871000,
      "gross_profit": 39829000,
      "operating_income": -19762000,
      "net_income": 43190000,
      "opex": 59591000,
      "cogs": 112042000,
      "rd": 164000,
      "sga": null,
      "fcf": -46390000,
      "ocf": -46390000,
      "capex": null,
      "gross_margin": 0.2622554668106485,
      "op_margin": -0.13012359173245716,
      "fcf_margin": -0.30545660461839325,
      "incr_op_margin_yoy": 0.5156283100625902,
      "rev_growth_yoy": 2.162595531121801,
      "fcf_margin_change": -0.19510746538163987
    },
    {
      "date": "2022-05-31T00:00:00",
      "quarter_label": "2022-05 (Q2)",
      "revenue": 153325000,
      "gross_profit": -6733000,
      "operating_income": -467423000,
      "net_income": -478141000,
      "opex": 460690000,
      "cogs": 160058000,
      "rd": 54000,
      "sga": null,
      "fcf": -20524000,
      "ocf": -20524000,
      "capex": null,
      "gross_margin": -0.04391325615522583,
      "op_margin": -3.0485765530735365,
      "fcf_margin": -0.13385944888309148,
      "incr_op_margin_yoy": -35.50689872846966,
      "rev_growth_yoy": 0.07796197868331506,
      "rev_growth_yoy_accel": -2.084633552438486,
      "fcf_margin_change": 0.17159715573530177
    },
    {
      "date": "2022-08-31T00:00:00",
      "quarter_label": "2022-08 (Q3)",
      "revenue": 153211000,
      "gross_profit": 48614000,
      "operating_income": -21178000,
      "net_income": -73482000,
      "opex": 69792000,
      "cogs": 104597000,
      "rd": 166000,
      "sga": null,
      "fcf": -46269000,
      "ocf": -46269000,
      "capex": null,
      "gross_margin": 0.3173009770838908,
      "op_margin": -0.13822767294776483,
      "fcf_margin": -0.301995287544628,
      "incr_op_margin_yoy": -3.197002430461788,
      "rev_growth_yoy": -0.08815459788243277,
      "rev_growth_yoy_accel": -0.16611657656574783,
      "fcf_margin_change": -0.16813583866153653
    },
    {
      "date": "2022-11-30T00:00:00",
      "quarter_label": "2022-11 (Q4)",
      "revenue": 144136000,
      "gross_profit": 40124000,
      "operating_income": -51791000,
      "net_income": -69463000,
      "opex": 91915000,
      "cogs": 104012000,
      "rd": 165000,
      "sga": null,
      "fcf": 29209000,
      "ocf": 29209000,
      "capex": null,
      "gross_margin": 0.2783759782427707,
      "op_margin": -0.35932036410057167,
      "fcf_margin": 0.20264888716212465,
      "incr_op_margin_yoy": -0.26259417264228013,
      "rev_growth_yoy": -0.07100732825017886,
      "rev_growth_yoy_accel": 0.01714726963225391,
      "fcf_margin_change": 0.5046441747067527
    },
    {
      "date": "2023-02-28T00:00:00",
      "quarter_label": "2023-02 (Q1)",
      "revenue": 145589000,
      "gross_profit": -11699000,
      "operating_income": -1206736000,
      "net_income": -1170998000,
      "opex": 1195037000,
      "cogs": 157288000,
      "rd": 171000,
      "sga": null,
      "fcf": -18632000,
      "ocf": -18632000,
      "capex": null,
      "gross_margin": -0.0803563456030332,
      "op_margin": -8.288648180837837,
      "fcf_margin": -0.1279767015365172,
      "incr_op_margin_yoy": 188.9484240687679,
      "rev_growth_yoy": -0.04136405238656491,
      "rev_growth_yoy_accel": 0.029643275863613948,
      "op_leverage_ratio": 0.0008399549509708595,
      "fcf_margin_change": -0.33062558869864184
    },
    {
      "date": "2023-05-31T00:00:00",
      "quarter_label": "2023-05 (Q2)",
      "revenue": 184188000,
      "gross_profit": 67163000,
      "operating_income": -89980000,
      "net_income": -138713000,
      "opex": 157143000,
      "cogs": 117025000,
      "rd": 180000,
      "sga": null,
      "fcf": 43598000,
      "ocf": 43598000,
      "capex": null,
      "gross_margin": 0.3646437335765631,
      "op_margin": -0.4885225964775121,
      "fcf_margin": 0.23670380263643667,
      "incr_op_margin_yoy": 12.22962770955513,
      "rev_growth_yoy": 0.20129137453122453,
      "rev_growth_yoy_accel": 0.24265542691778944,
      "op_leverage_ratio": Infinity,
      "fcf_margin_change": 0.36468050417295383
    },
    {
      "date": "2023-08-31T00:00:00",
      "quarter_label": "2023-08 (Q3)",
      "revenue": 176949000,
      "gross_profit": 44196000,
      "operating_income": -34362000,
      "net_income": -71525000,
      "opex": 78558000,
      "cogs": 132753000,
      "rd": 79000,
      "sga": null,
      "fcf": -15842000,
      "ocf": -15842000,
      "capex": null,
      "gross_margin": 0.24976688198294425,
      "op_margin": -0.19419154671685063,
      "fcf_margin": -0.08952862124114858,
      "incr_op_margin_yoy": -0.5553964108180975,
      "rev_growth_yoy": 0.1549366559842309,
      "rev_growth_yoy_accel": -0.046354718546993634,
      "fcf_margin_change": -0.3262324238775852
    },
    {
      "date": "2023-11-30T00:00:00",
      "quarter_label": "2023-11 (Q4)",
      "revenue": 193771000,
      "gross_profit": 47409000,
      "operating_income": -41759000,
      "net_income": -49008000,
      "opex": 89168000,
      "cogs": 146362000,
      "rd": 56000,
      "sga": null,
      "fcf": -30409000,
      "ocf": -30409000,
      "capex": null,
      "gross_margin": 0.24466509436396572,
      "op_margin": -0.21550696440643852,
      "fcf_margin": -0.15693266794308747,
      "incr_op_margin_yoy": 0.20211544273194318,
      "rev_growth_yoy": 0.3443622689681967,
      "rev_growth_yoy_accel": 0.18942561298396582,
      "op_leverage_ratio": 0.7038896029771865,
      "fcf_margin_change": -0.06740404670193889
    },
    {
      "date": "2024-02-29T00:00:00",
      "quarter_label": "2024-02 (Q1)",
      "revenue": 188340000,
      "gross_profit": 49396000,
      "operating_income": -82098000,
      "net_income": -92701000,
      "opex": 131494000,
      "cogs": 138944000,
      "rd": 106000,
      "sga": null,
      "fcf": -15361000,
      "ocf": -15361000,
      "capex": null,
      "gross_margin": 0.26227036211107574,
      "op_margin": -0.4359031538706594,
      "fcf_margin": -0.08155994478071572,
      "incr_op_margin_yoy": 26.30670627587659,
      "rev_growth_yoy": 0.2936416899628406,
      "rev_growth_yoy_accel": -0.05072057900535609,
      "fcf_margin_change": 0.07537272316237174
    },
    {
      "date": "2024-05-31T00:00:00",
      "quarter_label": "2024-05 (Q2)",
      "revenue": 229882000,
      "gross_profit": 82350000,
      "operating_income": -16526000,
      "net_income": -31747000,
      "opex": 98876000,
      "cogs": 147532000,
      "rd": 394000,
      "sga": null,
      "fcf": 30707000,
      "ocf": 30707000,
      "capex": null,
      "gross_margin": 0.3582272644226168,
      "op_margin": -0.07188905612444646,
      "fcf_margin": 0.1335772265771135,
      "incr_op_margin_yoy": 1.6075195868166499,
      "rev_growth_yoy": 0.2480834799226877,
      "rev_growth_yoy_accel": -0.045558210040152924,
      "op_leverage_ratio": Infinity,
      "fcf_margin_change": 0.21513717135782923
    },
    {
      "date": "2024-08-31T00:00:00",
      "quarter_label": "2024-08 (Q3)",
      "revenue": 200044000,
      "gross_profit": 59706000,
      "operating_income": -36570000,
      "net_income": -39165000,
      "opex": 96276000,
      "cogs": 140338000,
      "rd": 105000,
      "sga": null,
      "fcf": -35307000,
      "ocf": -35307000,
      "capex": null,
      "gross_margin": 0.29846433784567394,
      "op_margin": -0.18280978184799343,
      "fcf_margin": -0.17649617084241467,
      "incr_op_margin_yoy": -0.09560510933102404,
      "rev_growth_yoy": 0.13051783282188653,
      "rev_growth_yoy_accel": -0.11756564710080117,
      "fcf_margin_change": -0.31007339741952816
    },
    {
      "date": "2024-11-30T00:00:00",
      "quarter_label": "2024-11 (Q4)",
      "revenue": 210950000,
      "gross_profit": 61220000,
      "operating_income": -42218000,
      "net_income": -85342000,
      "opex": 103438000,
      "cogs": 149730000,
      "rd": 60000,
      "sga": null,
      "fcf": -40724000,
      "ocf": -40724000,
      "capex": null,
      "gross_margin": 0.2902109504621948,
      "op_margin": -0.20013273287508887,
      "fcf_margin": -0.19305048589713203,
      "incr_op_margin_yoy": -0.02671866814133535,
      "rev_growth_yoy": 0.08865619726378045,
      "rev_growth_yoy_accel": -0.04186163555810608,
      "op_leverage_ratio": 0.7328645000529372,
      "fcf_margin_change": -0.016554315054717356
    },
    {
      "date": "2025-02-28T00:00:00",
      "quarter_label": "2025-02 (Q1)",
      "revenue": 185780000,
      "gross_profit": 52011000,
      "operating_income": -759931000,
      "net_income": -789436000,
      "opex": 811942000,
      "cogs": 133769000,
      "rd": 85000,
      "sga": null,
      "fcf": -5761000,
      "ocf": -5761000,
      "capex": null,
      "gross_margin": 0.2799601679405749,
      "op_margin": -4.0904887501345675,
      "fcf_margin": -0.03100979653353429,
      "incr_op_margin_yoy": 264.778515625,
      "rev_growth_yoy": -0.013592439205691835,
      "rev_growth_yoy_accel": -0.10224863646947228,
      "fcf_margin_change": 0.16204068936359775
    },
    {
      "date": "2025-05-31T00:00:00",
      "quarter_label": "2025-05 (Q2)",
      "revenue": 224535000,
      "gross_profit": 67633000,
      "operating_income": -1443986000,
      "net_income": -1272795000,
      "opex": 1511619000,
      "cogs": 156902000,
      "rd": 34000,
      "sga": null,
      "fcf": -12807000,
      "ocf": -12807000,
      "capex": null,
      "gross_margin": 0.3012136192575768,
      "op_margin": -6.431006301912842,
      "fcf_margin": -0.05703787828178235,
      "incr_op_margin_yoy": 266.9646530764915,
      "rev_growth_yoy": -0.02325975935479942,
      "rev_growth_yoy_accel": -0.009667320149107586,
      "op_leverage_ratio": 0.24207848452929304,
      "fcf_margin_change": -0.02602808174824806
    },
    {
      "date": "2025-08-31T00:00:00",
      "quarter_label": "2025-08 (Q3)",
      "revenue": 209501000,
      "gross_profit": 57469000,
      "operating_income": 2092000,
      "net_income": -322000,
      "opex": 55377000,
      "cogs": 152032000,
      "rd": 41000,
      "sga": null,
      "fcf": -1341000,
      "ocf": -1341000,
      "capex": null,
      "gross_margin": 0.27431372642612684,
      "op_margin": 0.009985632526813714,
      "fcf_margin": -0.006400924100600952,
      "incr_op_margin_yoy": 4.088188643332981,
      "rev_growth_yoy": 0.04727459958809062,
      "rev_growth_yoy_accel": 0.07053435894289004,
      "fcf_margin_change": 0.050636954181181394
    },
    {
      "date": "2025-11-30T00:00:00",
      "quarter_label": "2025-11 (Q4)",
      "revenue": 217507000,
      "gross_profit": 57497000,
      "operating_income": -22279000,
      "net_income": -44931000,
      "opex": 79776000,
      "cogs": 160010000,
      "rd": 78000,
      "sga": null,
      "fcf": -8537000,
      "ocf": -8537000,
      "capex": null,
      "gross_margin": 0.26434551531674844,
      "op_margin": -0.10242888734615438,
      "fcf_margin": -0.039249311516410965,
      "incr_op_margin_yoy": 3.040872350160134,
      "rev_growth_yoy": 0.03108319506992178,
      "rev_growth_yoy_accel": -0.016191404518168837,
      "op_leverage_ratio": 0.08673350218279031,
      "fcf_margin_change": -0.03284838741581001
    }
  ],
  "signals": [
    {
      "quarter": "2025-08 (Q3)",
      "signal": "FCF MARGIN EXPANSION",
      "detail": "FCF margin: -5.7% -> -0.6% (+5.1%)",
      "severity": "MEDIUM"
    },
    {
      "quarter": "2025-08 (Q3)",
      "signal": "YoY REVENUE GROWTH ACCELERATION",
      "detail": "YoY growth: +4.7% vs prior quarter YoY: -2.3% (accel: +7.1%)",
      "severity": "MEDIUM"
    },
    {
      "quarter": "2025-08 (Q3)",
      "signal": "OP MARGIN TURNED POSITIVE (YoY)",
      "detail": "Op margin: -18.3% (year-ago) -> +1.0%",
      "severity": "HIGH"
    },
    {
      "quarter": "2025-08 (Q3)",
      "signal": "OP MARGIN TURNED POSITIVE (QoQ)",
      "detail": "Op margin: -643.1% -> +1.0%",
      "severity": "HIGH"
    },
    {
      "quarter": "2025-05 (Q2)",
      "signal": "GROSS MARGIN INFLECTION",
      "detail": "GM: +29.0% -> +28.0% -> +30.1% (reversal +2.1%)",
      "severity": "MEDIUM"
    },
    {
      "quarter": "2025-02 (Q1)",
      "signal": "FCF MARGIN EXPANSION",
      "detail": "FCF margin: -19.3% -> -3.1% (+16.2%)",
      "severity": "MEDIUM"
    },
    {
      "quarter": "2025-02 (Q1)",
      "signal": "YoY REVENUE GROWTH DECELERATION",
      "detail": "YoY growth: -1.4% vs prior quarter YoY: +8.9% (decel: -10.2%)",
      "severity": "WARNING"
    },
    {
      "quarter": "2024-08 (Q3)",
      "signal": "YoY REVENUE GROWTH DECELERATION",
      "detail": "YoY growth: +13.1% vs prior quarter YoY: +24.8% (decel: -11.8%)",
      "severity": "WARNING"
    },
    {
      "quarter": "2024-05 (Q2)",
      "signal": "FCF TURNED POSITIVE",
      "detail": "FCF margin: -8.2% -> +13.4%",
      "severity": "HIGH"
    },
    {
      "quarter": "2024-02 (Q1)",
      "signal": "FCF MARGIN EXPANSION",
      "detail": "FCF margin: -15.7% -> -8.2% (+7.5%)",
      "severity": "MEDIUM"
    },
    {
      "quarter": "2024-02 (Q1)",
      "signal": "YoY REVENUE GROWTH DECELERATION",
      "detail": "YoY growth: +29.4% vs prior quarter YoY: +34.4% (decel: -5.1%)",
      "severity": "WARNING"
    },
    {
      "quarter": "2023-11 (Q4)",
      "signal": "YoY REVENUE GROWTH ACCELERATION",
      "detail": "YoY growth: +34.4% vs prior quarter YoY: +15.5% (accel: +18.9%)",
      "severity": "HIGH"
    },
    {
      "quarter": "2023-05 (Q2)",
      "signal": "FCF TURNED POSITIVE",
      "detail": "FCF margin: -12.8% -> +23.7%",
      "severity": "HIGH"
    },
    {
      "quarter": "2023-05 (Q2)",
      "signal": "GROSS MARGIN INFLECTION",
      "detail": "GM: +27.8% -> -8.0% -> +36.5% (reversal +44.5%)",
      "severity": "HIGH"
    },
    {
      "quarter": "2023-05 (Q2)",
      "signal": "YoY REVENUE GROWTH ACCELERATION",
      "detail": "YoY growth: +20.1% vs prior quarter YoY: -4.1% (accel: +24.3%)",
      "severity": "HIGH"
    },
    {
      "quarter": "2022-11 (Q4)",
      "signal": "FCF TURNED POSITIVE",
      "detail": "FCF margin: -30.2% -> +20.3%",
      "severity": "HIGH"
    },
    {
      "quarter": "2022-08 (Q3)",
      "signal": "GROSS MARGIN INFLECTION",
      "detail": "GM: +26.2% -> -4.4% -> +31.7% (reversal +36.1%)",
      "severity": "HIGH"
    },
    {
      "quarter": "2022-08 (Q3)",
      "signal": "YoY REVENUE GROWTH DECELERATION",
      "detail": "YoY growth: -8.8% vs prior quarter YoY: +7.8% (decel: -16.6%)",
      "severity": "WARNING"
    },
    {
      "quarter": "2022-05 (Q2)",
      "signal": "FCF MARGIN EXPANSION",
      "detail": "FCF margin: -30.5% -> -13.4% (+17.2%)",
      "severity": "MEDIUM"
    },
    {
      "quarter": "2022-05 (Q2)",
      "signal": "YoY REVENUE GROWTH DECELERATION",
      "detail": "YoY growth: +7.8% vs prior quarter YoY: +216.3% (decel: -208.5%)",
      "severity": "WARNING"
    },
    {
      "quarter": "2022-02 (Q1)",
      "signal": "GROSS MARGIN INFLECTION",
      "detail": "GM: +30.3% -> +21.1% -> +26.2% (reversal +5.1%)",
      "severity": "HIGH"
    },
    {
      "quarter": "2021-11 (Q4)",
      "signal": "FCF MARGIN EXPANSION",
      "detail": "FCF margin: -55.5% -> -11.0% (+44.4%)",
      "severity": "MEDIUM"
    },
    {
      "quarter": "2021-08 (Q3)",
      "signal": "GROSS MARGIN INFLECTION",
      "detail": "GM: +28.1% -> +15.8% -> +30.3% (reversal +14.5%)",
      "severity": "HIGH"
    },
    {
      "quarter": "2021-05 (Q2)",
      "signal": "FCF TURNED POSITIVE",
      "detail": "FCF margin: -32.2% -> +5.8%",
      "severity": "HIGH"
    },
    {
      "quarter": "2021-05 (Q2)",
      "signal": "OPERATING LEVERAGE",
      "detail": "Rev growth +196.2% vs OpEx growth +10.8% (leverage: 18.2x)",
      "severity": "MEDIUM"
    }
  ],
  "data_quality": {
    "n_quarters": 20,
    "coverage": {
      "revenue": [
        20,
        20
      ],
      "gross_profit": [
        20,
        20
      ],
      "op_income": [
        20,
        20
      ],
      "fcf": [
        20,
        20
      ]
    },
    "gaps": [],
    "warnings": []
  },
  "market_cap": null,
  "source": "SEC EDGAR",
  "last_updated": "2026-02-02T22:01:49.013588"
}