{
  "ticker": "TLS",
  "name": "TELOS CORPORATION",
  "quarters": [
    {
      "date": "2020-12-31T00:00:00",
      "quarter_label": "2020-12 (Q4)",
      "revenue": 44887000,
      "gross_profit": 16043000,
      "operating_income": -9685000,
      "net_income": 3865000,
      "opex": 25728000,
      "cogs": 28845000,
      "rd": 3173000,
      "sga": 25728000,
      "fcf": -14217000,
      "ocf": -14061000,
      "capex": -156000,
      "gross_margin": 0.35740860382738876,
      "op_margin": -0.215764029674516,
      "fcf_margin": -0.3167286742263907
    },
    {
      "date": "2021-03-31T00:00:00",
      "quarter_label": "2021-03 (Q1)",
      "revenue": 55757000,
      "gross_profit": 14469000,
      "operating_income": -13494000,
      "net_income": -14778000,
      "opex": 27963000,
      "cogs": 41400000,
      "rd": 4061000,
      "sga": 27851000,
      "fcf": -7362000,
      "ocf": -6882000,
      "capex": -480000,
      "gross_margin": 0.2595010491956167,
      "op_margin": -0.24201445558405224,
      "fcf_margin": -0.13203723299316678,
      "op_leverage_ratio": 2.7876449781502033,
      "fcf_margin_change": 0.18469144123322395
    },
    {
      "date": "2021-06-30T00:00:00",
      "quarter_label": "2021-06 (Q2)",
      "revenue": 52559000,
      "gross_profit": 22534000,
      "operating_income": -18556000,
      "net_income": -18729000,
      "opex": 41090000,
      "cogs": 32002000,
      "rd": 5327000,
      "sga": 39113000,
      "fcf": 2938000,
      "ocf": 3528000,
      "capex": -590000,
      "gross_margin": 0.4287372286382922,
      "op_margin": -0.35305085713198503,
      "fcf_margin": 0.05589908483799159,
      "fcf_margin_change": 0.18793631783115836
    },
    {
      "date": "2021-09-30T00:00:00",
      "quarter_label": "2021-09 (Q3)",
      "revenue": 70066000,
      "gross_profit": 24877000,
      "operating_income": -5253000,
      "net_income": -5387000,
      "opex": 30130000,
      "cogs": 43998000,
      "rd": 5396000,
      "sga": 31321000,
      "fcf": 12416000,
      "ocf": 12991000,
      "capex": -575000,
      "gross_margin": 0.355050951959581,
      "op_margin": -0.07497216909770787,
      "fcf_margin": 0.17720435018411212,
      "op_leverage_ratio": Infinity,
      "fcf_margin_change": 0.12130526534612054
    },
    {
      "date": "2021-12-31T00:00:00",
      "quarter_label": "2021-12 (Q4)",
      "revenue": 64051000,
      "gross_profit": 24149000,
      "operating_income": -5411000,
      "net_income": -5490000,
      "opex": 29560000,
      "cogs": 39902000,
      "rd": 4845000,
      "sga": 29560000,
      "fcf": -3931000,
      "ocf": -2375000,
      "capex": -1556000,
      "gross_margin": 0.37702768106665,
      "op_margin": -0.08447955535432702,
      "fcf_margin": -0.06137296841579366,
      "incr_op_margin_yoy": 0.22302233354205803,
      "rev_growth_yoy": 0.4269387573239468,
      "fcf_margin_change": -0.23857731859990577
    },
    {
      "date": "2022-03-31T00:00:00",
      "quarter_label": "2022-03 (Q1)",
      "revenue": 50160000,
      "gross_profit": 18871000,
      "operating_income": -14734000,
      "net_income": -14983000,
      "opex": 33605000,
      "cogs": 31289000,
      "rd": 5430000,
      "sga": 33605000,
      "fcf": -297000,
      "ocf": 249000,
      "capex": -546000,
      "gross_margin": 0.37621610845295056,
      "op_margin": -0.29374003189792663,
      "fcf_margin": -0.0059210526315789476,
      "incr_op_margin_yoy": 0.22154725745935322,
      "rev_growth_yoy": -0.10038201481428341,
      "rev_growth_yoy_accel": -0.5273207721382303,
      "fcf_margin_change": 0.05545191578421472
    },
    {
      "date": "2022-06-30T00:00:00",
      "quarter_label": "2022-06 (Q2)",
      "revenue": 55791000,
      "gross_profit": 20929000,
      "operating_income": -12166000,
      "net_income": -12289000,
      "opex": 33095000,
      "cogs": 34862000,
      "rd": 4489000,
      "sga": 33095000,
      "fcf": 7788000,
      "ocf": 7883000,
      "capex": -95000,
      "gross_margin": 0.3751321897797136,
      "op_margin": -0.21806384542309692,
      "fcf_margin": 0.139592407377534,
      "incr_op_margin_yoy": 1.9771039603960396,
      "rev_growth_yoy": 0.061492798569226965,
      "rev_growth_yoy_accel": 0.16187481338351037,
      "op_leverage_ratio": Infinity,
      "fcf_margin_change": 0.14551346000911294
    },
    {
      "date": "2022-09-30T00:00:00",
      "quarter_label": "2022-09 (Q3)",
      "revenue": 63593000,
      "gross_profit": 20945000,
      "operating_income": -7669000,
      "net_income": -7340000,
      "opex": 28614000,
      "cogs": 42648000,
      "rd": 3981000,
      "sga": 28614000,
      "fcf": 11812000,
      "ocf": 11986000,
      "capex": -174000,
      "gross_margin": 0.3293601497020112,
      "op_margin": -0.12059503404462756,
      "fcf_margin": 0.18574371393077854,
      "incr_op_margin_yoy": 0.37324270044801483,
      "rev_growth_yoy": -0.09238432335226786,
      "rev_growth_yoy_accel": -0.15387712192149483,
      "op_leverage_ratio": Infinity,
      "fcf_margin_change": 0.04615130655324454
    },
    {
      "date": "2022-12-31T00:00:00",
      "quarter_label": "2022-12 (Q4)",
      "revenue": 47343000,
      "gross_profit": 18298000,
      "operating_income": -14663000,
      "net_income": -14198000,
      "opex": 32961000,
      "cogs": 29045000,
      "rd": 3018000,
      "sga": 32961000,
      "fcf": -3804000,
      "ocf": -3610000,
      "capex": -194000,
      "gross_margin": 0.3864985319899457,
      "op_margin": -0.3097184377838329,
      "fcf_margin": -0.08034978771940941,
      "incr_op_margin_yoy": 0.5537467081637539,
      "rev_growth_yoy": -0.2608546314655509,
      "rev_growth_yoy_accel": -0.168470308113283,
      "fcf_margin_change": -0.26609350165018797
    },
    {
      "date": "2023-03-31T00:00:00",
      "quarter_label": "2023-03 (Q1)",
      "revenue": 35222000,
      "gross_profit": 13482000,
      "operating_income": -12970000,
      "net_income": -10746000,
      "opex": 26452000,
      "cogs": 21740000,
      "rd": 2833000,
      "sga": 26452000,
      "fcf": -323000,
      "ocf": -100000,
      "capex": -223000,
      "gross_margin": 0.3827721310544546,
      "op_margin": -0.3682357617398217,
      "fcf_margin": -0.00917040486059849,
      "incr_op_margin_yoy": -0.11808809746954077,
      "rev_growth_yoy": -0.29780701754385963,
      "rev_growth_yoy_accel": -0.03695238607830875,
      "fcf_margin_change": 0.07117938285881092
    },
    {
      "date": "2023-06-30T00:00:00",
      "quarter_label": "2023-06 (Q2)",
      "revenue": 32911000,
      "gross_profit": 12359000,
      "operating_income": -9467000,
      "net_income": -8024000,
      "opex": 21826000,
      "cogs": 20552000,
      "rd": 2646000,
      "sga": 21826000,
      "fcf": -4160000,
      "ocf": -4113000,
      "capex": -47000,
      "gross_margin": 0.37552793898696485,
      "op_margin": -0.2876545835738811,
      "fcf_margin": -0.12640150709489228,
      "incr_op_margin_yoy": -0.11796328671328671,
      "rev_growth_yoy": -0.41010198777580614,
      "rev_growth_yoy_accel": -0.11229497023194651,
      "fcf_margin_change": -0.1172311022342938
    },
    {
      "date": "2023-09-30T00:00:00",
      "quarter_label": "2023-09 (Q3)",
      "revenue": 36186000,
      "gross_profit": 13013000,
      "operating_income": -9693000,
      "net_income": -8672000,
      "opex": 22706000,
      "cogs": 23173000,
      "rd": 3154000,
      "sga": 22706000,
      "fcf": 766000,
      "ocf": 846000,
      "capex": -80000,
      "gross_margin": 0.3596142154424363,
      "op_margin": -0.2678660255347372,
      "fcf_margin": 0.021168407671475157,
      "incr_op_margin_yoy": 0.07384974641514941,
      "rev_growth_yoy": -0.43097510732313304,
      "rev_growth_yoy_accel": -0.0208731195473269,
      "op_leverage_ratio": 2.4680940470304207,
      "fcf_margin_change": 0.14756991476636744
    },
    {
      "date": "2023-12-31T00:00:00",
      "quarter_label": "2023-12 (Q4)",
      "revenue": 41059000,
      "gross_profit": 14088000,
      "operating_income": -8185000,
      "net_income": -6980000,
      "opex": 22273000,
      "cogs": 26971000,
      "rd": 3614000,
      "sga": 22273000,
      "fcf": 4378000,
      "ocf": 4954000,
      "capex": -576000,
      "gross_margin": 0.3431160037994106,
      "op_margin": -0.19934728074234637,
      "fcf_margin": 0.10662704888087873,
      "incr_op_margin_yoy": -1.0308720560152769,
      "rev_growth_yoy": -0.13273345584352492,
      "rev_growth_yoy_accel": 0.2982416514796081,
      "op_leverage_ratio": Infinity,
      "fcf_margin_change": 0.08545864120940358
    },
    {
      "date": "2024-03-31T00:00:00",
      "quarter_label": "2024-03 (Q1)",
      "revenue": 29619000,
      "gross_profit": 10961000,
      "operating_income": -8438000,
      "net_income": -7378000,
      "opex": 19399000,
      "cogs": 18658000,
      "rd": 3170000,
      "sga": 16229000,
      "fcf": -447000,
      "ocf": -350000,
      "capex": -97000,
      "gross_margin": 0.37006651136095076,
      "op_margin": -0.2848847023869813,
      "fcf_margin": -0.015091664134508255,
      "incr_op_margin_yoy": -0.8088524004997323,
      "rev_growth_yoy": -0.15907671341775026,
      "rev_growth_yoy_accel": -0.026343257574225343,
      "fcf_margin_change": -0.12171871301538699
    },
    {
      "date": "2024-06-30T00:00:00",
      "quarter_label": "2024-06 (Q2)",
      "revenue": 28498000,
      "gross_profit": 9707000,
      "operating_income": -8644000,
      "net_income": -7757000,
      "opex": 18351000,
      "cogs": 18791000,
      "rd": 1459000,
      "sga": 16892000,
      "fcf": -8225000,
      "ocf": -7990000,
      "capex": -235000,
      "gross_margin": 0.34062039441364306,
      "op_margin": -0.3033195311951716,
      "fcf_margin": -0.2886167450347393,
      "incr_op_margin_yoy": -0.18649444822116473,
      "rev_growth_yoy": -0.13408890644465377,
      "rev_growth_yoy_accel": 0.024987806973096494,
      "fcf_margin_change": -0.27352508090023103
    },
    {
      "date": "2024-09-30T00:00:00",
      "quarter_label": "2024-09 (Q3)",
      "revenue": 23783000,
      "gross_profit": 3143000,
      "operating_income": -28864000,
      "net_income": -28055000,
      "opex": 32007000,
      "cogs": 20640000,
      "rd": 2409000,
      "sga": 23225000,
      "fcf": -7129000,
      "ocf": -7080000,
      "capex": -49000,
      "gross_margin": 0.13215321868561578,
      "op_margin": -1.2136399949543792,
      "fcf_margin": -0.29975192364293823,
      "incr_op_margin_yoy": 1.545674433604773,
      "rev_growth_yoy": -0.3427568672967446,
      "rev_growth_yoy_accel": -0.20866796085209083,
      "fcf_margin_change": -0.011135178608198959
    },
    {
      "date": "2024-12-31T00:00:00",
      "quarter_label": "2024-12 (Q4)",
      "revenue": 26372000,
      "gross_profit": 10618000,
      "operating_income": -9927000,
      "net_income": -9330000,
      "opex": 20545000,
      "cogs": 15754000,
      "rd": 1404000,
      "sga": 19141000,
      "fcf": -12389000,
      "ocf": -10518000,
      "capex": -1871000,
      "gross_margin": 0.4026239951463674,
      "op_margin": -0.37642196268769906,
      "fcf_margin": -0.469778553010769,
      "incr_op_margin_yoy": 0.11860829304827399,
      "rev_growth_yoy": -0.35770476631189263,
      "rev_growth_yoy_accel": -0.014947899015148036,
      "op_leverage_ratio": Infinity,
      "fcf_margin_change": -0.17002662936783075
    },
    {
      "date": "2025-03-31T00:00:00",
      "quarter_label": "2025-03 (Q1)",
      "revenue": 30616000,
      "gross_profit": 12182000,
      "operating_income": -9022000,
      "net_income": -8604000,
      "opex": 21204000,
      "cogs": 18434000,
      "rd": 1571000,
      "sga": 19633000,
      "fcf": 5983000,
      "ocf": 6106000,
      "capex": -123000,
      "gross_margin": 0.397896524692971,
      "op_margin": -0.29468251894434283,
      "fcf_margin": 0.1954206950614058,
      "rev_growth_yoy": 0.033660825821263375,
      "rev_growth_yoy_accel": 0.391365592133156,
      "op_leverage_ratio": 5.017103255004216,
      "fcf_margin_change": 0.6651992480721748
    },
    {
      "date": "2025-06-30T00:00:00",
      "quarter_label": "2025-06 (Q2)",
      "revenue": 35968000,
      "gross_profit": 11932000,
      "operating_income": -9883000,
      "net_income": -9517000,
      "opex": 21815000,
      "cogs": 24036000,
      "rd": 1512000,
      "sga": 20303000,
      "fcf": 6816000,
      "ocf": 6950000,
      "capex": -134000,
      "gross_margin": 0.33173932384341637,
      "op_margin": -0.2747720195729537,
      "fcf_margin": 0.1895017793594306,
      "incr_op_margin_yoy": -0.16586345381526105,
      "rev_growth_yoy": 0.2621236578005474,
      "rev_growth_yoy_accel": 0.22846283197928405,
      "op_leverage_ratio": 6.066584356050578,
      "fcf_margin_change": -0.005918915701975197
    },
    {
      "date": "2025-09-30T00:00:00",
      "quarter_label": "2025-09 (Q3)",
      "revenue": 51444000,
      "gross_profit": 20546000,
      "operating_income": -2468000,
      "net_income": -2114000,
      "opex": 23014000,
      "cogs": 30898000,
      "rd": 1899000,
      "sga": 21115000,
      "fcf": 8694000,
      "ocf": 9146000,
      "capex": -452000,
      "gross_margin": 0.3993857398336055,
      "op_margin": -0.047974496539926914,
      "fcf_margin": 0.16899930020993703,
      "incr_op_margin_yoy": 0.954267741585626,
      "rev_growth_yoy": 1.1630576462178868,
      "rev_growth_yoy_accel": 0.9009339884173393,
      "op_leverage_ratio": 7.828498374238318,
      "fcf_margin_change": -0.020502479149493574
    }
  ],
  "signals": [
    {
      "quarter": "2025-09 (Q3)",
      "signal": "OPERATING LEVERAGE",
      "detail": "Rev growth +43.0% vs OpEx growth +5.5% (leverage: 7.8x)",
      "severity": "MEDIUM"
    },
    {
      "quarter": "2025-09 (Q3)",
      "signal": "GROSS MARGIN INFLECTION",
      "detail": "GM: +39.8% -> +33.2% -> +39.9% (reversal +6.8%)",
      "severity": "HIGH"
    },
    {
      "quarter": "2025-09 (Q3)",
      "signal": "YoY REVENUE GROWTH ACCELERATION",
      "detail": "YoY growth: +116.3% vs prior quarter YoY: +26.2% (accel: +90.1%)",
      "severity": "HIGH"
    },
    {
      "quarter": "2025-06 (Q2)",
      "signal": "OPERATING LEVERAGE",
      "detail": "Rev growth +17.5% vs OpEx growth +2.9% (leverage: 6.1x)",
      "severity": "MEDIUM"
    },
    {
      "quarter": "2025-06 (Q2)",
      "signal": "YoY REVENUE GROWTH ACCELERATION",
      "detail": "YoY growth: +26.2% vs prior quarter YoY: +3.4% (accel: +22.8%)",
      "severity": "HIGH"
    },
    {
      "quarter": "2025-03 (Q1)",
      "signal": "FCF TURNED POSITIVE",
      "detail": "FCF margin: -47.0% -> +19.5%",
      "severity": "HIGH"
    },
    {
      "quarter": "2025-03 (Q1)",
      "signal": "OPERATING LEVERAGE",
      "detail": "Rev growth +16.1% vs OpEx growth +3.2% (leverage: 5.0x)",
      "severity": "MEDIUM"
    },
    {
      "quarter": "2025-03 (Q1)",
      "signal": "YoY REVENUE GROWTH ACCELERATION",
      "detail": "YoY growth: +3.4% vs prior quarter YoY: -35.8% (accel: +39.1%)",
      "severity": "HIGH"
    },
    {
      "quarter": "2024-12 (Q4)",
      "signal": "GROSS MARGIN INFLECTION",
      "detail": "GM: +34.1% -> +13.2% -> +40.3% (reversal +27.0%)",
      "severity": "HIGH"
    },
    {
      "quarter": "2024-09 (Q3)",
      "signal": "YoY REVENUE GROWTH DECELERATION",
      "detail": "YoY growth: -34.3% vs prior quarter YoY: -13.4% (decel: -20.9%)",
      "severity": "WARNING"
    },
    {
      "quarter": "2024-03 (Q1)",
      "signal": "GROSS MARGIN INFLECTION",
      "detail": "GM: +36.0% -> +34.3% -> +37.0% (reversal +2.7%)",
      "severity": "MEDIUM"
    },
    {
      "quarter": "2023-12 (Q4)",
      "signal": "FCF MARGIN EXPANSION",
      "detail": "FCF margin: +2.1% -> +10.7% (+8.5%)",
      "severity": "MEDIUM"
    },
    {
      "quarter": "2023-12 (Q4)",
      "signal": "YoY REVENUE GROWTH ACCELERATION",
      "detail": "YoY growth: -13.3% vs prior quarter YoY: -43.1% (accel: +29.8%)",
      "severity": "HIGH"
    },
    {
      "quarter": "2023-09 (Q3)",
      "signal": "FCF TURNED POSITIVE",
      "detail": "FCF margin: -12.6% -> +2.1%",
      "severity": "HIGH"
    },
    {
      "quarter": "2023-09 (Q3)",
      "signal": "OPERATING LEVERAGE",
      "detail": "Rev growth +10.0% vs OpEx growth +4.0% (leverage: 2.5x)",
      "severity": "MEDIUM"
    },
    {
      "quarter": "2023-06 (Q2)",
      "signal": "YoY REVENUE GROWTH DECELERATION",
      "detail": "YoY growth: -41.0% vs prior quarter YoY: -29.8% (decel: -11.2%)",
      "severity": "WARNING"
    },
    {
      "quarter": "2023-03 (Q1)",
      "signal": "FCF MARGIN EXPANSION",
      "detail": "FCF margin: -8.0% -> -0.9% (+7.1%)",
      "severity": "MEDIUM"
    },
    {
      "quarter": "2022-12 (Q4)",
      "signal": "GROSS MARGIN INFLECTION",
      "detail": "GM: +37.5% -> +32.9% -> +38.6% (reversal +5.7%)",
      "severity": "HIGH"
    },
    {
      "quarter": "2022-12 (Q4)",
      "signal": "YoY REVENUE GROWTH DECELERATION",
      "detail": "YoY growth: -26.1% vs prior quarter YoY: -9.2% (decel: -16.8%)",
      "severity": "WARNING"
    },
    {
      "quarter": "2022-09 (Q3)",
      "signal": "YoY REVENUE GROWTH DECELERATION",
      "detail": "YoY growth: -9.2% vs prior quarter YoY: +6.1% (decel: -15.4%)",
      "severity": "WARNING"
    },
    {
      "quarter": "2022-06 (Q2)",
      "signal": "FCF TURNED POSITIVE",
      "detail": "FCF margin: -0.6% -> +14.0%",
      "severity": "HIGH"
    },
    {
      "quarter": "2022-06 (Q2)",
      "signal": "YoY REVENUE GROWTH ACCELERATION",
      "detail": "YoY growth: +6.1% vs prior quarter YoY: -10.0% (accel: +16.2%)",
      "severity": "HIGH"
    },
    {
      "quarter": "2022-03 (Q1)",
      "signal": "FCF MARGIN EXPANSION",
      "detail": "FCF margin: -6.1% -> -0.6% (+5.5%)",
      "severity": "MEDIUM"
    },
    {
      "quarter": "2022-03 (Q1)",
      "signal": "YoY REVENUE GROWTH DECELERATION",
      "detail": "YoY growth: -10.0% vs prior quarter YoY: +42.7% (decel: -52.7%)",
      "severity": "WARNING"
    },
    {
      "quarter": "2021-12 (Q4)",
      "signal": "GROSS MARGIN INFLECTION",
      "detail": "GM: +42.9% -> +35.5% -> +37.7% (reversal +2.2%)",
      "severity": "MEDIUM"
    },
    {
      "quarter": "2021-09 (Q3)",
      "signal": "FCF MARGIN EXPANSION",
      "detail": "FCF margin: +5.6% -> +17.7% (+12.1%)",
      "severity": "MEDIUM"
    },
    {
      "quarter": "2021-06 (Q2)",
      "signal": "FCF TURNED POSITIVE",
      "detail": "FCF margin: -13.2% -> +5.6%",
      "severity": "HIGH"
    },
    {
      "quarter": "2021-06 (Q2)",
      "signal": "GROSS MARGIN INFLECTION",
      "detail": "GM: +35.7% -> +26.0% -> +42.9% (reversal +16.9%)",
      "severity": "HIGH"
    },
    {
      "quarter": "2021-03 (Q1)",
      "signal": "FCF MARGIN EXPANSION",
      "detail": "FCF margin: -31.7% -> -13.2% (+18.5%)",
      "severity": "MEDIUM"
    },
    {
      "quarter": "2021-03 (Q1)",
      "signal": "OPERATING LEVERAGE",
      "detail": "Rev growth +24.2% vs OpEx growth +8.7% (leverage: 2.8x)",
      "severity": "MEDIUM"
    }
  ],
  "data_quality": {
    "n_quarters": 20,
    "coverage": {
      "revenue": [
        20,
        20
      ],
      "gross_profit": [
        20,
        20
      ],
      "op_income": [
        20,
        20
      ],
      "fcf": [
        20,
        20
      ]
    },
    "gaps": [],
    "warnings": []
  },
  "market_cap": null,
  "source": "SEC EDGAR",
  "last_updated": "2026-02-02T22:33:56.309250"
}