{
  "ticker": "TLSI",
  "name": "TRISALUS LIFE SCIENCES, INC.",
  "quarters": [
    {
      "date": "2022-09-30T00:00:00",
      "quarter_label": "2022-09 (Q3)",
      "revenue": 3923000,
      "gross_profit": 3222000,
      "operating_income": -432225,
      "net_income": 659457,
      "opex": 3654225,
      "cogs": 701000,
      "rd": 4808000,
      "sga": null,
      "fcf": -22880298,
      "ocf": -22880298,
      "capex": null,
      "gross_margin": 0.8213102217690543,
      "op_margin": -0.11017716033647719,
      "fcf_margin": -5.832347183278103
    },
    {
      "date": "2022-12-31T00:00:00",
      "quarter_label": "2022-12 (Q4)",
      "revenue": 3226000,
      "gross_profit": 2410000,
      "operating_income": -1355820,
      "net_income": -343342,
      "opex": 3765820,
      "cogs": 816000,
      "rd": 6267000,
      "sga": null,
      "fcf": -8514000,
      "ocf": -8310000,
      "capex": -204000,
      "gross_margin": 0.7470551766893986,
      "op_margin": -0.4202789832610043,
      "fcf_margin": -2.639181649101054,
      "fcf_margin_change": 3.1931655341770493
    },
    {
      "date": "2023-03-31T00:00:00",
      "quarter_label": "2023-03 (Q1)",
      "revenue": 2984000,
      "gross_profit": 2322000,
      "operating_income": -843346,
      "net_income": -448097,
      "opex": 3165346,
      "cogs": 662000,
      "rd": 5642000,
      "sga": null,
      "fcf": -10510000,
      "ocf": -10503000,
      "capex": -7000,
      "gross_margin": 0.7781501340482574,
      "op_margin": -0.282622654155496,
      "fcf_margin": -3.522117962466488,
      "fcf_margin_change": -0.882936313365434
    },
    {
      "date": "2023-06-30T00:00:00",
      "quarter_label": "2023-06 (Q2)",
      "revenue": 4612000,
      "gross_profit": 3840000,
      "operating_income": -1429989,
      "net_income": -995039,
      "opex": 5269989,
      "cogs": 772000,
      "rd": 6886000,
      "sga": null,
      "fcf": -9267000,
      "ocf": -9236000,
      "capex": -31000,
      "gross_margin": 0.8326105810928014,
      "op_margin": -0.3100583261058109,
      "fcf_margin": -2.0093235039028623,
      "op_leverage_ratio": 0.820537306895141,
      "fcf_margin_change": 1.5127944585636257
    },
    {
      "date": "2023-09-30T00:00:00",
      "quarter_label": "2023-09 (Q3)",
      "revenue": 5193000,
      "gross_profit": 4604000,
      "operating_income": -18477000,
      "net_income": -1286000,
      "opex": 23081000,
      "cogs": 589000,
      "rd": 9367000,
      "sga": null,
      "fcf": -21840000,
      "ocf": -21662000,
      "capex": -178000,
      "gross_margin": 0.886578085884845,
      "op_margin": -3.5580589254766033,
      "fcf_margin": -4.205661467359907,
      "incr_op_margin_yoy": -14.208484251968503,
      "rev_growth_yoy": 0.3237318378791741,
      "op_leverage_ratio": 0.03727416905656808,
      "fcf_margin_change": -2.196337963457045
    },
    {
      "date": "2023-12-31T00:00:00",
      "quarter_label": "2023-12 (Q4)",
      "revenue": 5721000,
      "gross_profit": 5139000,
      "operating_income": -14118000,
      "net_income": -35509000,
      "opex": 19257000,
      "cogs": 582000,
      "rd": 7639000,
      "sga": null,
      "fcf": -9549000,
      "ocf": -9177000,
      "capex": -372000,
      "gross_margin": 0.8982695332983744,
      "op_margin": -2.467750393287887,
      "fcf_margin": -1.669113791295228,
      "incr_op_margin_yoy": -5.115102204408817,
      "rev_growth_yoy": 0.773403595784253,
      "rev_growth_yoy_accel": 0.4496717579050789,
      "op_leverage_ratio": Infinity,
      "fcf_margin_change": 2.5365476760646795
    },
    {
      "date": "2024-03-31T00:00:00",
      "quarter_label": "2024-03 (Q1)",
      "revenue": 6457000,
      "gross_profit": 5486000,
      "operating_income": -11685000,
      "net_income": -13219000,
      "opex": 17171000,
      "cogs": 971000,
      "rd": 5857000,
      "sga": null,
      "fcf": -10933000,
      "ocf": -10867000,
      "capex": -66000,
      "gross_margin": 0.8496205668266997,
      "op_margin": -1.809663930617934,
      "fcf_margin": -1.6932011770171906,
      "incr_op_margin_yoy": -3.1216970918514253,
      "rev_growth_yoy": 1.1638739946380696,
      "rev_growth_yoy_accel": 0.3904703988538166,
      "op_leverage_ratio": Infinity,
      "fcf_margin_change": -0.024087385721962562
    },
    {
      "date": "2024-06-30T00:00:00",
      "quarter_label": "2024-06 (Q2)",
      "revenue": 7364000,
      "gross_profit": 6452000,
      "operating_income": -8174000,
      "net_income": -4332000,
      "opex": 14626000,
      "cogs": 912000,
      "rd": 4666000,
      "sga": null,
      "fcf": -13482000,
      "ocf": -13422000,
      "capex": -60000,
      "gross_margin": 0.8761542639869636,
      "op_margin": -1.1099945681694732,
      "fcf_margin": -1.8307984790874525,
      "incr_op_margin_yoy": -2.4505853924418606,
      "rev_growth_yoy": 0.5967042497831744,
      "rev_growth_yoy_accel": -0.5671697448548952,
      "op_leverage_ratio": Infinity,
      "fcf_margin_change": -0.13759730207026188
    },
    {
      "date": "2024-09-30T00:00:00",
      "quarter_label": "2024-09 (Q3)",
      "revenue": 7349000,
      "gross_profit": 6345000,
      "operating_income": -8739000,
      "net_income": -2399000,
      "opex": 15084000,
      "cogs": 1004000,
      "rd": 4219000,
      "sga": null,
      "fcf": -11016000,
      "ocf": -10847000,
      "capex": -169000,
      "gross_margin": 0.8633827731664172,
      "op_margin": -1.1891413797795618,
      "fcf_margin": -1.498979452986801,
      "incr_op_margin_yoy": 4.51669758812616,
      "rev_growth_yoy": 0.4151742730598883,
      "rev_growth_yoy_accel": -0.18152997672328608,
      "fcf_margin_change": 0.3318190261006515
    },
    {
      "date": "2024-12-31T00:00:00",
      "quarter_label": "2024-12 (Q4)",
      "revenue": 8261000,
      "gross_profit": 7045000,
      "operating_income": -7580000,
      "net_income": -10108000,
      "opex": 14625000,
      "cogs": 1216000,
      "rd": 2959000,
      "sga": null,
      "fcf": -5757000,
      "ocf": -5707000,
      "capex": -50000,
      "gross_margin": 0.8528023241738288,
      "op_margin": -0.917564459508534,
      "fcf_margin": -0.6968889964895291,
      "incr_op_margin_yoy": 2.574015748031496,
      "rev_growth_yoy": 0.4439783254675756,
      "rev_growth_yoy_accel": 0.028804052407687297,
      "op_leverage_ratio": Infinity,
      "fcf_margin_change": 0.802090456497272
    },
    {
      "date": "2025-03-31T00:00:00",
      "quarter_label": "2025-03 (Q1)",
      "revenue": 9167000,
      "gross_profit": 7672000,
      "operating_income": -7329000,
      "net_income": -10375000,
      "opex": 15001000,
      "cogs": 1495000,
      "rd": 3296000,
      "sga": null,
      "fcf": -5253000,
      "ocf": -4499000,
      "capex": -754000,
      "gross_margin": 0.8369150212719537,
      "op_margin": -0.7994982000654521,
      "fcf_margin": -0.5730337078651685,
      "incr_op_margin_yoy": 1.607380073800738,
      "rev_growth_yoy": 0.41969955087501937,
      "rev_growth_yoy_accel": -0.02427877459255623,
      "op_leverage_ratio": 4.26583060110697,
      "fcf_margin_change": 0.12385528862436057
    },
    {
      "date": "2025-06-30T00:00:00",
      "quarter_label": "2025-06 (Q2)",
      "revenue": 11213000,
      "gross_profit": 9411000,
      "operating_income": -7332000,
      "net_income": -8288000,
      "opex": 16743000,
      "cogs": 1802000,
      "rd": 3923000,
      "sga": null,
      "fcf": -7227000,
      "ocf": -7320000,
      "capex": 93000,
      "gross_margin": 0.8392936769820744,
      "op_margin": -0.6538838847765986,
      "fcf_margin": -0.6445197538571301,
      "incr_op_margin_yoy": 0.21875811899194597,
      "rev_growth_yoy": 0.5226778924497556,
      "rev_growth_yoy_accel": 0.10297834157473623,
      "op_leverage_ratio": 1.92198705560065,
      "fcf_margin_change": -0.07148604599196162
    },
    {
      "date": "2025-09-30T00:00:00",
      "quarter_label": "2025-09 (Q3)",
      "revenue": 11566000,
      "gross_profit": 9660000,
      "operating_income": -9014000,
      "net_income": -10811000,
      "opex": 18674000,
      "cogs": 1906000,
      "rd": 5176000,
      "sga": null,
      "fcf": -3925000,
      "ocf": -3709000,
      "capex": -216000,
      "gross_margin": 0.8352066401521702,
      "op_margin": -0.7793532768459277,
      "fcf_margin": -0.33935673525851634,
      "incr_op_margin_yoy": -0.0652122361868627,
      "rev_growth_yoy": 0.5738195672880664,
      "rev_growth_yoy_accel": 0.05114167483831078,
      "op_leverage_ratio": 0.27296306540694537,
      "fcf_margin_change": 0.3051630185986138
    }
  ],
  "signals": [
    {
      "quarter": "2025-09 (Q3)",
      "signal": "FCF MARGIN EXPANSION",
      "detail": "FCF margin: -64.5% -> -33.9% (+30.5%)",
      "severity": "MEDIUM"
    },
    {
      "quarter": "2025-09 (Q3)",
      "signal": "YoY REVENUE GROWTH ACCELERATION",
      "detail": "YoY growth: +57.4% vs prior quarter YoY: +52.3% (accel: +5.1%)",
      "severity": "MEDIUM"
    },
    {
      "quarter": "2025-06 (Q2)",
      "signal": "OPERATING LEVERAGE",
      "detail": "Rev growth +22.3% vs OpEx growth +11.6% (leverage: 1.9x)",
      "severity": "MEDIUM"
    },
    {
      "quarter": "2025-06 (Q2)",
      "signal": "YoY REVENUE GROWTH ACCELERATION",
      "detail": "YoY growth: +52.3% vs prior quarter YoY: +42.0% (accel: +10.3%)",
      "severity": "MEDIUM"
    },
    {
      "quarter": "2025-03 (Q1)",
      "signal": "FCF MARGIN EXPANSION",
      "detail": "FCF margin: -69.7% -> -57.3% (+12.4%)",
      "severity": "MEDIUM"
    },
    {
      "quarter": "2025-03 (Q1)",
      "signal": "OPERATING LEVERAGE",
      "detail": "Rev growth +11.0% vs OpEx growth +2.6% (leverage: 4.3x)",
      "severity": "MEDIUM"
    },
    {
      "quarter": "2024-12 (Q4)",
      "signal": "FCF MARGIN EXPANSION",
      "detail": "FCF margin: -149.9% -> -69.7% (+80.2%)",
      "severity": "MEDIUM"
    },
    {
      "quarter": "2024-09 (Q3)",
      "signal": "FCF MARGIN EXPANSION",
      "detail": "FCF margin: -183.1% -> -149.9% (+33.2%)",
      "severity": "MEDIUM"
    },
    {
      "quarter": "2024-09 (Q3)",
      "signal": "YoY REVENUE GROWTH DECELERATION",
      "detail": "YoY growth: +41.5% vs prior quarter YoY: +59.7% (decel: -18.2%)",
      "severity": "WARNING"
    },
    {
      "quarter": "2024-06 (Q2)",
      "signal": "GROSS MARGIN INFLECTION",
      "detail": "GM: +89.8% -> +85.0% -> +87.6% (reversal +2.7%)",
      "severity": "MEDIUM"
    },
    {
      "quarter": "2024-06 (Q2)",
      "signal": "YoY REVENUE GROWTH DECELERATION",
      "detail": "YoY growth: +59.7% vs prior quarter YoY: +116.4% (decel: -56.7%)",
      "severity": "WARNING"
    },
    {
      "quarter": "2024-03 (Q1)",
      "signal": "YoY REVENUE GROWTH ACCELERATION",
      "detail": "YoY growth: +116.4% vs prior quarter YoY: +77.3% (accel: +39.0%)",
      "severity": "HIGH"
    },
    {
      "quarter": "2023-12 (Q4)",
      "signal": "FCF MARGIN EXPANSION",
      "detail": "FCF margin: -420.6% -> -166.9% (+253.7%)",
      "severity": "MEDIUM"
    },
    {
      "quarter": "2023-12 (Q4)",
      "signal": "YoY REVENUE GROWTH ACCELERATION",
      "detail": "YoY growth: +77.3% vs prior quarter YoY: +32.4% (accel: +45.0%)",
      "severity": "HIGH"
    },
    {
      "quarter": "2023-06 (Q2)",
      "signal": "FCF MARGIN EXPANSION",
      "detail": "FCF margin: -352.2% -> -200.9% (+151.3%)",
      "severity": "MEDIUM"
    },
    {
      "quarter": "2023-03 (Q1)",
      "signal": "GROSS MARGIN INFLECTION",
      "detail": "GM: +82.1% -> +74.7% -> +77.8% (reversal +3.1%)",
      "severity": "MEDIUM"
    },
    {
      "quarter": "2022-12 (Q4)",
      "signal": "FCF MARGIN EXPANSION",
      "detail": "FCF margin: -583.2% -> -263.9% (+319.3%)",
      "severity": "MEDIUM"
    }
  ],
  "data_quality": {
    "n_quarters": 13,
    "coverage": {
      "revenue": [
        13,
        13
      ],
      "gross_profit": [
        13,
        13
      ],
      "op_income": [
        13,
        13
      ],
      "fcf": [
        13,
        13
      ]
    },
    "gaps": [],
    "warnings": []
  },
  "market_cap": null,
  "source": "SEC EDGAR",
  "last_updated": "2026-02-02T22:51:45.430736"
}