{
  "ticker": "TLYS",
  "name": "TILLY\u2019S, INC.",
  "quarters": [
    {
      "date": "2021-01-30T00:00:00",
      "quarter_label": "2021-01 (Q1)",
      "revenue": 177920000,
      "gross_profit": 58262000,
      "operating_income": 14114000,
      "net_income": 8871000,
      "opex": 44148000,
      "cogs": 119658000,
      "rd": null,
      "sga": 44148000,
      "fcf": 15788000,
      "ocf": 17864000,
      "capex": -2076000,
      "gross_margin": 0.3274617805755396,
      "op_margin": 0.07932778776978418,
      "fcf_margin": 0.08873651079136691
    },
    {
      "date": "2021-05-01T00:00:00",
      "quarter_label": "2021-05 (Q2)",
      "revenue": 163157000,
      "gross_profit": 54839000,
      "operating_income": 14874000,
      "net_income": 10959000,
      "opex": 39965000,
      "cogs": 108318000,
      "rd": null,
      "sga": 39965000,
      "fcf": 13785000,
      "ocf": 19277000,
      "capex": -5492000,
      "gross_margin": 0.3361118431939788,
      "op_margin": 0.0911637257365605,
      "fcf_margin": 0.08448917300514229,
      "fcf_margin_change": -0.004247337786224617
    },
    {
      "date": "2021-07-31T00:00:00",
      "quarter_label": "2021-07 (Q3)",
      "revenue": 201952000,
      "gross_profit": 74727000,
      "operating_income": 26427000,
      "net_income": 20398000,
      "opex": 48300000,
      "cogs": 127225000,
      "rd": null,
      "sga": 48300000,
      "fcf": 15146000,
      "ocf": 18165000,
      "capex": -3019000,
      "gross_margin": 0.3700235699572176,
      "op_margin": 0.13085782760259865,
      "fcf_margin": 0.07499801933132626,
      "op_leverage_ratio": 1.1401034453222008,
      "fcf_margin_change": -0.009491153673816033
    },
    {
      "date": "2021-10-30T00:00:00",
      "quarter_label": "2021-10 (Q4)",
      "revenue": 206096000,
      "gross_profit": 76739000,
      "operating_income": 28997000,
      "net_income": 20834000,
      "opex": 47742000,
      "cogs": 129357000,
      "rd": null,
      "sga": 47742000,
      "fcf": 7008000,
      "ocf": 9408000,
      "capex": -2400000,
      "gross_margin": 0.37234589705768184,
      "op_margin": 0.14069656858939522,
      "fcf_margin": 0.03400357115130813,
      "op_leverage_ratio": Infinity,
      "fcf_margin_change": -0.04099444818001813
    },
    {
      "date": "2022-01-29T00:00:00",
      "quarter_label": "2022-01 (Q1)",
      "revenue": 204489000,
      "gross_profit": 70358000,
      "operating_income": 17297000,
      "net_income": 12058000,
      "opex": 53061000,
      "cogs": 134131000,
      "rd": null,
      "sga": 53061000,
      "fcf": 14038000,
      "ocf": 16552000,
      "capex": -2514000,
      "gross_margin": 0.3440674070487899,
      "op_margin": 0.08458645697323572,
      "fcf_margin": 0.06864916939297468,
      "incr_op_margin_yoy": 0.11980127215928338,
      "rev_growth_yoy": 0.14933116007194244,
      "fcf_margin_change": 0.03464559824166655
    },
    {
      "date": "2022-04-30T00:00:00",
      "quarter_label": "2022-04 (Q2)",
      "revenue": 145775000,
      "gross_profit": 43815000,
      "operating_income": 1108000,
      "net_income": 813000,
      "opex": 42707000,
      "cogs": 101960000,
      "rd": null,
      "sga": 42707000,
      "fcf": -20151000,
      "ocf": -17553000,
      "capex": -2598000,
      "gross_margin": 0.30056594066197906,
      "op_margin": 0.007600754587549306,
      "fcf_margin": -0.13823357914594409,
      "incr_op_margin_yoy": 0.7919687032562421,
      "rev_growth_yoy": -0.1065354229361903,
      "rev_growth_yoy_accel": -0.25586658300813275,
      "fcf_margin_change": -0.20688274853891875
    },
    {
      "date": "2022-07-30T00:00:00",
      "quarter_label": "2022-07 (Q3)",
      "revenue": 168308000,
      "gross_profit": 51982000,
      "operating_income": 5152000,
      "net_income": 3819000,
      "opex": 46830000,
      "cogs": 116326000,
      "rd": null,
      "sga": 46830000,
      "fcf": 6142000,
      "ocf": 10438000,
      "capex": -4296000,
      "gross_margin": 0.3088504408584262,
      "op_margin": 0.030610547329895193,
      "fcf_margin": 0.03649262067162583,
      "incr_op_margin_yoy": 0.6323564379978599,
      "rev_growth_yoy": -0.16659404214862938,
      "rev_growth_yoy_accel": -0.06005861921243909,
      "op_leverage_ratio": 1.601111942230203,
      "fcf_margin_change": 0.17472619981756993
    },
    {
      "date": "2022-10-29T00:00:00",
      "quarter_label": "2022-10 (Q4)",
      "revenue": 177847000,
      "gross_profit": 54583000,
      "operating_income": 6315000,
      "net_income": 5149000,
      "opex": 48268000,
      "cogs": 123264000,
      "rd": null,
      "sga": 48268000,
      "fcf": -8970000,
      "ocf": -3967000,
      "capex": -5003000,
      "gross_margin": 0.3069098719686022,
      "op_margin": 0.03550804905339983,
      "fcf_margin": -0.05043661124449667,
      "incr_op_margin_yoy": 0.8029310772062728,
      "rev_growth_yoy": -0.13706719198819967,
      "rev_growth_yoy_accel": 0.02952685016042972,
      "op_leverage_ratio": 1.8457095579754224,
      "fcf_margin_change": -0.0869292319161225
    },
    {
      "date": "2023-01-28T00:00:00",
      "quarter_label": "2023-01 (Q1)",
      "revenue": 180350000,
      "gross_profit": 52368000,
      "operating_income": -1388000,
      "net_income": -104000,
      "opex": 53756000,
      "cogs": 127982000,
      "rd": null,
      "sga": 53756000,
      "fcf": 6441000,
      "ocf": 9667000,
      "capex": -3226000,
      "gross_margin": 0.29036872747435544,
      "op_margin": -0.007696146382034932,
      "fcf_margin": 0.0357138896589964,
      "incr_op_margin_yoy": 0.7740585774058577,
      "rev_growth_yoy": -0.1180454694384539,
      "rev_growth_yoy_accel": 0.019021722549745768,
      "op_leverage_ratio": 0.12378257338862092,
      "fcf_margin_change": 0.08615050090349308
    },
    {
      "date": "2023-04-29T00:00:00",
      "quarter_label": "2023-04 (Q2)",
      "revenue": 123637000,
      "gross_profit": 25938000,
      "operating_income": -17261000,
      "net_income": -11968000,
      "opex": 43199000,
      "cogs": 97699000,
      "rd": null,
      "sga": 43199000,
      "fcf": -20450000,
      "ocf": -16195000,
      "capex": -4255000,
      "gross_margin": 0.20979156724928621,
      "op_margin": -0.1396103108292825,
      "fcf_margin": -0.16540356042285076,
      "incr_op_margin_yoy": 0.8297497515584064,
      "rev_growth_yoy": -0.15186417424112503,
      "rev_growth_yoy_accel": -0.03381870480267113,
      "fcf_margin_change": -0.20111745008184717
    },
    {
      "date": "2023-07-29T00:00:00",
      "quarter_label": "2023-07 (Q3)",
      "revenue": 159951000,
      "gross_profit": 44316000,
      "operating_income": -2685000,
      "net_income": -1125000,
      "opex": 47001000,
      "cogs": 115635000,
      "rd": null,
      "sga": 47001000,
      "fcf": 10241000,
      "ocf": 12296000,
      "capex": -2055000,
      "gross_margin": 0.27705984957893354,
      "op_margin": -0.01678639083219236,
      "fcf_margin": 0.06402585791898768,
      "incr_op_margin_yoy": 0.9377767141318655,
      "rev_growth_yoy": -0.04965301708772013,
      "rev_growth_yoy_accel": 0.1022111571534049,
      "op_leverage_ratio": 3.3372382431733674,
      "fcf_margin_change": 0.22942941834183844
    },
    {
      "date": "2023-10-28T00:00:00",
      "quarter_label": "2023-10 (Q4)",
      "revenue": 166475000,
      "gross_profit": 48719000,
      "operating_income": -2516000,
      "net_income": -847000,
      "opex": 51235000,
      "cogs": 117756000,
      "rd": null,
      "sga": 51235000,
      "fcf": -10792000,
      "ocf": -6559000,
      "capex": -4233000,
      "gross_margin": 0.2926505481303499,
      "op_margin": -0.015113380387445563,
      "fcf_margin": -0.06482655053311308,
      "incr_op_margin_yoy": 0.7765564544495251,
      "rev_growth_yoy": -0.06394260234921027,
      "rev_growth_yoy_accel": -0.014289585261490143,
      "op_leverage_ratio": 0.45277583194194276,
      "fcf_margin_change": -0.12885240845210078
    },
    {
      "date": "2024-02-03T00:00:00",
      "quarter_label": "2024-02 (Q1)",
      "revenue": 173020000,
      "gross_profit": 46684000,
      "operating_income": -8520000,
      "net_income": -20552000,
      "opex": 55204000,
      "cogs": 126336000,
      "rd": null,
      "sga": 55204000,
      "fcf": 310000,
      "ocf": 3725000,
      "capex": -3415000,
      "gross_margin": 0.2698185180903942,
      "op_margin": -0.049242862096867415,
      "fcf_margin": 0.0017917003814587908,
      "incr_op_margin_yoy": 0.972987721691678,
      "rev_growth_yoy": -0.040643193789853066,
      "rev_growth_yoy_accel": 0.023299408559357207,
      "op_leverage_ratio": 0.507511945615765,
      "fcf_margin_change": 0.06661825091457187
    },
    {
      "date": "2024-05-04T00:00:00",
      "quarter_label": "2024-05 (Q2)",
      "revenue": 115856000,
      "gross_profit": 24313000,
      "operating_income": -20788000,
      "net_income": -19621000,
      "opex": 45101000,
      "cogs": 91543000,
      "rd": null,
      "sga": 45101000,
      "fcf": -27827000,
      "ocf": -25690000,
      "capex": -2137000,
      "gross_margin": 0.20985533766054412,
      "op_margin": -0.17942963679049856,
      "fcf_margin": -0.24018609308106614,
      "incr_op_margin_yoy": 0.45328363963500834,
      "rev_growth_yoy": -0.06293423489732038,
      "rev_growth_yoy_accel": -0.02229104110746731,
      "fcf_margin_change": -0.24197779346252493
    },
    {
      "date": "2024-08-03T00:00:00",
      "quarter_label": "2024-08 (Q3)",
      "revenue": 162867000,
      "gross_profit": 49920000,
      "operating_income": -859000,
      "net_income": -69000,
      "opex": 50779000,
      "cogs": 112947000,
      "rd": null,
      "sga": 50779000,
      "fcf": 7999000,
      "ocf": 10487000,
      "capex": -2488000,
      "gross_margin": 0.3065077640037577,
      "op_margin": -0.005274242173061455,
      "fcf_margin": 0.049113693995714296,
      "incr_op_margin_yoy": 0.6262002743484225,
      "rev_growth_yoy": 0.0182305831160793,
      "rev_growth_yoy_accel": 0.08116481801339967,
      "op_leverage_ratio": 3.2230848774071803,
      "fcf_margin_change": 0.28929978707678045
    },
    {
      "date": "2024-11-02T00:00:00",
      "quarter_label": "2024-11 (Q4)",
      "revenue": 143442000,
      "gross_profit": 37197000,
      "operating_income": -14054000,
      "net_income": -12875000,
      "opex": 51251000,
      "cogs": 106245000,
      "rd": null,
      "sga": 51251000,
      "fcf": -25053000,
      "ocf": -23000000,
      "capex": -2053000,
      "gross_margin": 0.2593173547496549,
      "op_margin": -0.09797688264246177,
      "fcf_margin": -0.17465595850587695,
      "incr_op_margin_yoy": 0.5009334433204533,
      "rev_growth_yoy": -0.13835711067727888,
      "rev_growth_yoy_accel": -0.15658769379335818,
      "fcf_margin_change": -0.22376965250159125
    },
    {
      "date": "2025-02-01T00:00:00",
      "quarter_label": "2025-02 (Q1)",
      "revenue": 147288000,
      "gross_profit": 38267000,
      "operating_income": -14148000,
      "net_income": -13664000,
      "opex": 52415000,
      "cogs": 109021000,
      "rd": null,
      "sga": 52415000,
      "fcf": -5361000,
      "ocf": -3815000,
      "capex": -1546000,
      "gross_margin": 0.2598107109879963,
      "op_margin": -0.09605670523056868,
      "fcf_margin": -0.03639807723643474,
      "incr_op_margin_yoy": 0.21871599564744287,
      "rev_growth_yoy": -0.14872269101837937,
      "rev_growth_yoy_accel": -0.010365580341100494,
      "op_leverage_ratio": 1.1805443616925093,
      "fcf_margin_change": 0.13825788126944222
    },
    {
      "date": "2025-05-03T00:00:00",
      "quarter_label": "2025-05 (Q2)",
      "revenue": 107611000,
      "gross_profit": 21285000,
      "operating_income": -22689000,
      "net_income": -22152000,
      "opex": 43974000,
      "cogs": 86326000,
      "rd": null,
      "sga": 43974000,
      "fcf": -9641000,
      "ocf": -8119000,
      "capex": -1522000,
      "gross_margin": 0.19779576437353058,
      "op_margin": -0.21084275771064295,
      "fcf_margin": -0.08959121279423107,
      "incr_op_margin_yoy": 0.23056397816858704,
      "rev_growth_yoy": -0.07116593012014916,
      "rev_growth_yoy_accel": 0.07755676089823021,
      "fcf_margin_change": -0.05319313555779633
    },
    {
      "date": "2025-08-02T00:00:00",
      "quarter_label": "2025-08 (Q3)",
      "revenue": 151256000,
      "gross_profit": 49102000,
      "operating_income": 2678000,
      "net_income": 3165000,
      "opex": 46424000,
      "cogs": 102154000,
      "rd": null,
      "sga": 46424000,
      "fcf": 13440000,
      "ocf": 13969000,
      "capex": -529000,
      "gross_margin": 0.32462844449145817,
      "op_margin": 0.017705082773575923,
      "fcf_margin": 0.08885597926693817,
      "incr_op_margin_yoy": -0.3046249246404272,
      "rev_growth_yoy": -0.07129129903540926,
      "rev_growth_yoy_accel": -0.00012536891526010452,
      "op_leverage_ratio": 7.279603386270921,
      "fcf_margin_change": 0.17844719206116924
    },
    {
      "date": "2025-11-01T00:00:00",
      "quarter_label": "2025-11 (Q4)",
      "revenue": 139587000,
      "gross_profit": 42587000,
      "operating_income": -1918000,
      "net_income": -1407000,
      "opex": 44505000,
      "cogs": 97000000,
      "rd": null,
      "sga": 44505000,
      "fcf": -11660000,
      "ocf": -10358000,
      "capex": -1302000,
      "gross_margin": 0.3050928811422267,
      "op_margin": -0.013740534577002157,
      "fcf_margin": -0.08353213408125398,
      "incr_op_margin_yoy": -3.148119325551232,
      "rev_growth_yoy": -0.026874973857029322,
      "rev_growth_yoy_accel": 0.04441632517837994,
      "fcf_margin_change": -0.17238811334819215
    }
  ],
  "signals": [
    {
      "quarter": "2025-08 (Q3)",
      "signal": "FCF TURNED POSITIVE",
      "detail": "FCF margin: -9.0% -> +8.9%",
      "severity": "HIGH"
    },
    {
      "quarter": "2025-08 (Q3)",
      "signal": "OPERATING LEVERAGE",
      "detail": "Rev growth +40.6% vs OpEx growth +5.6% (leverage: 7.3x)",
      "severity": "MEDIUM"
    },
    {
      "quarter": "2025-08 (Q3)",
      "signal": "GROSS MARGIN INFLECTION",
      "detail": "GM: +26.0% -> +19.8% -> +32.5% (reversal +12.7%)",
      "severity": "HIGH"
    },
    {
      "quarter": "2025-08 (Q3)",
      "signal": "OP MARGIN TURNED POSITIVE (YoY)",
      "detail": "Op margin: -0.5% (year-ago) -> +1.8%",
      "severity": "HIGH"
    },
    {
      "quarter": "2025-08 (Q3)",
      "signal": "OP MARGIN TURNED POSITIVE (QoQ)",
      "detail": "Op margin: -21.1% -> +1.8%",
      "severity": "HIGH"
    },
    {
      "quarter": "2025-05 (Q2)",
      "signal": "YoY REVENUE GROWTH ACCELERATION",
      "detail": "YoY growth: -7.1% vs prior quarter YoY: -14.9% (accel: +7.8%)",
      "severity": "MEDIUM"
    },
    {
      "quarter": "2025-02 (Q1)",
      "signal": "FCF MARGIN EXPANSION",
      "detail": "FCF margin: -17.5% -> -3.6% (+13.8%)",
      "severity": "MEDIUM"
    },
    {
      "quarter": "2024-11 (Q4)",
      "signal": "YoY REVENUE GROWTH DECELERATION",
      "detail": "YoY growth: -13.8% vs prior quarter YoY: +1.8% (decel: -15.7%)",
      "severity": "WARNING"
    },
    {
      "quarter": "2024-08 (Q3)",
      "signal": "FCF TURNED POSITIVE",
      "detail": "FCF margin: -24.0% -> +4.9%",
      "severity": "HIGH"
    },
    {
      "quarter": "2024-08 (Q3)",
      "signal": "OPERATING LEVERAGE",
      "detail": "Rev growth +40.6% vs OpEx growth +12.6% (leverage: 3.2x)",
      "severity": "MEDIUM"
    },
    {
      "quarter": "2024-08 (Q3)",
      "signal": "GROSS MARGIN INFLECTION",
      "detail": "GM: +27.0% -> +21.0% -> +30.7% (reversal +9.7%)",
      "severity": "HIGH"
    },
    {
      "quarter": "2024-08 (Q3)",
      "signal": "YoY REVENUE GROWTH ACCELERATION",
      "detail": "YoY growth: +1.8% vs prior quarter YoY: -6.3% (accel: +8.1%)",
      "severity": "MEDIUM"
    },
    {
      "quarter": "2024-02 (Q1)",
      "signal": "FCF TURNED POSITIVE",
      "detail": "FCF margin: -6.5% -> +0.2%",
      "severity": "HIGH"
    },
    {
      "quarter": "2023-07 (Q3)",
      "signal": "FCF TURNED POSITIVE",
      "detail": "FCF margin: -16.5% -> +6.4%",
      "severity": "HIGH"
    },
    {
      "quarter": "2023-07 (Q3)",
      "signal": "OPERATING LEVERAGE",
      "detail": "Rev growth +29.4% vs OpEx growth +8.8% (leverage: 3.3x)",
      "severity": "MEDIUM"
    },
    {
      "quarter": "2023-07 (Q3)",
      "signal": "GROSS MARGIN INFLECTION",
      "detail": "GM: +29.0% -> +21.0% -> +27.7% (reversal +6.7%)",
      "severity": "HIGH"
    },
    {
      "quarter": "2023-07 (Q3)",
      "signal": "YoY REVENUE GROWTH ACCELERATION",
      "detail": "YoY growth: -5.0% vs prior quarter YoY: -15.2% (accel: +10.2%)",
      "severity": "MEDIUM"
    },
    {
      "quarter": "2023-01 (Q1)",
      "signal": "FCF TURNED POSITIVE",
      "detail": "FCF margin: -5.0% -> +3.6%",
      "severity": "HIGH"
    },
    {
      "quarter": "2022-10 (Q4)",
      "signal": "OPERATING LEVERAGE",
      "detail": "Rev growth +5.7% vs OpEx growth +3.1% (leverage: 1.8x)",
      "severity": "MEDIUM"
    },
    {
      "quarter": "2022-10 (Q4)",
      "signal": "INCREMENTAL MARGIN (YoY)",
      "detail": "YoY Incr OPM: +80.3% vs year-ago OPM: +14.1%",
      "severity": "HIGH"
    },
    {
      "quarter": "2022-07 (Q3)",
      "signal": "FCF TURNED POSITIVE",
      "detail": "FCF margin: -13.8% -> +3.6%",
      "severity": "HIGH"
    },
    {
      "quarter": "2022-07 (Q3)",
      "signal": "OPERATING LEVERAGE",
      "detail": "Rev growth +15.5% vs OpEx growth +9.7% (leverage: 1.6x)",
      "severity": "MEDIUM"
    },
    {
      "quarter": "2022-07 (Q3)",
      "signal": "YoY REVENUE GROWTH DECELERATION",
      "detail": "YoY growth: -16.7% vs prior quarter YoY: -10.7% (decel: -6.0%)",
      "severity": "WARNING"
    },
    {
      "quarter": "2022-07 (Q3)",
      "signal": "INCREMENTAL MARGIN (YoY)",
      "detail": "YoY Incr OPM: +63.2% vs year-ago OPM: +13.1%",
      "severity": "HIGH"
    },
    {
      "quarter": "2022-04 (Q2)",
      "signal": "YoY REVENUE GROWTH DECELERATION",
      "detail": "YoY growth: -10.7% vs prior quarter YoY: +14.9% (decel: -25.6%)",
      "severity": "WARNING"
    },
    {
      "quarter": "2022-04 (Q2)",
      "signal": "INCREMENTAL MARGIN (YoY)",
      "detail": "YoY Incr OPM: +79.2% vs year-ago OPM: +9.1%",
      "severity": "HIGH"
    }
  ],
  "data_quality": {
    "n_quarters": 20,
    "coverage": {
      "revenue": [
        20,
        20
      ],
      "gross_profit": [
        20,
        20
      ],
      "op_income": [
        20,
        20
      ],
      "fcf": [
        20,
        20
      ]
    },
    "gaps": [],
    "warnings": []
  },
  "market_cap": null,
  "source": "SEC EDGAR",
  "last_updated": "2026-02-02T23:41:20.112825"
}