{
  "ticker": "TMCI",
  "name": "TREACE MEDICAL CONCEPTS, Inc.",
  "quarters": [
    {
      "date": "2020-12-31T00:00:00",
      "quarter_label": "2020-12 (Q4)",
      "revenue": 24105000,
      "gross_profit": 19021000,
      "operating_income": 3635000,
      "net_income": 2567000,
      "opex": 15386000,
      "cogs": 5084000,
      "rd": 1922000,
      "sga": null,
      "fcf": 2360000,
      "ocf": 2448000,
      "capex": -88000,
      "gross_margin": 0.7890894005393072,
      "op_margin": 0.15079858950425223,
      "fcf_margin": 0.09790499896287078
    },
    {
      "date": "2021-03-31T00:00:00",
      "quarter_label": "2021-03 (Q1)",
      "revenue": 18707000,
      "gross_profit": 15380000,
      "operating_income": -1402000,
      "net_income": -2432000,
      "opex": 16782000,
      "cogs": 3327000,
      "rd": 1868000,
      "sga": null,
      "fcf": -642000,
      "ocf": -446000,
      "capex": -196000,
      "gross_margin": 0.8221521355642273,
      "op_margin": -0.07494520767627091,
      "fcf_margin": -0.034318704228363715,
      "fcf_margin_change": -0.1322237031912345
    },
    {
      "date": "2021-06-30T00:00:00",
      "quarter_label": "2021-06 (Q2)",
      "revenue": 20654000,
      "gross_profit": 16710000,
      "operating_income": -4051000,
      "net_income": -5083000,
      "opex": 20761000,
      "cogs": 3944000,
      "rd": 2422000,
      "sga": null,
      "fcf": -4401000,
      "ocf": -3731000,
      "capex": -670000,
      "gross_margin": 0.8090442529292147,
      "op_margin": -0.1961363416287402,
      "fcf_margin": -0.2130822116781253,
      "op_leverage_ratio": 0.4389667070342423,
      "fcf_margin_change": -0.17876350744976158
    },
    {
      "date": "2021-09-30T00:00:00",
      "quarter_label": "2021-09 (Q3)",
      "revenue": 21619000,
      "gross_profit": 17371000,
      "operating_income": -5460000,
      "net_income": -6418000,
      "opex": 22831000,
      "cogs": 4248000,
      "rd": 2537000,
      "sga": null,
      "fcf": -10203000,
      "ocf": -9264000,
      "capex": -939000,
      "gross_margin": 0.8035061751237338,
      "op_margin": -0.25255562236921225,
      "fcf_margin": -0.47194597344928074,
      "op_leverage_ratio": 0.46859868297025437,
      "fcf_margin_change": -0.25886376177115544
    },
    {
      "date": "2021-12-31T00:00:00",
      "quarter_label": "2021-12 (Q4)",
      "revenue": 33439000,
      "gross_profit": 27132000,
      "operating_income": -5597000,
      "net_income": -6619000,
      "opex": 32729000,
      "cogs": 6307000,
      "rd": 3377000,
      "sga": null,
      "fcf": -4652000,
      "ocf": -3752000,
      "capex": -900000,
      "gross_margin": 0.8113879003558719,
      "op_margin": -0.1673794072789258,
      "fcf_margin": -0.13911899279284667,
      "incr_op_margin_yoy": -0.9890722091279195,
      "rev_growth_yoy": 0.3872225679319643,
      "op_leverage_ratio": 1.2611285559069128,
      "fcf_margin_change": 0.33282698065643407
    },
    {
      "date": "2022-03-31T00:00:00",
      "quarter_label": "2022-03 (Q1)",
      "revenue": 29047000,
      "gross_profit": 23541000,
      "operating_income": -8096000,
      "net_income": -9036000,
      "opex": 31637000,
      "cogs": 5506000,
      "rd": 3052000,
      "sga": null,
      "fcf": -8722000,
      "ocf": -7241000,
      "capex": -1481000,
      "gross_margin": 0.8104451406341446,
      "op_margin": -0.27872069404757804,
      "fcf_margin": -0.30027197300926084,
      "incr_op_margin_yoy": -0.6473887814313346,
      "rev_growth_yoy": 0.5527342705938953,
      "rev_growth_yoy_accel": 0.16551170266193105,
      "fcf_margin_change": -0.16115298021641417
    },
    {
      "date": "2022-06-30T00:00:00",
      "quarter_label": "2022-06 (Q2)",
      "revenue": 29967000,
      "gross_profit": 24316000,
      "operating_income": -11933000,
      "net_income": -17234000,
      "opex": 36249000,
      "cogs": 5651000,
      "rd": 2984000,
      "sga": null,
      "fcf": -15734000,
      "ocf": -10566000,
      "capex": -5168000,
      "gross_margin": 0.8114259018253412,
      "op_margin": -0.3982046918276771,
      "fcf_margin": -0.5250442153035005,
      "incr_op_margin_yoy": -0.8463438204660152,
      "rev_growth_yoy": 0.45090539362835286,
      "rev_growth_yoy_accel": -0.10182887696554249,
      "op_leverage_ratio": 0.21726638506226903,
      "fcf_margin_change": -0.2247722422942397
    },
    {
      "date": "2022-09-30T00:00:00",
      "quarter_label": "2022-09 (Q3)",
      "revenue": 33055000,
      "gross_profit": 26431000,
      "operating_income": -11318000,
      "net_income": -12133000,
      "opex": 37749000,
      "cogs": 6624000,
      "rd": 3799000,
      "sga": null,
      "fcf": -13340000,
      "ocf": -7483000,
      "capex": -5857000,
      "gross_margin": 0.7996067160792618,
      "op_margin": -0.3423990319165028,
      "fcf_margin": -0.403569807895931,
      "incr_op_margin_yoy": -0.512242042672263,
      "rev_growth_yoy": 0.5289791387205699,
      "rev_growth_yoy_accel": 0.07807374509221704,
      "op_leverage_ratio": 2.4902261821336804,
      "fcf_margin_change": 0.12147440740756954
    },
    {
      "date": "2022-12-31T00:00:00",
      "quarter_label": "2022-12 (Q4)",
      "revenue": 49769000,
      "gross_profit": 40027000,
      "operating_income": -3497000,
      "net_income": -4412000,
      "opex": 43524000,
      "cogs": 9742000,
      "rd": 3749000,
      "sga": null,
      "fcf": -7690000,
      "ocf": -5358000,
      "capex": -2332000,
      "gross_margin": 0.804255661154534,
      "op_margin": -0.07026462255620969,
      "fcf_margin": -0.15451385400550544,
      "incr_op_margin_yoy": 0.12859767299448868,
      "rev_growth_yoy": 0.4883519243996531,
      "rev_growth_yoy_accel": -0.040627214320916816,
      "op_leverage_ratio": 3.305192047099777,
      "fcf_margin_change": 0.24905595389042556
    },
    {
      "date": "2023-03-31T00:00:00",
      "quarter_label": "2023-03 (Q1)",
      "revenue": 42195000,
      "gross_profit": 34156000,
      "operating_income": -13776000,
      "net_income": -13454000,
      "opex": 47932000,
      "cogs": 8039000,
      "rd": 3412000,
      "sga": null,
      "fcf": -18737000,
      "ocf": -17259000,
      "capex": -1478000,
      "gross_margin": 0.809479796184382,
      "op_margin": -0.3264841805901173,
      "fcf_margin": -0.4440573527669155,
      "incr_op_margin_yoy": -0.4320048676604807,
      "rev_growth_yoy": 0.45264571212173377,
      "rev_growth_yoy_accel": -0.035706212277919314,
      "fcf_margin_change": -0.28954349876141006
    },
    {
      "date": "2023-06-30T00:00:00",
      "quarter_label": "2023-06 (Q2)",
      "revenue": 41953000,
      "gross_profit": 34278000,
      "operating_income": -13052000,
      "net_income": -12271000,
      "opex": 47330000,
      "cogs": 7675000,
      "rd": 3526000,
      "sga": null,
      "fcf": -12566000,
      "ocf": -8335000,
      "capex": -4231000,
      "gross_margin": 0.8170571830381618,
      "op_margin": -0.3111100517245489,
      "fcf_margin": -0.29952565966676997,
      "incr_op_margin_yoy": -0.09335891873852828,
      "rev_growth_yoy": 0.3999733039676978,
      "rev_growth_yoy_accel": -0.052672408154035955,
      "fcf_margin_change": 0.14453169310014552
    },
    {
      "date": "2023-09-30T00:00:00",
      "quarter_label": "2023-09 (Q3)",
      "revenue": 40758000,
      "gross_profit": 32760000,
      "operating_income": -17818000,
      "net_income": -17521000,
      "opex": 50578000,
      "cogs": 7998000,
      "rd": 4350000,
      "sga": null,
      "fcf": -13014000,
      "ocf": -9513000,
      "capex": -3501000,
      "gross_margin": 0.8037685853084057,
      "op_margin": -0.4371657097993032,
      "fcf_margin": -0.3192992786692183,
      "incr_op_margin_yoy": -0.843827080358302,
      "rev_growth_yoy": 0.23303584934200575,
      "rev_growth_yoy_accel": -0.16693745462569207,
      "fcf_margin_change": -0.01977361900244834
    },
    {
      "date": "2023-12-31T00:00:00",
      "quarter_label": "2023-12 (Q4)",
      "revenue": 62212000,
      "gross_profit": 50743000,
      "operating_income": -6782000,
      "net_income": -6281000,
      "opex": 57525000,
      "cogs": 11469000,
      "rd": 4152000,
      "sga": null,
      "fcf": -1716000,
      "ocf": 532000,
      "capex": -2248000,
      "gross_margin": 0.815646499067704,
      "op_margin": -0.10901433806982576,
      "fcf_margin": -0.02758310293833987,
      "incr_op_margin_yoy": -0.2640038575906132,
      "rev_growth_yoy": 0.25001506962165204,
      "rev_growth_yoy_accel": 0.016979220279646295,
      "op_leverage_ratio": 3.8323023416209567,
      "fcf_margin_change": 0.29171617573087844
    },
    {
      "date": "2024-03-31T00:00:00",
      "quarter_label": "2024-03 (Q1)",
      "revenue": 51108000,
      "gross_profit": 40981000,
      "operating_income": -18968000,
      "net_income": -18676000,
      "opex": 59949000,
      "cogs": 10127000,
      "rd": 5259000,
      "sga": null,
      "fcf": -11148000,
      "ocf": -7221000,
      "capex": -3927000,
      "gross_margin": 0.8018509822337012,
      "op_margin": -0.37113563434296,
      "fcf_margin": -0.21812632073256633,
      "incr_op_margin_yoy": -0.5825199147312914,
      "rev_growth_yoy": 0.2112335584784927,
      "rev_growth_yoy_accel": -0.038781511143159336,
      "fcf_margin_change": -0.19054321779422645
    },
    {
      "date": "2024-06-30T00:00:00",
      "quarter_label": "2024-06 (Q2)",
      "revenue": 44455000,
      "gross_profit": 35674000,
      "operating_income": -21382000,
      "net_income": -21206000,
      "opex": 57056000,
      "cogs": 8781000,
      "rd": 5157000,
      "sga": null,
      "fcf": -15626000,
      "ocf": -13897000,
      "capex": -1729000,
      "gross_margin": 0.8024744123270723,
      "op_margin": -0.4809807670678214,
      "fcf_margin": -0.35150151838938254,
      "incr_op_margin_yoy": -3.3293365307753797,
      "rev_growth_yoy": 0.05963816651967678,
      "rev_growth_yoy_accel": -0.15159539195881594,
      "fcf_margin_change": -0.1333751976568162
    },
    {
      "date": "2024-09-30T00:00:00",
      "quarter_label": "2024-09 (Q3)",
      "revenue": 45086000,
      "gross_profit": 36132000,
      "operating_income": -15134000,
      "net_income": -15360000,
      "opex": 51266000,
      "cogs": 8954000,
      "rd": 4963000,
      "sga": null,
      "fcf": -14705000,
      "ocf": -11842000,
      "capex": -2863000,
      "gross_margin": 0.8014017655147939,
      "op_margin": -0.33566960919132327,
      "fcf_margin": -0.32615446036463647,
      "incr_op_margin_yoy": 0.6201478743068392,
      "rev_growth_yoy": 0.10618774228372344,
      "rev_growth_yoy_accel": 0.046549575764046655,
      "op_leverage_ratio": Infinity,
      "fcf_margin_change": 0.025347058024746072
    },
    {
      "date": "2024-12-31T00:00:00",
      "quarter_label": "2024-12 (Q4)",
      "revenue": 68708000,
      "gross_profit": 55477000,
      "operating_income": -204000,
      "net_income": -501000,
      "opex": 55681000,
      "cogs": 13231000,
      "rd": 5210000,
      "sga": null,
      "fcf": -7281000,
      "ocf": -4207000,
      "capex": -3074000,
      "gross_margin": 0.8074314490306805,
      "op_margin": -0.0029690865692495777,
      "fcf_margin": -0.10597019269954008,
      "incr_op_margin_yoy": 1.0126231527093597,
      "rev_growth_yoy": 0.10441715424676912,
      "rev_growth_yoy_accel": -0.001770588036954318,
      "op_leverage_ratio": 6.083782562470646,
      "fcf_margin_change": 0.22018426766509638
    },
    {
      "date": "2025-03-31T00:00:00",
      "quarter_label": "2025-03 (Q1)",
      "revenue": 52570000,
      "gross_profit": 41893000,
      "operating_income": -15582000,
      "net_income": -15922000,
      "opex": 57475000,
      "cogs": 10677000,
      "rd": 5562000,
      "sga": null,
      "fcf": 655000,
      "ocf": 4198000,
      "capex": -3543000,
      "gross_margin": 0.7968993722655507,
      "op_margin": -0.29640479360852195,
      "fcf_margin": 0.012459577705915922,
      "incr_op_margin_yoy": 2.3160054719562244,
      "rev_growth_yoy": 0.02860608906629099,
      "rev_growth_yoy_accel": -0.07581106518047813,
      "fcf_margin_change": 0.118429770405456
    },
    {
      "date": "2025-06-30T00:00:00",
      "quarter_label": "2025-06 (Q2)",
      "revenue": 47387000,
      "gross_profit": 37752000,
      "operating_income": -16974000,
      "net_income": -17398000,
      "opex": 54726000,
      "cogs": 9635000,
      "rd": 5498000,
      "sga": null,
      "fcf": -7817000,
      "ocf": -3050000,
      "capex": -4767000,
      "gross_margin": 0.7966741933441661,
      "op_margin": -0.3581995061936818,
      "fcf_margin": -0.1649608542427248,
      "incr_op_margin_yoy": 1.5034106412005457,
      "rev_growth_yoy": 0.06595433584523676,
      "rev_growth_yoy_accel": 0.03734824677894577,
      "fcf_margin_change": -0.1774204319486407
    },
    {
      "date": "2025-09-30T00:00:00",
      "quarter_label": "2025-09 (Q3)",
      "revenue": 50214000,
      "gross_profit": 39706000,
      "operating_income": -15676000,
      "net_income": -16288000,
      "opex": 55382000,
      "cogs": 10508000,
      "rd": 4680000,
      "sga": null,
      "fcf": -11901000,
      "ocf": -9092000,
      "capex": -2809000,
      "gross_margin": 0.7907356514119568,
      "op_margin": -0.3121838531086948,
      "fcf_margin": -0.23700561596367548,
      "incr_op_margin_yoy": -0.10569422776911076,
      "rev_growth_yoy": 0.1137381892383445,
      "rev_growth_yoy_accel": 0.04778385339310774,
      "op_leverage_ratio": 4.97687187285594,
      "fcf_margin_change": -0.07204476172095067
    }
  ],
  "signals": [
    {
      "quarter": "2025-09 (Q3)",
      "signal": "OPERATING LEVERAGE",
      "detail": "Rev growth +6.0% vs OpEx growth +1.2% (leverage: 5.0x)",
      "severity": "MEDIUM"
    },
    {
      "quarter": "2025-03 (Q1)",
      "signal": "FCF TURNED POSITIVE",
      "detail": "FCF margin: -10.6% -> +1.2%",
      "severity": "HIGH"
    },
    {
      "quarter": "2025-03 (Q1)",
      "signal": "YoY REVENUE GROWTH DECELERATION",
      "detail": "YoY growth: +2.9% vs prior quarter YoY: +10.4% (decel: -7.6%)",
      "severity": "WARNING"
    },
    {
      "quarter": "2024-12 (Q4)",
      "signal": "FCF MARGIN EXPANSION",
      "detail": "FCF margin: -32.6% -> -10.6% (+22.0%)",
      "severity": "MEDIUM"
    },
    {
      "quarter": "2024-12 (Q4)",
      "signal": "OPERATING LEVERAGE",
      "detail": "Rev growth +52.4% vs OpEx growth +8.6% (leverage: 6.1x)",
      "severity": "MEDIUM"
    },
    {
      "quarter": "2024-06 (Q2)",
      "signal": "YoY REVENUE GROWTH DECELERATION",
      "detail": "YoY growth: +6.0% vs prior quarter YoY: +21.1% (decel: -15.2%)",
      "severity": "WARNING"
    },
    {
      "quarter": "2023-12 (Q4)",
      "signal": "FCF MARGIN EXPANSION",
      "detail": "FCF margin: -31.9% -> -2.8% (+29.2%)",
      "severity": "MEDIUM"
    },
    {
      "quarter": "2023-12 (Q4)",
      "signal": "OPERATING LEVERAGE",
      "detail": "Rev growth +52.6% vs OpEx growth +13.7% (leverage: 3.8x)",
      "severity": "MEDIUM"
    },
    {
      "quarter": "2023-09 (Q3)",
      "signal": "YoY REVENUE GROWTH DECELERATION",
      "detail": "YoY growth: +23.3% vs prior quarter YoY: +40.0% (decel: -16.7%)",
      "severity": "WARNING"
    },
    {
      "quarter": "2023-06 (Q2)",
      "signal": "FCF MARGIN EXPANSION",
      "detail": "FCF margin: -44.4% -> -30.0% (+14.5%)",
      "severity": "MEDIUM"
    },
    {
      "quarter": "2023-06 (Q2)",
      "signal": "YoY REVENUE GROWTH DECELERATION",
      "detail": "YoY growth: +40.0% vs prior quarter YoY: +45.3% (decel: -5.3%)",
      "severity": "WARNING"
    },
    {
      "quarter": "2022-12 (Q4)",
      "signal": "FCF MARGIN EXPANSION",
      "detail": "FCF margin: -40.4% -> -15.5% (+24.9%)",
      "severity": "MEDIUM"
    },
    {
      "quarter": "2022-12 (Q4)",
      "signal": "OPERATING LEVERAGE",
      "detail": "Rev growth +50.6% vs OpEx growth +15.3% (leverage: 3.3x)",
      "severity": "MEDIUM"
    },
    {
      "quarter": "2022-09 (Q3)",
      "signal": "FCF MARGIN EXPANSION",
      "detail": "FCF margin: -52.5% -> -40.4% (+12.1%)",
      "severity": "MEDIUM"
    },
    {
      "quarter": "2022-09 (Q3)",
      "signal": "OPERATING LEVERAGE",
      "detail": "Rev growth +10.3% vs OpEx growth +4.1% (leverage: 2.5x)",
      "severity": "MEDIUM"
    },
    {
      "quarter": "2022-09 (Q3)",
      "signal": "YoY REVENUE GROWTH ACCELERATION",
      "detail": "YoY growth: +52.9% vs prior quarter YoY: +45.1% (accel: +7.8%)",
      "severity": "MEDIUM"
    },
    {
      "quarter": "2022-06 (Q2)",
      "signal": "YoY REVENUE GROWTH DECELERATION",
      "detail": "YoY growth: +45.1% vs prior quarter YoY: +55.3% (decel: -10.2%)",
      "severity": "WARNING"
    },
    {
      "quarter": "2022-03 (Q1)",
      "signal": "YoY REVENUE GROWTH ACCELERATION",
      "detail": "YoY growth: +55.3% vs prior quarter YoY: +38.7% (accel: +16.6%)",
      "severity": "HIGH"
    },
    {
      "quarter": "2021-12 (Q4)",
      "signal": "FCF MARGIN EXPANSION",
      "detail": "FCF margin: -47.2% -> -13.9% (+33.3%)",
      "severity": "MEDIUM"
    }
  ],
  "data_quality": {
    "n_quarters": 20,
    "coverage": {
      "revenue": [
        20,
        20
      ],
      "gross_profit": [
        20,
        20
      ],
      "op_income": [
        20,
        20
      ],
      "fcf": [
        20,
        20
      ]
    },
    "gaps": [],
    "warnings": []
  },
  "market_cap": null,
  "source": "SEC EDGAR",
  "last_updated": "2026-02-02T23:07:20.976351"
}