{
  "ticker": "TMDX",
  "name": "TransMedics Group, Inc.",
  "quarters": [
    {
      "date": "2020-12-31T00:00:00",
      "quarter_label": "2020-12 (Q4)",
      "revenue": 7627000,
      "gross_profit": 4828000,
      "operating_income": -5896000,
      "net_income": -6311000,
      "opex": 10724000,
      "cogs": 2799000,
      "rd": 4548000,
      "sga": 6176000,
      "fcf": -7140000,
      "ocf": -7138000,
      "capex": -2000,
      "gross_margin": 0.6330142913334207,
      "op_margin": -0.7730431362265635,
      "fcf_margin": -0.9361478956339321
    },
    {
      "date": "2021-03-31T00:00:00",
      "quarter_label": "2021-03 (Q1)",
      "revenue": 7053000,
      "gross_profit": 4811000,
      "operating_income": -6507000,
      "net_income": -7917000,
      "opex": 11318000,
      "cogs": 2242000,
      "rd": 4532000,
      "sga": 6786000,
      "fcf": -7350000,
      "ocf": -7330000,
      "capex": -20000,
      "gross_margin": 0.6821210832269956,
      "op_margin": -0.9225861335601871,
      "fcf_margin": -1.042109740535942,
      "fcf_margin_change": -0.10596184490201
    },
    {
      "date": "2021-06-30T00:00:00",
      "quarter_label": "2021-06 (Q2)",
      "revenue": 8171000,
      "gross_profit": 5589000,
      "operating_income": -9868000,
      "net_income": -10668000,
      "opex": 15457000,
      "cogs": 2582000,
      "rd": 6295000,
      "sga": 9162000,
      "fcf": -5789000,
      "ocf": -5536000,
      "capex": -253000,
      "gross_margin": 0.6840044058254804,
      "op_margin": -1.2076857177824012,
      "fcf_margin": -0.7084812140496879,
      "op_leverage_ratio": 0.43345316945350815,
      "fcf_margin_change": 0.3336285264862542
    },
    {
      "date": "2021-09-30T00:00:00",
      "quarter_label": "2021-09 (Q3)",
      "revenue": 5370000,
      "gross_profit": 3773000,
      "operating_income": -11725000,
      "net_income": -12962000,
      "opex": 15498000,
      "cogs": 1597000,
      "rd": 5163000,
      "sga": 10335000,
      "fcf": -9418000,
      "ocf": -9350000,
      "capex": -68000,
      "gross_margin": 0.7026070763500931,
      "op_margin": -2.1834264432029795,
      "fcf_margin": -1.7538175046554936,
      "fcf_margin_change": -1.0453362906058057
    },
    {
      "date": "2021-12-31T00:00:00",
      "quarter_label": "2021-12 (Q4)",
      "revenue": 9668000,
      "gross_profit": 6986000,
      "operating_income": -11328000,
      "net_income": -12668000,
      "opex": 18314000,
      "cogs": 2682000,
      "rd": 6314000,
      "sga": 12000000,
      "fcf": -9826000,
      "ocf": -6648000,
      "capex": -3178000,
      "gross_margin": 0.7225899875879189,
      "op_margin": -1.1717004551096402,
      "fcf_margin": -1.0163425734381464,
      "incr_op_margin_yoy": -2.6614404703576677,
      "rev_growth_yoy": 0.2676019404746296,
      "op_leverage_ratio": 4.404890648806501,
      "fcf_margin_change": 0.7374749312173472
    },
    {
      "date": "2022-03-31T00:00:00",
      "quarter_label": "2022-03 (Q1)",
      "revenue": 15880000,
      "gross_profit": 12104000,
      "operating_income": -9369000,
      "net_income": -10562000,
      "opex": 21473000,
      "cogs": 3776000,
      "rd": 7534000,
      "sga": 13939000,
      "fcf": -20359000,
      "ocf": -18406000,
      "capex": -1953000,
      "gross_margin": 0.7622166246851385,
      "op_margin": -0.5899874055415617,
      "fcf_margin": -1.2820528967254408,
      "incr_op_margin_yoy": -0.3242324685623655,
      "rev_growth_yoy": 1.2515241741103076,
      "rev_growth_yoy_accel": 0.983922233635678,
      "op_leverage_ratio": 3.7250181165043483,
      "fcf_margin_change": -0.2657103232872944
    },
    {
      "date": "2022-06-30T00:00:00",
      "quarter_label": "2022-06 (Q2)",
      "revenue": 20521000,
      "gross_profit": 14350000,
      "operating_income": -9745000,
      "net_income": -11523000,
      "opex": 24095000,
      "cogs": 6171000,
      "rd": 6714000,
      "sga": 17381000,
      "fcf": -13354000,
      "ocf": -9094000,
      "capex": -4260000,
      "gross_margin": 0.6992836606403197,
      "op_margin": -0.47487939184250283,
      "fcf_margin": -0.650748014229326,
      "incr_op_margin_yoy": 0.009959514170040486,
      "rev_growth_yoy": 1.511442907844817,
      "rev_growth_yoy_accel": 0.25991873373450947,
      "op_leverage_ratio": 2.3934320763852464,
      "fcf_margin_change": 0.6313048824961147
    },
    {
      "date": "2022-09-30T00:00:00",
      "quarter_label": "2022-09 (Q3)",
      "revenue": 25683000,
      "gross_profit": 18115000,
      "operating_income": -5544000,
      "net_income": -7426000,
      "opex": 23659000,
      "cogs": 7568000,
      "rd": 6808000,
      "sga": 16851000,
      "fcf": -17212000,
      "ocf": -14282000,
      "capex": -2930000,
      "gross_margin": 0.7053303741774715,
      "op_margin": -0.21586263286999183,
      "fcf_margin": -0.6701709301872835,
      "incr_op_margin_yoy": 0.30428789445182886,
      "rev_growth_yoy": 3.7826815642458103,
      "rev_growth_yoy_accel": 2.2712386564009934,
      "op_leverage_ratio": Infinity,
      "fcf_margin_change": -0.01942291595795742
    },
    {
      "date": "2022-12-31T00:00:00",
      "quarter_label": "2022-12 (Q4)",
      "revenue": 31375000,
      "gross_profit": 20703000,
      "operating_income": -6779000,
      "net_income": -6720000,
      "opex": 27482000,
      "cogs": 10672000,
      "rd": 5756000,
      "sga": 21726000,
      "fcf": -6799000,
      "ocf": -4035000,
      "capex": -2764000,
      "gross_margin": 0.6598565737051793,
      "op_margin": -0.21606374501992032,
      "fcf_margin": -0.2167011952191235,
      "incr_op_margin_yoy": 0.20956373520062652,
      "rev_growth_yoy": 2.245242035581299,
      "rev_growth_yoy_accel": -1.5374395286645113,
      "op_leverage_ratio": 1.3715486780314312,
      "fcf_margin_change": 0.45346973496815995
    },
    {
      "date": "2023-03-31T00:00:00",
      "quarter_label": "2023-03 (Q1)",
      "revenue": 41554000,
      "gross_profit": 28766000,
      "operating_income": -2089000,
      "net_income": -2636000,
      "opex": 30855000,
      "cogs": 12788000,
      "rd": 5871000,
      "sga": 24984000,
      "fcf": -9588000,
      "ocf": -8661000,
      "capex": -927000,
      "gross_margin": 0.6922558598450209,
      "op_margin": -0.05027193531308659,
      "fcf_margin": -0.2307359099003706,
      "incr_op_margin_yoy": 0.28355534782270003,
      "rev_growth_yoy": 1.616750629722922,
      "rev_growth_yoy_accel": -0.628491405858377,
      "op_leverage_ratio": 2.643342106226738,
      "fcf_margin_change": -0.01403471468124709
    },
    {
      "date": "2023-06-30T00:00:00",
      "quarter_label": "2023-06 (Q2)",
      "revenue": 52465000,
      "gross_profit": 36741000,
      "operating_income": -906000,
      "net_income": -1001000,
      "opex": 37647000,
      "cogs": 15724000,
      "rd": 8291000,
      "sga": 29356000,
      "fcf": -7183000,
      "ocf": -5803000,
      "capex": -1380000,
      "gross_margin": 0.7002954350519394,
      "op_margin": -0.01726865529400553,
      "fcf_margin": -0.13691032116649196,
      "incr_op_margin_yoy": 0.2767029802153769,
      "rev_growth_yoy": 1.5566492860971688,
      "rev_growth_yoy_accel": -0.060101343625753145,
      "op_leverage_ratio": 1.1928328582111472,
      "fcf_margin_change": 0.09382558873387864
    },
    {
      "date": "2023-09-30T00:00:00",
      "quarter_label": "2023-09 (Q3)",
      "revenue": 66430000,
      "gross_profit": 40662000,
      "operating_income": -28335000,
      "net_income": -25422000,
      "opex": 68997000,
      "cogs": 25768000,
      "rd": 11132000,
      "sga": 30653000,
      "fcf": -114590000,
      "ocf": -6868000,
      "capex": -107722000,
      "gross_margin": 0.6121029655276231,
      "op_margin": -0.4265392142104471,
      "fcf_margin": -1.7249736564805058,
      "incr_op_margin_yoy": -0.5593295211917442,
      "rev_growth_yoy": 1.5865358408285637,
      "rev_growth_yoy_accel": 0.0298865547313949,
      "op_leverage_ratio": 0.3196421856995573,
      "fcf_margin_change": -1.588063335314014
    },
    {
      "date": "2023-12-31T00:00:00",
      "quarter_label": "2023-12 (Q4)",
      "revenue": 81174000,
      "gross_profit": 47924000,
      "operating_income": 2603000,
      "net_income": 4031000,
      "opex": 45321000,
      "cogs": 33250000,
      "rd": 10761000,
      "sga": 34560000,
      "fcf": -33514000,
      "ocf": 8304000,
      "capex": -41818000,
      "gross_margin": 0.5903860842141573,
      "op_margin": 0.032066917978663116,
      "fcf_margin": -0.4128661886811048,
      "incr_op_margin_yoy": 0.18839735737665414,
      "rev_growth_yoy": 1.587219123505976,
      "rev_growth_yoy_accel": 0.0006832826774123557,
      "op_leverage_ratio": Infinity,
      "fcf_margin_change": 1.3121074677994011
    },
    {
      "date": "2024-03-31T00:00:00",
      "quarter_label": "2024-03 (Q1)",
      "revenue": 96850000,
      "gross_profit": 59962000,
      "operating_income": 12421000,
      "net_income": 12197000,
      "opex": 47541000,
      "cogs": 36888000,
      "rd": 11380000,
      "sga": 36161000,
      "fcf": -47607000,
      "ocf": -3435000,
      "capex": -44172000,
      "gross_margin": 0.6191223541559112,
      "op_margin": 0.12824987093443468,
      "fcf_margin": -0.4915539494062984,
      "incr_op_margin_yoy": 0.26240596064814814,
      "rev_growth_yoy": 1.3307022187996342,
      "rev_growth_yoy_accel": -0.2565169047063418,
      "op_leverage_ratio": 3.942437499958381,
      "fcf_margin_change": -0.07868776072519357
    },
    {
      "date": "2024-06-30T00:00:00",
      "quarter_label": "2024-06 (Q2)",
      "revenue": 114305000,
      "gross_profit": 69261000,
      "operating_income": 12508000,
      "net_income": 12194000,
      "opex": 56753000,
      "cogs": 45044000,
      "rd": 13858000,
      "sga": 42895000,
      "fcf": 1955000,
      "ocf": 25718000,
      "capex": -23763000,
      "gross_margin": 0.6059314990595337,
      "op_margin": 0.10942653427234154,
      "fcf_margin": 0.017103363807357507,
      "incr_op_margin_yoy": 0.21691461836998707,
      "rev_growth_yoy": 1.178690555608501,
      "rev_growth_yoy_accel": -0.15201166319113324,
      "op_leverage_ratio": 0.9301106377150318,
      "fcf_margin_change": 0.5086573132136559
    },
    {
      "date": "2024-09-30T00:00:00",
      "quarter_label": "2024-09 (Q3)",
      "revenue": 108761000,
      "gross_profit": 60845000,
      "operating_income": 3923000,
      "net_income": 4216000,
      "opex": 56922000,
      "cogs": 47916000,
      "rd": 14266000,
      "sga": 42656000,
      "fcf": -41346000,
      "ocf": 6857000,
      "capex": -48203000,
      "gross_margin": 0.5594376660751557,
      "op_margin": 0.03606991476724193,
      "fcf_margin": -0.38015465102380447,
      "incr_op_margin_yoy": 0.7620420023150882,
      "rev_growth_yoy": 0.6372271564052386,
      "rev_growth_yoy_accel": -0.5414633992032624,
      "fcf_margin_change": -0.39725801483116197
    },
    {
      "date": "2024-12-31T00:00:00",
      "quarter_label": "2024-12 (Q4)",
      "revenue": 121624000,
      "gross_profit": 72013000,
      "operating_income": 8644000,
      "net_income": 6857000,
      "opex": 63369000,
      "cogs": 49611000,
      "rd": 16464000,
      "sga": 46905000,
      "fcf": 6057000,
      "ocf": 19663000,
      "capex": -13606000,
      "gross_margin": 0.5920953101361573,
      "op_margin": 0.07107149904624087,
      "fcf_margin": 0.049801026113267116,
      "incr_op_margin_yoy": 0.14934487021013598,
      "rev_growth_yoy": 0.4983122674748072,
      "rev_growth_yoy_accel": -0.1389148889304314,
      "op_leverage_ratio": 1.0442189212150914,
      "fcf_margin_change": 0.4299556771370716
    },
    {
      "date": "2025-03-31T00:00:00",
      "quarter_label": "2025-03 (Q1)",
      "revenue": 143537000,
      "gross_profit": 88228000,
      "operating_income": 27443000,
      "net_income": 25682000,
      "opex": 60785000,
      "cogs": 55309000,
      "rd": 17160000,
      "sga": 43625000,
      "fcf": -29893000,
      "ocf": -2855000,
      "capex": -27038000,
      "gross_margin": 0.6146707817496534,
      "op_margin": 0.19119112145300515,
      "fcf_margin": -0.20825989117788446,
      "incr_op_margin_yoy": 0.3217598046565425,
      "rev_growth_yoy": 0.4820547237996902,
      "rev_growth_yoy_accel": -0.016257543675117003,
      "op_leverage_ratio": Infinity,
      "fcf_margin_change": -0.25806091729115155
    },
    {
      "date": "2025-06-30T00:00:00",
      "quarter_label": "2025-06 (Q2)",
      "revenue": 157370000,
      "gross_profit": 96589000,
      "operating_income": 36567000,
      "net_income": 34907000,
      "opex": 60022000,
      "cogs": 60781000,
      "rd": 15934000,
      "sga": 44088000,
      "fcf": 82534000,
      "ocf": 91609000,
      "capex": -9075000,
      "gross_margin": 0.6137700959522145,
      "op_margin": 0.23236322043591537,
      "fcf_margin": 0.5244582830272606,
      "incr_op_margin_yoy": 0.5586671310809241,
      "rev_growth_yoy": 0.3767551725646297,
      "rev_growth_yoy_accel": -0.10529955123506052,
      "op_leverage_ratio": Infinity,
      "fcf_margin_change": 0.7327181742051451
    },
    {
      "date": "2025-09-30T00:00:00",
      "quarter_label": "2025-09 (Q3)",
      "revenue": 143823000,
      "gross_profit": 84575000,
      "operating_income": 23300000,
      "net_income": 24319000,
      "opex": 61275000,
      "cogs": 59248000,
      "rd": 15260000,
      "sga": 46015000,
      "fcf": 61949000,
      "ocf": 69573000,
      "capex": -7624000,
      "gross_margin": 0.5880491993631061,
      "op_margin": 0.16200468631581874,
      "fcf_margin": 0.43073082886603675,
      "incr_op_margin_yoy": 0.5526495921510467,
      "rev_growth_yoy": 0.3223765871957779,
      "rev_growth_yoy_accel": -0.05437858536885182,
      "fcf_margin_change": -0.09372745416122386
    }
  ],
  "signals": [
    {
      "quarter": "2025-09 (Q3)",
      "signal": "YoY REVENUE GROWTH DECELERATION",
      "detail": "YoY growth: +32.2% vs prior quarter YoY: +37.7% (decel: -5.4%)",
      "severity": "WARNING"
    },
    {
      "quarter": "2025-09 (Q3)",
      "signal": "INCREMENTAL MARGIN (YoY)",
      "detail": "YoY Incr OPM: +55.3% vs year-ago OPM: +3.6%",
      "severity": "HIGH"
    },
    {
      "quarter": "2025-06 (Q2)",
      "signal": "FCF TURNED POSITIVE",
      "detail": "FCF margin: -20.8% -> +52.4%",
      "severity": "HIGH"
    },
    {
      "quarter": "2025-06 (Q2)",
      "signal": "YoY REVENUE GROWTH DECELERATION",
      "detail": "YoY growth: +37.7% vs prior quarter YoY: +48.2% (decel: -10.5%)",
      "severity": "WARNING"
    },
    {
      "quarter": "2025-06 (Q2)",
      "signal": "INCREMENTAL MARGIN (YoY)",
      "detail": "YoY Incr OPM: +55.9% vs year-ago OPM: +10.9%",
      "severity": "HIGH"
    },
    {
      "quarter": "2025-03 (Q1)",
      "signal": "INCREMENTAL MARGIN (YoY)",
      "detail": "YoY Incr OPM: +32.2% vs year-ago OPM: +12.8%",
      "severity": "MEDIUM"
    },
    {
      "quarter": "2024-12 (Q4)",
      "signal": "FCF TURNED POSITIVE",
      "detail": "FCF margin: -38.0% -> +5.0%",
      "severity": "HIGH"
    },
    {
      "quarter": "2024-12 (Q4)",
      "signal": "GROSS MARGIN INFLECTION",
      "detail": "GM: +60.6% -> +55.9% -> +59.2% (reversal +3.3%)",
      "severity": "MEDIUM"
    },
    {
      "quarter": "2024-12 (Q4)",
      "signal": "YoY REVENUE GROWTH DECELERATION",
      "detail": "YoY growth: +49.8% vs prior quarter YoY: +63.7% (decel: -13.9%)",
      "severity": "WARNING"
    },
    {
      "quarter": "2024-12 (Q4)",
      "signal": "INCREMENTAL MARGIN (YoY)",
      "detail": "YoY Incr OPM: +14.9% vs year-ago OPM: +3.2%",
      "severity": "MEDIUM"
    },
    {
      "quarter": "2024-09 (Q3)",
      "signal": "YoY REVENUE GROWTH DECELERATION",
      "detail": "YoY growth: +63.7% vs prior quarter YoY: +117.9% (decel: -54.1%)",
      "severity": "WARNING"
    },
    {
      "quarter": "2024-09 (Q3)",
      "signal": "OP MARGIN TURNED POSITIVE (YoY)",
      "detail": "Op margin: -42.7% (year-ago) -> +3.6%",
      "severity": "HIGH"
    },
    {
      "quarter": "2024-06 (Q2)",
      "signal": "FCF TURNED POSITIVE",
      "detail": "FCF margin: -49.2% -> +1.7%",
      "severity": "HIGH"
    },
    {
      "quarter": "2024-06 (Q2)",
      "signal": "YoY REVENUE GROWTH DECELERATION",
      "detail": "YoY growth: +117.9% vs prior quarter YoY: +133.1% (decel: -15.2%)",
      "severity": "WARNING"
    },
    {
      "quarter": "2024-06 (Q2)",
      "signal": "OP MARGIN TURNED POSITIVE (YoY)",
      "detail": "Op margin: -1.7% (year-ago) -> +10.9%",
      "severity": "HIGH"
    },
    {
      "quarter": "2024-03 (Q1)",
      "signal": "OPERATING LEVERAGE",
      "detail": "Rev growth +19.3% vs OpEx growth +4.9% (leverage: 3.9x)",
      "severity": "MEDIUM"
    },
    {
      "quarter": "2024-03 (Q1)",
      "signal": "GROSS MARGIN INFLECTION",
      "detail": "GM: +61.2% -> +59.0% -> +61.9% (reversal +2.9%)",
      "severity": "MEDIUM"
    },
    {
      "quarter": "2024-03 (Q1)",
      "signal": "YoY REVENUE GROWTH DECELERATION",
      "detail": "YoY growth: +133.1% vs prior quarter YoY: +158.7% (decel: -25.7%)",
      "severity": "WARNING"
    },
    {
      "quarter": "2024-03 (Q1)",
      "signal": "OP MARGIN TURNED POSITIVE (YoY)",
      "detail": "Op margin: -5.0% (year-ago) -> +12.8%",
      "severity": "HIGH"
    },
    {
      "quarter": "2023-12 (Q4)",
      "signal": "FCF MARGIN EXPANSION",
      "detail": "FCF margin: -172.5% -> -41.3% (+131.2%)",
      "severity": "MEDIUM"
    },
    {
      "quarter": "2023-12 (Q4)",
      "signal": "OP MARGIN TURNED POSITIVE (YoY)",
      "detail": "Op margin: -21.6% (year-ago) -> +3.2%",
      "severity": "HIGH"
    },
    {
      "quarter": "2023-12 (Q4)",
      "signal": "OP MARGIN TURNED POSITIVE (QoQ)",
      "detail": "Op margin: -42.7% -> +3.2%",
      "severity": "HIGH"
    },
    {
      "quarter": "2023-06 (Q2)",
      "signal": "FCF MARGIN EXPANSION",
      "detail": "FCF margin: -23.1% -> -13.7% (+9.4%)",
      "severity": "MEDIUM"
    },
    {
      "quarter": "2023-06 (Q2)",
      "signal": "YoY REVENUE GROWTH DECELERATION",
      "detail": "YoY growth: +155.7% vs prior quarter YoY: +161.7% (decel: -6.0%)",
      "severity": "WARNING"
    },
    {
      "quarter": "2023-03 (Q1)",
      "signal": "OPERATING LEVERAGE",
      "detail": "Rev growth +32.4% vs OpEx growth +12.3% (leverage: 2.6x)",
      "severity": "MEDIUM"
    },
    {
      "quarter": "2023-03 (Q1)",
      "signal": "GROSS MARGIN INFLECTION",
      "detail": "GM: +70.5% -> +66.0% -> +69.2% (reversal +3.2%)",
      "severity": "MEDIUM"
    },
    {
      "quarter": "2023-03 (Q1)",
      "signal": "YoY REVENUE GROWTH DECELERATION",
      "detail": "YoY growth: +161.7% vs prior quarter YoY: +224.5% (decel: -62.8%)",
      "severity": "WARNING"
    },
    {
      "quarter": "2022-12 (Q4)",
      "signal": "FCF MARGIN EXPANSION",
      "detail": "FCF margin: -67.0% -> -21.7% (+45.3%)",
      "severity": "MEDIUM"
    },
    {
      "quarter": "2022-12 (Q4)",
      "signal": "YoY REVENUE GROWTH DECELERATION",
      "detail": "YoY growth: +224.5% vs prior quarter YoY: +378.3% (decel: -153.7%)",
      "severity": "WARNING"
    },
    {
      "quarter": "2022-09 (Q3)",
      "signal": "YoY REVENUE GROWTH ACCELERATION",
      "detail": "YoY growth: +378.3% vs prior quarter YoY: +151.1% (accel: +227.1%)",
      "severity": "HIGH"
    },
    {
      "quarter": "2022-06 (Q2)",
      "signal": "FCF MARGIN EXPANSION",
      "detail": "FCF margin: -128.2% -> -65.1% (+63.1%)",
      "severity": "MEDIUM"
    },
    {
      "quarter": "2022-06 (Q2)",
      "signal": "OPERATING LEVERAGE",
      "detail": "Rev growth +29.2% vs OpEx growth +12.2% (leverage: 2.4x)",
      "severity": "MEDIUM"
    },
    {
      "quarter": "2022-06 (Q2)",
      "signal": "YoY REVENUE GROWTH ACCELERATION",
      "detail": "YoY growth: +151.1% vs prior quarter YoY: +125.2% (accel: +26.0%)",
      "severity": "HIGH"
    },
    {
      "quarter": "2022-03 (Q1)",
      "signal": "OPERATING LEVERAGE",
      "detail": "Rev growth +64.3% vs OpEx growth +17.2% (leverage: 3.7x)",
      "severity": "MEDIUM"
    },
    {
      "quarter": "2022-03 (Q1)",
      "signal": "YoY REVENUE GROWTH ACCELERATION",
      "detail": "YoY growth: +125.2% vs prior quarter YoY: +26.8% (accel: +98.4%)",
      "severity": "HIGH"
    },
    {
      "quarter": "2021-12 (Q4)",
      "signal": "FCF MARGIN EXPANSION",
      "detail": "FCF margin: -175.4% -> -101.6% (+73.7%)",
      "severity": "MEDIUM"
    },
    {
      "quarter": "2021-12 (Q4)",
      "signal": "OPERATING LEVERAGE",
      "detail": "Rev growth +80.0% vs OpEx growth +18.2% (leverage: 4.4x)",
      "severity": "MEDIUM"
    },
    {
      "quarter": "2021-06 (Q2)",
      "signal": "FCF MARGIN EXPANSION",
      "detail": "FCF margin: -104.2% -> -70.8% (+33.4%)",
      "severity": "MEDIUM"
    }
  ],
  "data_quality": {
    "n_quarters": 20,
    "coverage": {
      "revenue": [
        20,
        20
      ],
      "gross_profit": [
        20,
        20
      ],
      "op_income": [
        20,
        20
      ],
      "fcf": [
        20,
        20
      ]
    },
    "gaps": [],
    "warnings": []
  },
  "market_cap": null,
  "source": "SEC EDGAR",
  "last_updated": "2026-02-02T21:06:55.203465"
}