{
  "ticker": "TNBI",
  "name": "TANKE BIOSCIENCES CORP",
  "quarters": [
    {
      "date": "2010-06-30T00:00:00",
      "quarter_label": "2010-06 (Q2)",
      "revenue": 4272428,
      "gross_profit": 1524544,
      "operating_income": 916954,
      "net_income": 568264,
      "opex": 607590,
      "cogs": 2747884,
      "rd": null,
      "sga": null,
      "fcf": null,
      "ocf": null,
      "capex": null,
      "gross_margin": 0.35683316371861623,
      "op_margin": 0.21462128794212565,
      "fcf_margin": null
    },
    {
      "date": "2010-09-30T00:00:00",
      "quarter_label": "2010-09 (Q3)",
      "revenue": 5700914,
      "gross_profit": 2104345,
      "operating_income": 1246609,
      "net_income": 760156,
      "opex": 857736,
      "cogs": 3596569,
      "rd": null,
      "sga": null,
      "fcf": 1037596,
      "ocf": 1037596,
      "capex": null,
      "gross_margin": 0.36912414395305737,
      "op_margin": 0.21866826968447517,
      "fcf_margin": 0.18200520127123476,
      "op_leverage_ratio": 0.8121164183335168
    },
    {
      "date": "2010-12-31T00:00:00",
      "quarter_label": "2010-12 (Q4)",
      "revenue": 6790763,
      "gross_profit": 2438125,
      "operating_income": 1435047,
      "net_income": 883559,
      "opex": 1003078,
      "cogs": 4352638,
      "rd": null,
      "sga": null,
      "fcf": 1613273,
      "ocf": 1647241,
      "capex": -33968,
      "gross_margin": 0.35903550160710956,
      "op_margin": 0.2113233814815802,
      "fcf_margin": 0.23756873859388114,
      "op_leverage_ratio": 1.1281954570305903,
      "fcf_margin_change": 0.05556353732264638
    },
    {
      "date": "2011-03-31T00:00:00",
      "quarter_label": "2011-03 (Q1)",
      "revenue": 5941470,
      "gross_profit": 2426404,
      "operating_income": -714952,
      "net_income": -2024651,
      "opex": 3141356,
      "cogs": 3515066,
      "rd": null,
      "sga": null,
      "fcf": 892467,
      "ocf": 1103597,
      "capex": -211130,
      "gross_margin": 0.40838445704514204,
      "op_margin": -0.1203325103046889,
      "fcf_margin": 0.1502097965654964,
      "fcf_margin_change": -0.08735894202838473
    },
    {
      "date": "2011-06-30T00:00:00",
      "quarter_label": "2011-06 (Q2)",
      "revenue": 4989843,
      "gross_profit": 1772042,
      "operating_income": 229569,
      "net_income": -1653819,
      "opex": 1542473,
      "cogs": 3217801,
      "rd": null,
      "sga": null,
      "fcf": 615314,
      "ocf": 504363,
      "capex": 110951,
      "gross_margin": 0.3551298106974508,
      "op_margin": 0.04600725914622965,
      "fcf_margin": 0.12331329863484683,
      "rev_growth_yoy": 0.1679173996612699,
      "fcf_margin_change": -0.026896497930649577
    },
    {
      "date": "2011-09-30T00:00:00",
      "quarter_label": "2011-09 (Q3)",
      "revenue": 6247833,
      "gross_profit": 2243621,
      "operating_income": 1203796,
      "net_income": -1445871,
      "opex": 1039825,
      "cogs": 4004212,
      "rd": null,
      "sga": null,
      "fcf": -969602,
      "ocf": -593145,
      "capex": -376457,
      "gross_margin": 0.359103868493284,
      "op_margin": 0.19267416398613726,
      "fcf_margin": -0.15519012752101408,
      "rev_growth_yoy": 0.09593531844192002,
      "rev_growth_yoy_accel": -0.07198208121934987,
      "op_leverage_ratio": Infinity,
      "fcf_margin_change": -0.2785034261558609
    },
    {
      "date": "2011-12-31T00:00:00",
      "quarter_label": "2011-12 (Q4)",
      "revenue": 6653581,
      "gross_profit": 2328141,
      "operating_income": 1020400,
      "net_income": 1988247,
      "opex": 1307741,
      "cogs": 4325440,
      "rd": null,
      "sga": null,
      "fcf": 2305078,
      "ocf": 2529464,
      "capex": -224386,
      "gross_margin": 0.3499079668527369,
      "op_margin": 0.15336102468730747,
      "fcf_margin": 0.3464417131165909,
      "rev_growth_yoy": -0.020201264570711714,
      "rev_growth_yoy_accel": -0.11613658301263173,
      "op_leverage_ratio": 0.25205108968619183,
      "fcf_margin_change": 0.501631840637605
    },
    {
      "date": "2012-03-31T00:00:00",
      "quarter_label": "2012-03 (Q1)",
      "revenue": 4540442,
      "gross_profit": 1587231,
      "operating_income": 488508,
      "net_income": -670977,
      "opex": 1098723,
      "cogs": 2953211,
      "rd": null,
      "sga": null,
      "fcf": 331788,
      "ocf": 525421,
      "capex": -193633,
      "gross_margin": 0.34957631878129924,
      "op_margin": 0.10759040639655787,
      "fcf_margin": 0.07307394302140628,
      "incr_op_margin_yoy": -0.8589835463673816,
      "rev_growth_yoy": -0.2358049438943561,
      "rev_growth_yoy_accel": -0.21560367932364438,
      "fcf_margin_change": -0.2733677700951846
    },
    {
      "date": "2012-06-30T00:00:00",
      "quarter_label": "2012-06 (Q2)",
      "revenue": 7431486,
      "gross_profit": 2740523,
      "operating_income": 1497349,
      "net_income": 272414,
      "opex": 1243174,
      "cogs": 4690963,
      "rd": null,
      "sga": null,
      "fcf": 1660164,
      "ocf": 1854877,
      "capex": -194713,
      "gross_margin": 0.368771871466891,
      "op_margin": 0.2014871588266465,
      "fcf_margin": 0.22339596683624244,
      "incr_op_margin_yoy": 0.5192323365864707,
      "rev_growth_yoy": 0.4893226099498521,
      "rev_growth_yoy_accel": 0.7251275538442082,
      "op_leverage_ratio": 4.843108874874057,
      "fcf_margin_change": 0.15032202381483617
    },
    {
      "date": "2012-09-30T00:00:00",
      "quarter_label": "2012-09 (Q3)",
      "revenue": 9906581,
      "gross_profit": 3385103,
      "operating_income": 2182489,
      "net_income": 968632,
      "opex": 1202614,
      "cogs": 6521478,
      "rd": null,
      "sga": null,
      "fcf": 1180902,
      "ocf": 1592478,
      "capex": -411576,
      "gross_margin": 0.3417024501187645,
      "op_margin": 0.220306985830934,
      "fcf_margin": 0.1192037898847241,
      "incr_op_margin_yoy": 0.26749396241555856,
      "rev_growth_yoy": 0.5856027201751391,
      "rev_growth_yoy_accel": 0.09628011022528704,
      "op_leverage_ratio": Infinity,
      "fcf_margin_change": -0.10419217695151833
    },
    {
      "date": "2012-12-31T00:00:00",
      "quarter_label": "2012-12 (Q4)",
      "revenue": 6683320,
      "gross_profit": 2231608,
      "operating_income": 363273,
      "net_income": -780316,
      "opex": 1868335,
      "cogs": 4451712,
      "rd": 182243,
      "sga": null,
      "fcf": -5213312,
      "ocf": -5156873,
      "capex": -56439,
      "gross_margin": 0.33390710006404,
      "op_margin": 0.05435517078338311,
      "fcf_margin": -0.7800482394977346,
      "rev_growth_yoy": 0.004469623199897919,
      "rev_growth_yoy_accel": -0.5811330969752412,
      "fcf_margin_change": -0.8992520293824587
    },
    {
      "date": "2013-03-31T00:00:00",
      "quarter_label": "2013-03 (Q1)",
      "revenue": 4659454,
      "gross_profit": 1665626,
      "operating_income": -39893,
      "net_income": -676329,
      "opex": 1705519,
      "cogs": 2993828,
      "rd": null,
      "sga": null,
      "fcf": -847223,
      "ocf": -101190,
      "capex": -746033,
      "gross_margin": 0.3574723562031088,
      "op_margin": -0.008561732769547676,
      "fcf_margin": -0.18182881513585067,
      "rev_growth_yoy": 0.026211545043412072,
      "rev_growth_yoy_accel": 0.021741921843514152,
      "fcf_margin_change": 0.5982194243618839
    },
    {
      "date": "2013-06-30T00:00:00",
      "quarter_label": "2013-06 (Q2)",
      "revenue": 5576403,
      "gross_profit": 1822253,
      "operating_income": 149690,
      "net_income": 118164,
      "opex": 1672563,
      "cogs": 3754150,
      "rd": null,
      "sga": null,
      "fcf": -748078,
      "ocf": -134582,
      "capex": -613496,
      "gross_margin": 0.32677928765191466,
      "op_margin": 0.0268434688095534,
      "fcf_margin": -0.1341506343784694,
      "incr_op_margin_yoy": 0.726468303574557,
      "rev_growth_yoy": -0.24962477221917662,
      "rev_growth_yoy_accel": -0.27583631726258867,
      "op_leverage_ratio": Infinity,
      "fcf_margin_change": 0.047678180757381255
    },
    {
      "date": "2013-09-30T00:00:00",
      "quarter_label": "2013-09 (Q3)",
      "revenue": 6041004,
      "gross_profit": 1691410,
      "operating_income": -530338,
      "net_income": -302084,
      "opex": 2221748,
      "cogs": 4349594,
      "rd": null,
      "sga": null,
      "fcf": 538076,
      "ocf": 1611728,
      "capex": -1073652,
      "gross_margin": 0.2799882271225114,
      "op_margin": -0.08778971177638684,
      "fcf_margin": 0.08907062468424123,
      "incr_op_margin_yoy": 0.7017909616080601,
      "rev_growth_yoy": -0.3902029368154361,
      "rev_growth_yoy_accel": -0.1405781645962595,
      "op_leverage_ratio": 0.2537405088813057,
      "fcf_margin_change": 0.22322125906271065
    }
  ],
  "signals": [
    {
      "quarter": "2013-09 (Q3)",
      "signal": "FCF TURNED POSITIVE",
      "detail": "FCF margin: -13.4% -> +8.9%",
      "severity": "HIGH"
    },
    {
      "quarter": "2013-09 (Q3)",
      "signal": "YoY REVENUE GROWTH DECELERATION",
      "detail": "YoY growth: -39.0% vs prior quarter YoY: -25.0% (decel: -14.1%)",
      "severity": "WARNING"
    },
    {
      "quarter": "2013-06 (Q2)",
      "signal": "YoY REVENUE GROWTH DECELERATION",
      "detail": "YoY growth: -25.0% vs prior quarter YoY: +2.6% (decel: -27.6%)",
      "severity": "WARNING"
    },
    {
      "quarter": "2013-06 (Q2)",
      "signal": "INCREMENTAL MARGIN (YoY)",
      "detail": "YoY Incr OPM: +72.6% vs year-ago OPM: +20.1%",
      "severity": "HIGH"
    },
    {
      "quarter": "2013-06 (Q2)",
      "signal": "OP MARGIN TURNED POSITIVE (QoQ)",
      "detail": "Op margin: -0.9% -> +2.7%",
      "severity": "HIGH"
    },
    {
      "quarter": "2013-03 (Q1)",
      "signal": "FCF MARGIN EXPANSION",
      "detail": "FCF margin: -78.0% -> -18.2% (+59.8%)",
      "severity": "MEDIUM"
    },
    {
      "quarter": "2013-03 (Q1)",
      "signal": "GROSS MARGIN INFLECTION",
      "detail": "GM: +34.2% -> +33.4% -> +35.7% (reversal +2.4%)",
      "severity": "MEDIUM"
    },
    {
      "quarter": "2012-12 (Q4)",
      "signal": "YoY REVENUE GROWTH DECELERATION",
      "detail": "YoY growth: +0.4% vs prior quarter YoY: +58.6% (decel: -58.1%)",
      "severity": "WARNING"
    },
    {
      "quarter": "2012-09 (Q3)",
      "signal": "YoY REVENUE GROWTH ACCELERATION",
      "detail": "YoY growth: +58.6% vs prior quarter YoY: +48.9% (accel: +9.6%)",
      "severity": "MEDIUM"
    },
    {
      "quarter": "2012-06 (Q2)",
      "signal": "FCF MARGIN EXPANSION",
      "detail": "FCF margin: +7.3% -> +22.3% (+15.0%)",
      "severity": "MEDIUM"
    },
    {
      "quarter": "2012-06 (Q2)",
      "signal": "OPERATING LEVERAGE",
      "detail": "Rev growth +63.7% vs OpEx growth +13.1% (leverage: 4.8x)",
      "severity": "MEDIUM"
    },
    {
      "quarter": "2012-06 (Q2)",
      "signal": "YoY REVENUE GROWTH ACCELERATION",
      "detail": "YoY growth: +48.9% vs prior quarter YoY: -23.6% (accel: +72.5%)",
      "severity": "HIGH"
    },
    {
      "quarter": "2012-06 (Q2)",
      "signal": "INCREMENTAL MARGIN (YoY)",
      "detail": "YoY Incr OPM: +51.9% vs year-ago OPM: +4.6%",
      "severity": "HIGH"
    },
    {
      "quarter": "2012-03 (Q1)",
      "signal": "YoY REVENUE GROWTH DECELERATION",
      "detail": "YoY growth: -23.6% vs prior quarter YoY: -2.0% (decel: -21.6%)",
      "severity": "WARNING"
    },
    {
      "quarter": "2012-03 (Q1)",
      "signal": "OP MARGIN TURNED POSITIVE (YoY)",
      "detail": "Op margin: -12.0% (year-ago) -> +10.8%",
      "severity": "HIGH"
    },
    {
      "quarter": "2011-12 (Q4)",
      "signal": "FCF TURNED POSITIVE",
      "detail": "FCF margin: -15.5% -> +34.6%",
      "severity": "HIGH"
    },
    {
      "quarter": "2011-12 (Q4)",
      "signal": "YoY REVENUE GROWTH DECELERATION",
      "detail": "YoY growth: -2.0% vs prior quarter YoY: +9.6% (decel: -11.6%)",
      "severity": "WARNING"
    },
    {
      "quarter": "2011-09 (Q3)",
      "signal": "YoY REVENUE GROWTH DECELERATION",
      "detail": "YoY growth: +9.6% vs prior quarter YoY: +16.8% (decel: -7.2%)",
      "severity": "WARNING"
    },
    {
      "quarter": "2011-06 (Q2)",
      "signal": "OP MARGIN TURNED POSITIVE (QoQ)",
      "detail": "Op margin: -12.0% -> +4.6%",
      "severity": "HIGH"
    },
    {
      "quarter": "2011-03 (Q1)",
      "signal": "GROSS MARGIN INFLECTION",
      "detail": "GM: +36.9% -> +35.9% -> +40.8% (reversal +4.9%)",
      "severity": "MEDIUM"
    },
    {
      "quarter": "2010-12 (Q4)",
      "signal": "FCF MARGIN EXPANSION",
      "detail": "FCF margin: +18.2% -> +23.8% (+5.6%)",
      "severity": "MEDIUM"
    }
  ],
  "data_quality": {
    "n_quarters": 14,
    "coverage": {
      "revenue": [
        14,
        14
      ],
      "gross_profit": [
        14,
        14
      ],
      "op_income": [
        14,
        14
      ],
      "fcf": [
        13,
        14
      ]
    },
    "gaps": [],
    "warnings": []
  },
  "market_cap": null,
  "source": "SEC EDGAR",
  "last_updated": "2026-02-03T01:04:54.430029"
}