{
  "ticker": "TNC",
  "name": "TENNANT CO",
  "quarters": [
    {
      "date": "2020-12-31T00:00:00",
      "quarter_label": "2020-12 (Q4)",
      "revenue": 273000000,
      "gross_profit": 108300000,
      "operating_income": 8000000,
      "net_income": 2500000,
      "opex": 100300000,
      "cogs": 164700000,
      "rd": 8700000,
      "sga": 91600000,
      "fcf": 31900000,
      "ocf": 36300000,
      "capex": -4400000,
      "gross_margin": 0.3967032967032967,
      "op_margin": 0.029304029304029304,
      "fcf_margin": 0.11684981684981685
    },
    {
      "date": "2021-03-31T00:00:00",
      "quarter_label": "2021-03 (Q1)",
      "revenue": 263300000,
      "gross_profit": 113300000,
      "operating_income": 36300000,
      "net_income": 25700000,
      "opex": 77000000,
      "cogs": 150000000,
      "rd": 7400000,
      "sga": 69600000,
      "fcf": 13600000,
      "ocf": 18400000,
      "capex": -4800000,
      "gross_margin": 0.43030763387770604,
      "op_margin": 0.13786555260159514,
      "fcf_margin": 0.05165210786175465,
      "fcf_margin_change": -0.06519770898806221
    },
    {
      "date": "2021-06-30T00:00:00",
      "quarter_label": "2021-06 (Q2)",
      "revenue": 279100000,
      "gross_profit": 114900000,
      "operating_income": 20400000,
      "net_income": 9800000,
      "opex": 94500000,
      "cogs": 164200000,
      "rd": 8300000,
      "sga": 86200000,
      "fcf": 16200000,
      "ocf": 19400000,
      "capex": -3200000,
      "gross_margin": 0.4116804012898603,
      "op_margin": 0.07309208169115013,
      "fcf_margin": 0.05804371193120745,
      "op_leverage_ratio": 0.26403342195214585,
      "fcf_margin_change": 0.0063916040694528
    },
    {
      "date": "2021-09-30T00:00:00",
      "quarter_label": "2021-09 (Q3)",
      "revenue": 272000000,
      "gross_profit": 109200000,
      "operating_income": 23900000,
      "net_income": 21500000,
      "opex": 85300000,
      "cogs": 162800000,
      "rd": 8400000,
      "sga": 76900000,
      "fcf": 21100000,
      "ocf": 25100000,
      "capex": -4000000,
      "gross_margin": 0.40147058823529413,
      "op_margin": 0.08786764705882352,
      "fcf_margin": 0.07757352941176471,
      "fcf_margin_change": 0.01952981748055726
    },
    {
      "date": "2021-12-31T00:00:00",
      "quarter_label": "2021-12 (Q4)",
      "revenue": 276400000,
      "gross_profit": 100600000,
      "operating_income": 13100000,
      "net_income": 7900000,
      "opex": 87500000,
      "cogs": 175800000,
      "rd": 8100000,
      "sga": 89200000,
      "fcf": -900000,
      "ocf": 6500000,
      "capex": -7400000,
      "gross_margin": 0.36396526772793053,
      "op_margin": 0.04739507959479016,
      "fcf_margin": -0.003256150506512301,
      "incr_op_margin_yoy": 1.5,
      "rev_growth_yoy": 0.012454212454212455,
      "op_leverage_ratio": 0.6272058823529412,
      "fcf_margin_change": -0.08082967991827701
    },
    {
      "date": "2022-03-31T00:00:00",
      "quarter_label": "2022-03 (Q1)",
      "revenue": 258100000,
      "gross_profit": 98900000,
      "operating_income": 14600000,
      "net_income": 10300000,
      "opex": 84300000,
      "cogs": 159200000,
      "rd": 7700000,
      "sga": 76600000,
      "fcf": -15100000,
      "ocf": -10100000,
      "capex": -5000000,
      "gross_margin": 0.3831848120883379,
      "op_margin": 0.05656722200697404,
      "fcf_margin": -0.058504455637349864,
      "incr_op_margin_yoy": 4.173076923076923,
      "rev_growth_yoy": -0.01974933535890619,
      "rev_growth_yoy_accel": -0.03220354781311864,
      "fcf_margin_change": -0.05524830513083756
    },
    {
      "date": "2022-06-30T00:00:00",
      "quarter_label": "2022-06 (Q2)",
      "revenue": 280200000,
      "gross_profit": 106100000,
      "operating_income": 22800000,
      "net_income": 16600000,
      "opex": 83300000,
      "cogs": 174100000,
      "rd": 7900000,
      "sga": 79100000,
      "fcf": -19000000,
      "ocf": -13500000,
      "capex": -5500000,
      "gross_margin": 0.37865810135617417,
      "op_margin": 0.08137044967880086,
      "fcf_margin": -0.06780870806566738,
      "incr_op_margin_yoy": 2.1818181818181817,
      "rev_growth_yoy": 0.003941239699032604,
      "rev_growth_yoy_accel": 0.023690575057938795,
      "op_leverage_ratio": Infinity,
      "fcf_margin_change": -0.00930425242831752
    },
    {
      "date": "2022-09-30T00:00:00",
      "quarter_label": "2022-09 (Q3)",
      "revenue": 262900000,
      "gross_profit": 100700000,
      "operating_income": 21400000,
      "net_income": 15600000,
      "opex": 79300000,
      "cogs": 162200000,
      "rd": 7900000,
      "sga": 71400000,
      "fcf": -24100000,
      "ocf": -15200000,
      "capex": -8900000,
      "gross_margin": 0.38303537466717386,
      "op_margin": 0.08139977177634082,
      "fcf_margin": -0.09166983643971091,
      "incr_op_margin_yoy": 0.27472527472527475,
      "rev_growth_yoy": -0.033455882352941176,
      "rev_growth_yoy_accel": -0.03739712205197378,
      "fcf_margin_change": -0.023861128374043528
    },
    {
      "date": "2022-12-31T00:00:00",
      "quarter_label": "2022-12 (Q4)",
      "revenue": 291000000,
      "gross_profit": 115200000,
      "operating_income": 28400000,
      "net_income": 23800000,
      "opex": 86800000,
      "cogs": 175800000,
      "rd": 7600000,
      "sga": 79200000,
      "fcf": 8100000,
      "ocf": 13700000,
      "capex": -5600000,
      "gross_margin": 0.3958762886597938,
      "op_margin": 0.09759450171821306,
      "fcf_margin": 0.027835051546391754,
      "incr_op_margin_yoy": 1.047945205479452,
      "rev_growth_yoy": 0.052821997105643996,
      "rev_growth_yoy_accel": 0.08627787945858517,
      "op_leverage_ratio": 1.1301280588309877,
      "fcf_margin_change": 0.11950488798610266
    },
    {
      "date": "2023-03-31T00:00:00",
      "quarter_label": "2023-03 (Q1)",
      "revenue": 305800000,
      "gross_profit": 125500000,
      "operating_income": 35900000,
      "net_income": 24300000,
      "opex": 89600000,
      "cogs": 180300000,
      "rd": 7900000,
      "sga": 81700000,
      "fcf": 24300000,
      "ocf": 31100000,
      "capex": -6800000,
      "gross_margin": 0.4103989535644212,
      "op_margin": 0.11739699149771092,
      "fcf_margin": 0.07946370176586004,
      "incr_op_margin_yoy": 0.44654088050314467,
      "rev_growth_yoy": 0.18481208833785354,
      "rev_growth_yoy_accel": 0.13199009123220953,
      "op_leverage_ratio": 1.5766323024054982,
      "fcf_margin_change": 0.05162865021946829
    },
    {
      "date": "2023-06-30T00:00:00",
      "quarter_label": "2023-06 (Q2)",
      "revenue": 321700000,
      "gross_profit": 139500000,
      "operating_income": 43500000,
      "net_income": 31300000,
      "opex": 96000000,
      "cogs": 182200000,
      "rd": 9000000,
      "sga": 87000000,
      "fcf": 34100000,
      "ocf": 39100000,
      "capex": -5000000,
      "gross_margin": 0.43363382032949954,
      "op_margin": 0.13521914827479017,
      "fcf_margin": 0.10599937830276655,
      "incr_op_margin_yoy": 0.4987951807228916,
      "rev_growth_yoy": 0.14810849393290507,
      "rev_growth_yoy_accel": -0.03670359440494847,
      "op_leverage_ratio": 0.7279267495094833,
      "fcf_margin_change": 0.026535676536906513
    },
    {
      "date": "2023-09-30T00:00:00",
      "quarter_label": "2023-09 (Q3)",
      "revenue": 304700000,
      "gross_profit": 132000000,
      "operating_income": 34700000,
      "net_income": 22900000,
      "opex": 97300000,
      "cogs": 172700000,
      "rd": 9100000,
      "sga": 88200000,
      "fcf": 50900000,
      "ocf": 54400000,
      "capex": -3500000,
      "gross_margin": 0.4332129963898917,
      "op_margin": 0.11388250738431244,
      "fcf_margin": 0.1670495569412537,
      "incr_op_margin_yoy": 0.3181818181818182,
      "rev_growth_yoy": 0.1589958158995816,
      "rev_growth_yoy_accel": 0.010887321966676522,
      "fcf_margin_change": 0.06105017863848715
    },
    {
      "date": "2023-12-31T00:00:00",
      "quarter_label": "2023-12 (Q4)",
      "revenue": 311400000,
      "gross_profit": 130800000,
      "operating_income": 24500000,
      "net_income": 31000000,
      "opex": 106300000,
      "cogs": 180600000,
      "rd": 10600000,
      "sga": 95700000,
      "fcf": 56300000,
      "ocf": 63800000,
      "capex": -7500000,
      "gross_margin": 0.42003853564547206,
      "op_margin": 0.07867694283879255,
      "fcf_margin": 0.18079640333975594,
      "incr_op_margin_yoy": -0.19117647058823528,
      "rev_growth_yoy": 0.07010309278350516,
      "rev_growth_yoy_accel": -0.08889272311607643,
      "op_leverage_ratio": 0.23772380848193123,
      "fcf_margin_change": 0.013746846398502238
    },
    {
      "date": "2024-03-31T00:00:00",
      "quarter_label": "2024-03 (Q1)",
      "revenue": 311000000,
      "gross_profit": 137500000,
      "operating_income": 37500000,
      "net_income": 28400000,
      "opex": 100000000,
      "cogs": 173500000,
      "rd": 10100000,
      "sga": 89900000,
      "fcf": -100000,
      "ocf": 2900000,
      "capex": -3000000,
      "gross_margin": 0.44212218649517687,
      "op_margin": 0.12057877813504823,
      "fcf_margin": -0.0003215434083601286,
      "incr_op_margin_yoy": 0.3076923076923077,
      "rev_growth_yoy": 0.017004578155657292,
      "rev_growth_yoy_accel": -0.05309851462784786,
      "fcf_margin_change": -0.18111794674811607
    },
    {
      "date": "2024-06-30T00:00:00",
      "quarter_label": "2024-06 (Q2)",
      "revenue": 331000000,
      "gross_profit": 142700000,
      "operating_income": 38600000,
      "net_income": 27900000,
      "opex": 104100000,
      "cogs": 188300000,
      "rd": 11200000,
      "sga": 92900000,
      "fcf": 14400000,
      "ocf": 18600000,
      "capex": -4200000,
      "gross_margin": 0.43111782477341387,
      "op_margin": 0.11661631419939578,
      "fcf_margin": 0.04350453172205438,
      "incr_op_margin_yoy": -0.5268817204301075,
      "rev_growth_yoy": 0.02890892135529997,
      "rev_growth_yoy_accel": 0.011904343199642679,
      "op_leverage_ratio": 1.5685044310250176,
      "fcf_margin_change": 0.04382607513041451
    },
    {
      "date": "2024-09-30T00:00:00",
      "quarter_label": "2024-09 (Q3)",
      "revenue": 315800000,
      "gross_profit": 133800000,
      "operating_income": 30600000,
      "net_income": 20800000,
      "opex": 103200000,
      "cogs": 182000000,
      "rd": 10500000,
      "sga": 92700000,
      "fcf": 26400000,
      "ocf": 30700000,
      "capex": -4300000,
      "gross_margin": 0.4236858771374288,
      "op_margin": 0.09689677010766308,
      "fcf_margin": 0.08359721342621912,
      "incr_op_margin_yoy": -0.36936936936936937,
      "rev_growth_yoy": 0.03642927469642271,
      "rev_growth_yoy_accel": 0.007520353341122738,
      "fcf_margin_change": 0.04009268170416474
    },
    {
      "date": "2024-12-31T00:00:00",
      "quarter_label": "2024-12 (Q4)",
      "revenue": 328900000,
      "gross_profit": 136000000,
      "operating_income": 7600000,
      "net_income": 6600000,
      "opex": 128400000,
      "cogs": 192900000,
      "rd": 12000000,
      "sga": 116400000,
      "fcf": 28100000,
      "ocf": 37500000,
      "capex": -9400000,
      "gross_margin": 0.41349954393432653,
      "op_margin": 0.023107327455153544,
      "fcf_margin": 0.08543630282760717,
      "incr_op_margin_yoy": -0.9657142857142857,
      "rev_growth_yoy": 0.05619781631342325,
      "rev_growth_yoy_accel": 0.01976854161700054,
      "op_leverage_ratio": 0.16987846436864804,
      "fcf_margin_change": 0.0018390894013880499
    },
    {
      "date": "2025-03-31T00:00:00",
      "quarter_label": "2025-03 (Q1)",
      "revenue": 290000000,
      "gross_profit": 120000000,
      "operating_income": 19600000,
      "net_income": 13100000,
      "opex": 100400000,
      "cogs": 170000000,
      "rd": 9700000,
      "sga": 90700000,
      "fcf": -7400000,
      "ocf": -400000,
      "capex": -7000000,
      "gross_margin": 0.41379310344827586,
      "op_margin": 0.06758620689655172,
      "fcf_margin": -0.025517241379310347,
      "incr_op_margin_yoy": 0.8523809523809524,
      "rev_growth_yoy": -0.06752411575562701,
      "rev_growth_yoy_accel": -0.12372193206905027,
      "fcf_margin_change": -0.11095354420691751
    },
    {
      "date": "2025-06-30T00:00:00",
      "quarter_label": "2025-06 (Q2)",
      "revenue": 318600000,
      "gross_profit": 134100000,
      "operating_income": 30600000,
      "net_income": 20200000,
      "opex": 103500000,
      "cogs": 184500000,
      "rd": 9800000,
      "sga": 93700000,
      "fcf": 18700000,
      "ocf": 22500000,
      "capex": -3800000,
      "gross_margin": 0.4209039548022599,
      "op_margin": 0.096045197740113,
      "fcf_margin": 0.05869428750784683,
      "incr_op_margin_yoy": 0.6451612903225806,
      "rev_growth_yoy": -0.03746223564954683,
      "rev_growth_yoy_accel": 0.030061880106080185,
      "op_leverage_ratio": 3.1940378197997776,
      "fcf_margin_change": 0.08421152888715717
    },
    {
      "date": "2025-09-30T00:00:00",
      "quarter_label": "2025-09 (Q3)",
      "revenue": 303300000,
      "gross_profit": 129400000,
      "operating_income": 22300000,
      "net_income": 14900000,
      "opex": 107100000,
      "cogs": 173900000,
      "rd": 10500000,
      "sga": 96600000,
      "fcf": 22300000,
      "ocf": 28700000,
      "capex": -6400000,
      "gross_margin": 0.42664029014177385,
      "op_margin": 0.07352456313880647,
      "fcf_margin": 0.07352456313880647,
      "incr_op_margin_yoy": 0.664,
      "rev_growth_yoy": -0.039582013932868906,
      "rev_growth_yoy_accel": -0.002119778283322077,
      "fcf_margin_change": 0.014830275630959636
    }
  ],
  "signals": [
    {
      "quarter": "2025-09 (Q3)",
      "signal": "INCREMENTAL MARGIN (YoY)",
      "detail": "YoY Incr OPM: +66.4% vs year-ago OPM: +9.7%",
      "severity": "HIGH"
    },
    {
      "quarter": "2025-06 (Q2)",
      "signal": "FCF TURNED POSITIVE",
      "detail": "FCF margin: -2.6% -> +5.9%",
      "severity": "HIGH"
    },
    {
      "quarter": "2025-06 (Q2)",
      "signal": "OPERATING LEVERAGE",
      "detail": "Rev growth +9.9% vs OpEx growth +3.1% (leverage: 3.2x)",
      "severity": "MEDIUM"
    },
    {
      "quarter": "2025-06 (Q2)",
      "signal": "INCREMENTAL MARGIN (YoY)",
      "detail": "YoY Incr OPM: +64.5% vs year-ago OPM: +11.7%",
      "severity": "HIGH"
    },
    {
      "quarter": "2025-03 (Q1)",
      "signal": "YoY REVENUE GROWTH DECELERATION",
      "detail": "YoY growth: -6.8% vs prior quarter YoY: +5.6% (decel: -12.4%)",
      "severity": "WARNING"
    },
    {
      "quarter": "2025-03 (Q1)",
      "signal": "INCREMENTAL MARGIN (YoY)",
      "detail": "YoY Incr OPM: +85.2% vs year-ago OPM: +12.1%",
      "severity": "HIGH"
    },
    {
      "quarter": "2024-06 (Q2)",
      "signal": "FCF TURNED POSITIVE",
      "detail": "FCF margin: -0.0% -> +4.4%",
      "severity": "HIGH"
    },
    {
      "quarter": "2024-06 (Q2)",
      "signal": "OPERATING LEVERAGE",
      "detail": "Rev growth +6.4% vs OpEx growth +4.1% (leverage: 1.6x)",
      "severity": "MEDIUM"
    },
    {
      "quarter": "2024-03 (Q1)",
      "signal": "GROSS MARGIN INFLECTION",
      "detail": "GM: +43.3% -> +42.0% -> +44.2% (reversal +2.2%)",
      "severity": "MEDIUM"
    },
    {
      "quarter": "2024-03 (Q1)",
      "signal": "YoY REVENUE GROWTH DECELERATION",
      "detail": "YoY growth: +1.7% vs prior quarter YoY: +7.0% (decel: -5.3%)",
      "severity": "WARNING"
    },
    {
      "quarter": "2024-03 (Q1)",
      "signal": "INCREMENTAL MARGIN (YoY)",
      "detail": "YoY Incr OPM: +30.8% vs year-ago OPM: +11.7%",
      "severity": "MEDIUM"
    },
    {
      "quarter": "2023-12 (Q4)",
      "signal": "YoY REVENUE GROWTH DECELERATION",
      "detail": "YoY growth: +7.0% vs prior quarter YoY: +15.9% (decel: -8.9%)",
      "severity": "WARNING"
    },
    {
      "quarter": "2023-09 (Q3)",
      "signal": "FCF MARGIN EXPANSION",
      "detail": "FCF margin: +10.6% -> +16.7% (+6.1%)",
      "severity": "MEDIUM"
    },
    {
      "quarter": "2023-09 (Q3)",
      "signal": "INCREMENTAL MARGIN (YoY)",
      "detail": "YoY Incr OPM: +31.8% vs year-ago OPM: +8.1%",
      "severity": "HIGH"
    },
    {
      "quarter": "2023-06 (Q2)",
      "signal": "INCREMENTAL MARGIN (YoY)",
      "detail": "YoY Incr OPM: +49.9% vs year-ago OPM: +8.1%",
      "severity": "HIGH"
    },
    {
      "quarter": "2023-03 (Q1)",
      "signal": "FCF MARGIN EXPANSION",
      "detail": "FCF margin: +2.8% -> +7.9% (+5.2%)",
      "severity": "MEDIUM"
    },
    {
      "quarter": "2023-03 (Q1)",
      "signal": "OPERATING LEVERAGE",
      "detail": "Rev growth +5.1% vs OpEx growth +3.2% (leverage: 1.6x)",
      "severity": "MEDIUM"
    },
    {
      "quarter": "2023-03 (Q1)",
      "signal": "YoY REVENUE GROWTH ACCELERATION",
      "detail": "YoY growth: +18.5% vs prior quarter YoY: +5.3% (accel: +13.2%)",
      "severity": "MEDIUM"
    },
    {
      "quarter": "2023-03 (Q1)",
      "signal": "INCREMENTAL MARGIN (YoY)",
      "detail": "YoY Incr OPM: +44.7% vs year-ago OPM: +5.7%",
      "severity": "HIGH"
    },
    {
      "quarter": "2022-12 (Q4)",
      "signal": "FCF TURNED POSITIVE",
      "detail": "FCF margin: -9.2% -> +2.8%",
      "severity": "HIGH"
    },
    {
      "quarter": "2022-12 (Q4)",
      "signal": "YoY REVENUE GROWTH ACCELERATION",
      "detail": "YoY growth: +5.3% vs prior quarter YoY: -3.3% (accel: +8.6%)",
      "severity": "MEDIUM"
    },
    {
      "quarter": "2022-12 (Q4)",
      "signal": "INCREMENTAL MARGIN (YoY)",
      "detail": "YoY Incr OPM: +104.8% vs year-ago OPM: +4.7%",
      "severity": "HIGH"
    },
    {
      "quarter": "2022-09 (Q3)",
      "signal": "INCREMENTAL MARGIN (YoY)",
      "detail": "YoY Incr OPM: +27.5% vs year-ago OPM: +8.8%",
      "severity": "MEDIUM"
    },
    {
      "quarter": "2022-06 (Q2)",
      "signal": "INCREMENTAL MARGIN (YoY)",
      "detail": "YoY Incr OPM: +218.2% vs year-ago OPM: +7.3%",
      "severity": "HIGH"
    },
    {
      "quarter": "2022-03 (Q1)",
      "signal": "INCREMENTAL MARGIN (YoY)",
      "detail": "YoY Incr OPM: +417.3% vs year-ago OPM: +13.8%",
      "severity": "HIGH"
    },
    {
      "quarter": "2021-12 (Q4)",
      "signal": "INCREMENTAL MARGIN (YoY)",
      "detail": "YoY Incr OPM: +150.0% vs year-ago OPM: +2.9%",
      "severity": "HIGH"
    }
  ],
  "data_quality": {
    "n_quarters": 20,
    "coverage": {
      "revenue": [
        20,
        20
      ],
      "gross_profit": [
        20,
        20
      ],
      "op_income": [
        20,
        20
      ],
      "fcf": [
        20,
        20
      ]
    },
    "gaps": [],
    "warnings": []
  },
  "market_cap": null,
  "source": "SEC EDGAR",
  "last_updated": "2026-02-02T21:51:07.977365"
}