{
  "ticker": "TNDM",
  "name": "Tandem Diabetes Care, Inc.",
  "sector": "Healthcare",
  "industry": "Medical Devices",
  "quarters": [
    {
      "date": "2021-03-31T00:00:00",
      "quarter_label": "2021-03 (Q1)",
      "revenue": 141037000,
      "gross_profit": 73287000,
      "operating_income": -3237000,
      "net_income": -5044000,
      "opex": 76524000,
      "cogs": 67750000,
      "rd": 17961000,
      "sga": 58563000,
      "fcf": 25161000,
      "ocf": 28685000,
      "capex": -3524000,
      "gross_margin": 0.5196296007430674,
      "op_margin": -0.02295142409438658,
      "fcf_margin": 0.1783999943277296
    },
    {
      "date": "2021-06-30T00:00:00",
      "quarter_label": "2021-06 (Q2)",
      "revenue": 172139000,
      "gross_profit": 92454000,
      "operating_income": 5432000,
      "net_income": 4008000,
      "opex": 87022000,
      "cogs": 79685000,
      "rd": 20499000,
      "sga": 66523000,
      "fcf": 27080000,
      "ocf": 28895000,
      "capex": -1815000,
      "gross_margin": 0.5370892127873405,
      "op_margin": 0.03155589378351216,
      "fcf_margin": 0.1573147282138272,
      "op_leverage_ratio": 1.6074828571627449,
      "fcf_margin_change": -0.021085266113902407
    },
    {
      "date": "2021-09-30T00:00:00",
      "quarter_label": "2021-09 (Q3)",
      "revenue": 179627000,
      "gross_profit": 96745000,
      "operating_income": 7720000,
      "net_income": 5794000,
      "opex": 89025000,
      "cogs": 82882000,
      "rd": 24102000,
      "sga": 64923000,
      "fcf": 31049000,
      "ocf": 34144000,
      "capex": -3095000,
      "gross_margin": 0.5385882968596035,
      "op_margin": 0.042977948749352825,
      "fcf_margin": 0.17285263351277927,
      "op_leverage_ratio": 1.8898819234651352,
      "fcf_margin_change": 0.015537905298952076
    },
    {
      "date": "2021-12-31T00:00:00",
      "quarter_label": "2021-12 (Q4)",
      "revenue": 209996000,
      "gross_profit": 113729000,
      "operating_income": 12738000,
      "net_income": 10808000,
      "opex": 100991000,
      "cogs": 96267000,
      "rd": 29492000,
      "sga": 71499000,
      "fcf": 13889000,
      "ocf": 19635000,
      "capex": -5746000,
      "gross_margin": 0.5415769824187128,
      "op_margin": 0.06065829825330006,
      "fcf_margin": 0.06613935503533401,
      "op_leverage_ratio": 1.2578297394083406,
      "fcf_margin_change": -0.10671327847744526
    },
    {
      "date": "2022-03-31T00:00:00",
      "quarter_label": "2022-03 (Q1)",
      "revenue": 175907000,
      "gross_profit": 91093000,
      "operating_income": -15338000,
      "net_income": -14715000,
      "opex": 106431000,
      "cogs": 84814000,
      "rd": 33160000,
      "sga": 73271000,
      "fcf": 11157000,
      "ocf": 13800000,
      "capex": -2643000,
      "gross_margin": 0.5178474989625199,
      "op_margin": -0.08719380126998925,
      "fcf_margin": 0.06342556009709677,
      "incr_op_margin_yoy": -0.3470318325207915,
      "rev_growth_yoy": 0.24724008593489652,
      "fcf_margin_change": -0.0027137949382372434
    },
    {
      "date": "2022-06-30T00:00:00",
      "quarter_label": "2022-06 (Q2)",
      "revenue": 200262000,
      "gross_profit": 101946000,
      "operating_income": -12239000,
      "net_income": -15056000,
      "opex": 114185000,
      "cogs": 98316000,
      "rd": 33571000,
      "sga": 80614000,
      "fcf": -5216000,
      "ocf": 6901000,
      "capex": -12117000,
      "gross_margin": 0.5090631273032328,
      "op_margin": -0.06111493942934756,
      "fcf_margin": -0.026045879897334492,
      "incr_op_margin_yoy": -0.6283469046687764,
      "rev_growth_yoy": 0.16337378513875414,
      "rev_growth_yoy_accel": -0.08386630079614238,
      "op_leverage_ratio": 1.9004102227447461,
      "fcf_margin_change": -0.08947143999443126
    },
    {
      "date": "2022-09-30T00:00:00",
      "quarter_label": "2022-09 (Q3)",
      "revenue": 204547000,
      "gross_profit": 104425000,
      "operating_income": -47493000,
      "net_income": -48970000,
      "opex": 151918000,
      "cogs": 100122000,
      "rd": null,
      "sga": 84104000,
      "fcf": 10233000,
      "ocf": 23943000,
      "capex": -13710000,
      "gross_margin": 0.5105183649723536,
      "op_margin": -0.23218624570392135,
      "fcf_margin": 0.050027622013522566,
      "incr_op_margin_yoy": -2.2156099518459067,
      "rev_growth_yoy": 0.1387319278282218,
      "rev_growth_yoy_accel": -0.02464185731053234,
      "op_leverage_ratio": 0.06475003355018437,
      "fcf_margin_change": 0.07607350191085706
    },
    {
      "date": "2022-12-31T00:00:00",
      "quarter_label": "2022-12 (Q4)",
      "revenue": 220502000,
      "gross_profit": 115523000,
      "operating_income": -17777000,
      "net_income": -15852000,
      "opex": 133300000,
      "cogs": 104979000,
      "rd": null,
      "sga": 97692000,
      "fcf": 193000,
      "ocf": 5820000,
      "capex": -5627000,
      "gross_margin": 0.5239090801897488,
      "op_margin": -0.08062058394028172,
      "fcf_margin": 0.0008752755077051455,
      "incr_op_margin_yoy": -2.9045307443365695,
      "rev_growth_yoy": 0.0500295243718928,
      "rev_growth_yoy_accel": -0.088702403456329,
      "op_leverage_ratio": null,
      "fcf_margin_change": -0.04915234650581742
    },
    {
      "date": "2023-03-31T00:00:00",
      "quarter_label": "2023-03 (Q1)",
      "revenue": 169383000,
      "gross_profit": 82907000,
      "operating_income": -127817000,
      "net_income": -123873000,
      "opex": 210724000,
      "cogs": 86476000,
      "rd": null,
      "sga": 89814000,
      "fcf": -27154000,
      "ocf": -18326000,
      "capex": -8828000,
      "gross_margin": 0.48946470425013133,
      "op_margin": -0.754603472603508,
      "fcf_margin": -0.16031124729164084,
      "incr_op_margin_yoy": 17.24080318822808,
      "rev_growth_yoy": -0.03708777933794562,
      "rev_growth_yoy_accel": -0.08711730370983842,
      "fcf_margin_change": -0.16118652279934598
    },
    {
      "date": "2023-06-30T00:00:00",
      "quarter_label": "2023-06 (Q2)",
      "revenue": 195917000,
      "gross_profit": 101735000,
      "operating_income": -38808000,
      "net_income": -35775000,
      "opex": 140543000,
      "cogs": 94182000,
      "rd": null,
      "sga": 97610000,
      "fcf": -13700000,
      "ocf": -6323000,
      "capex": -7377000,
      "gross_margin": 0.5192760199472225,
      "op_margin": -0.19808388246042968,
      "fcf_margin": -0.06992757136950851,
      "incr_op_margin_yoy": 6.114844649021864,
      "rev_growth_yoy": -0.02169657748349662,
      "rev_growth_yoy_accel": 0.015391201854448998,
      "op_leverage_ratio": null,
      "fcf_margin_change": 0.09038367592213233
    },
    {
      "date": "2023-09-30T00:00:00",
      "quarter_label": "2023-09 (Q3)",
      "revenue": 185622000,
      "gross_profit": 89753000,
      "operating_income": -31545000,
      "net_income": -32961000,
      "opex": 121298000,
      "cogs": 95869000,
      "rd": null,
      "sga": 79328000,
      "fcf": -5345000,
      "ocf": 55000,
      "capex": -5400000,
      "gross_margin": 0.48352565967396105,
      "op_margin": -0.16994214047903805,
      "fcf_margin": -0.028795078169613516,
      "incr_op_margin_yoy": -0.8426948480845442,
      "rev_growth_yoy": -0.09252152317071383,
      "rev_growth_yoy_accel": -0.0708249456872172,
      "fcf_margin_change": 0.041132493199894996
    },
    {
      "date": "2023-12-31T00:00:00",
      "quarter_label": "2023-12 (Q4)",
      "revenue": 196796000,
      "gross_profit": 93295000,
      "operating_income": -35060000,
      "net_income": -30002000,
      "opex": 128355000,
      "cogs": 103501000,
      "rd": null,
      "sga": 85751000,
      "fcf": -12415000,
      "ocf": -7216000,
      "capex": -5199000,
      "gross_margin": 0.4740695949104657,
      "op_margin": -0.17815402752088458,
      "fcf_margin": -0.06308563182178499,
      "incr_op_margin_yoy": 0.7290559352062769,
      "rev_growth_yoy": -0.10750922894123409,
      "rev_growth_yoy_accel": -0.014987705770520263,
      "op_leverage_ratio": 1.0346959329615433,
      "fcf_margin_change": -0.03429055365217147
    },
    {
      "date": "2024-03-31T00:00:00",
      "quarter_label": "2024-03 (Q1)",
      "revenue": 191674000,
      "gross_profit": 94672000,
      "operating_income": -41678000,
      "net_income": -42715000,
      "opex": 136350000,
      "cogs": 97002000,
      "rd": null,
      "sga": 90106000,
      "fcf": -12453000,
      "ocf": -7996000,
      "capex": -4457000,
      "gross_margin": 0.4939219716810835,
      "op_margin": -0.21744211525819881,
      "fcf_margin": -0.06496968811628077,
      "incr_op_margin_yoy": 3.864295006953479,
      "rev_growth_yoy": 0.13160116422545357,
      "rev_growth_yoy_accel": 0.23911039316668764,
      "fcf_margin_change": -0.001884056294495784
    },
    {
      "date": "2024-06-30T00:00:00",
      "quarter_label": "2024-06 (Q2)",
      "revenue": 221910000,
      "gross_profit": 112794000,
      "operating_income": -30774000,
      "net_income": -30814000,
      "opex": 143568000,
      "cogs": 109116000,
      "rd": null,
      "sga": 94242000,
      "fcf": -11741000,
      "ocf": -5275000,
      "capex": -6466000,
      "gross_margin": 0.5082871434365284,
      "op_margin": -0.1386778423685278,
      "fcf_margin": -0.05290883691586679,
      "incr_op_margin_yoy": 0.3090832147116531,
      "rev_growth_yoy": 0.13267353011734562,
      "rev_growth_yoy_accel": 0.001072365891892052,
      "op_leverage_ratio": 2.9798842522438544,
      "fcf_margin_change": 0.012060851200413981
    },
    {
      "date": "2024-09-30T00:00:00",
      "quarter_label": "2024-09 (Q3)",
      "revenue": 243971000,
      "gross_profit": 124653000,
      "operating_income": -26093000,
      "net_income": -23251000,
      "opex": 150746000,
      "cogs": 119318000,
      "rd": null,
      "sga": 99639000,
      "fcf": 21540000,
      "ocf": 26779000,
      "capex": -5239000,
      "gross_margin": 0.5109336765435236,
      "op_margin": -0.10695123600755828,
      "fcf_margin": 0.08828918191096483,
      "incr_op_margin_yoy": 0.09343776242951893,
      "rev_growth_yoy": 0.3143431274310157,
      "rev_growth_yoy_accel": 0.1816695973136701,
      "op_leverage_ratio": 1.9883943371197188,
      "fcf_margin_change": 0.1411980188268316
    },
    {
      "date": "2024-12-31T00:00:00",
      "quarter_label": "2024-12 (Q4)",
      "revenue": 282648000,
      "gross_profit": 157455000,
      "operating_income": -581000,
      "net_income": 755000,
      "opex": 158036000,
      "cogs": 125193000,
      "rd": null,
      "sga": 105837000,
      "fcf": 7648000,
      "ocf": 10717000,
      "capex": -3069000,
      "gross_margin": 0.5570709858198183,
      "op_margin": -0.002055560272848207,
      "fcf_margin": 0.027058390648439047,
      "incr_op_margin_yoy": 0.4016097470064763,
      "rev_growth_yoy": 0.43624870424195616,
      "rev_growth_yoy_accel": 0.12190557681094044,
      "op_leverage_ratio": 3.27818035154159,
      "fcf_margin_change": -0.06123079126252578
    },
    {
      "date": "2025-03-31T00:00:00",
      "quarter_label": "2025-03 (Q1)",
      "revenue": 234422000,
      "gross_profit": 118407000,
      "operating_income": -120878000,
      "net_income": -130556000,
      "opex": 239285000,
      "cogs": 116015000,
      "rd": null,
      "sga": 113853000,
      "fcf": -21243000,
      "ocf": -18278000,
      "capex": -2965000,
      "gross_margin": 0.5051019102302685,
      "op_margin": -0.5156427297779219,
      "fcf_margin": -0.0906186279444762,
      "incr_op_margin_yoy": -1.8527182558248338,
      "rev_growth_yoy": 0.22302451036655987,
      "rev_growth_yoy_accel": -0.2132241938753963,
      "fcf_margin_change": -0.11767701859291524
    },
    {
      "date": "2025-06-30T00:00:00",
      "quarter_label": "2025-06 (Q2)",
      "revenue": 240678000,
      "gross_profit": 125855000,
      "operating_income": -51810000,
      "net_income": -52400000,
      "opex": 177665000,
      "cogs": 114823000,
      "rd": null,
      "sga": 109596000,
      "fcf": -15702000,
      "ocf": -9496000,
      "capex": -6206000,
      "gross_margin": 0.5229185883213255,
      "op_margin": -0.21526687108917308,
      "fcf_margin": -0.06524069503652183,
      "incr_op_margin_yoy": -1.120843989769821,
      "rev_growth_yoy": 0.08457482763282412,
      "rev_growth_yoy_accel": -0.13844968273373576,
      "op_leverage_ratio": null,
      "fcf_margin_change": 0.02537793290795437
    },
    {
      "date": "2025-09-30T00:00:00",
      "quarter_label": "2025-09 (Q3)",
      "revenue": 249253000,
      "gross_profit": 134292000,
      "operating_income": -22863000,
      "net_income": -21165000,
      "opex": 157155000,
      "cogs": 114961000,
      "rd": null,
      "sga": 108440000,
      "fcf": 4172000,
      "ocf": 8264000,
      "capex": -4092000,
      "gross_margin": 0.538777868270392,
      "op_margin": -0.09172607751962865,
      "fcf_margin": 0.016738013183391975,
      "incr_op_margin_yoy": 0.6115107913669064,
      "rev_growth_yoy": 0.021650114152911615,
      "rev_growth_yoy_accel": -0.0629247134799125,
      "op_leverage_ratio": null,
      "fcf_margin_change": 0.0819787082199138
    },
    {
      "date": "2025-12-31T00:00:00",
      "quarter_label": "2025-12 (Q4)",
      "revenue": 290383000,
      "gross_profit": 167460000,
      "operating_income": 8294000,
      "net_income": -589000,
      "opex": 159166000,
      "cogs": 122923000,
      "rd": null,
      "sga": 113100000,
      "fcf": 3104000,
      "ocf": 9789000,
      "capex": -6685000,
      "gross_margin": 0.5766866517668046,
      "op_margin": 0.02856227809479205,
      "fcf_margin": 0.010689330987006815,
      "incr_op_margin_yoy": 1.1473820297349708,
      "rev_growth_yoy": 0.027366193993942998,
      "rev_growth_yoy_accel": 0.005716079841031382,
      "op_leverage_ratio": 12.89538900564075,
      "fcf_margin_change": -0.0060486821963851595
    }
  ],
  "signals": [
    {
      "quarter": "2025-12 (Q4)",
      "signal": "OPERATING LEVERAGE",
      "detail": "Rev growth +16.5% vs OpEx growth +1.3% (leverage: 12.9x)",
      "severity": "MEDIUM"
    },
    {
      "quarter": "2025-12 (Q4)",
      "signal": "OP MARGIN TURNED POSITIVE (YoY)",
      "detail": "Op margin: -0.2% (year-ago) -> +2.9%",
      "severity": "HIGH"
    },
    {
      "quarter": "2025-12 (Q4)",
      "signal": "OP MARGIN TURNED POSITIVE (QoQ)",
      "detail": "Op margin: -9.2% -> +2.9%",
      "severity": "HIGH"
    },
    {
      "quarter": "2025-09 (Q3)",
      "signal": "FCF TURNED POSITIVE",
      "detail": "FCF margin: -6.5% -> +1.7%",
      "severity": "HIGH"
    },
    {
      "quarter": "2025-09 (Q3)",
      "signal": "YoY REVENUE GROWTH DECELERATION",
      "detail": "YoY growth: +2.2% vs prior quarter YoY: +8.5% (decel: -6.3%)",
      "severity": "WARNING"
    },
    {
      "quarter": "2025-06 (Q2)",
      "signal": "YoY REVENUE GROWTH DECELERATION",
      "detail": "YoY growth: +8.5% vs prior quarter YoY: +22.3% (decel: -13.8%)",
      "severity": "WARNING"
    },
    {
      "quarter": "2025-03 (Q1)",
      "signal": "YoY REVENUE GROWTH DECELERATION",
      "detail": "YoY growth: +22.3% vs prior quarter YoY: +43.6% (decel: -21.3%)",
      "severity": "WARNING"
    },
    {
      "quarter": "2024-12 (Q4)",
      "signal": "OPERATING LEVERAGE",
      "detail": "Rev growth +15.9% vs OpEx growth +4.8% (leverage: 3.3x)",
      "severity": "MEDIUM"
    },
    {
      "quarter": "2024-12 (Q4)",
      "signal": "YoY REVENUE GROWTH ACCELERATION",
      "detail": "YoY growth: +43.6% vs prior quarter YoY: +31.4% (accel: +12.2%)",
      "severity": "MEDIUM"
    },
    {
      "quarter": "2024-09 (Q3)",
      "signal": "FCF TURNED POSITIVE",
      "detail": "FCF margin: -5.3% -> +8.8%",
      "severity": "HIGH"
    },
    {
      "quarter": "2024-09 (Q3)",
      "signal": "OPERATING LEVERAGE",
      "detail": "Rev growth +9.9% vs OpEx growth +5.0% (leverage: 2.0x)",
      "severity": "MEDIUM"
    },
    {
      "quarter": "2024-09 (Q3)",
      "signal": "YoY REVENUE GROWTH ACCELERATION",
      "detail": "YoY growth: +31.4% vs prior quarter YoY: +13.3% (accel: +18.2%)",
      "severity": "HIGH"
    },
    {
      "quarter": "2024-06 (Q2)",
      "signal": "OPERATING LEVERAGE",
      "detail": "Rev growth +15.8% vs OpEx growth +5.3% (leverage: 3.0x)",
      "severity": "MEDIUM"
    },
    {
      "quarter": "2024-03 (Q1)",
      "signal": "YoY REVENUE GROWTH ACCELERATION",
      "detail": "YoY growth: +13.2% vs prior quarter YoY: -10.8% (accel: +23.9%)",
      "severity": "HIGH"
    },
    {
      "quarter": "2023-09 (Q3)",
      "signal": "YoY REVENUE GROWTH DECELERATION",
      "detail": "YoY growth: -9.3% vs prior quarter YoY: -2.2% (decel: -7.1%)",
      "severity": "WARNING"
    },
    {
      "quarter": "2023-06 (Q2)",
      "signal": "FCF MARGIN EXPANSION",
      "detail": "FCF margin: -16.0% -> -7.0% (+9.0%)",
      "severity": "MEDIUM"
    },
    {
      "quarter": "2023-06 (Q2)",
      "signal": "GROSS MARGIN INFLECTION",
      "detail": "GM: +52.4% -> +48.9% -> +51.9% (reversal +3.0%)",
      "severity": "MEDIUM"
    },
    {
      "quarter": "2023-03 (Q1)",
      "signal": "YoY REVENUE GROWTH DECELERATION",
      "detail": "YoY growth: -3.7% vs prior quarter YoY: +5.0% (decel: -8.7%)",
      "severity": "WARNING"
    },
    {
      "quarter": "2022-12 (Q4)",
      "signal": "YoY REVENUE GROWTH DECELERATION",
      "detail": "YoY growth: +5.0% vs prior quarter YoY: +13.9% (decel: -8.9%)",
      "severity": "WARNING"
    },
    {
      "quarter": "2022-09 (Q3)",
      "signal": "FCF TURNED POSITIVE",
      "detail": "FCF margin: -2.6% -> +5.0%",
      "severity": "HIGH"
    },
    {
      "quarter": "2022-06 (Q2)",
      "signal": "OPERATING LEVERAGE",
      "detail": "Rev growth +13.8% vs OpEx growth +7.3% (leverage: 1.9x)",
      "severity": "MEDIUM"
    },
    {
      "quarter": "2022-06 (Q2)",
      "signal": "YoY REVENUE GROWTH DECELERATION",
      "detail": "YoY growth: +16.3% vs prior quarter YoY: +24.7% (decel: -8.4%)",
      "severity": "WARNING"
    },
    {
      "quarter": "2021-09 (Q3)",
      "signal": "OPERATING LEVERAGE",
      "detail": "Rev growth +4.3% vs OpEx growth +2.3% (leverage: 1.9x)",
      "severity": "MEDIUM"
    },
    {
      "quarter": "2021-06 (Q2)",
      "signal": "OPERATING LEVERAGE",
      "detail": "Rev growth +22.1% vs OpEx growth +13.7% (leverage: 1.6x)",
      "severity": "MEDIUM"
    },
    {
      "quarter": "2021-06 (Q2)",
      "signal": "OP MARGIN TURNED POSITIVE (QoQ)",
      "detail": "Op margin: -2.3% -> +3.2%",
      "severity": "HIGH"
    }
  ],
  "data_quality": {
    "n_quarters": 20,
    "coverage": {
      "revenue": [
        20,
        20
      ],
      "gross_profit": [
        20,
        20
      ],
      "op_income": [
        20,
        20
      ],
      "fcf": [
        20,
        20
      ]
    },
    "gaps": [],
    "warnings": []
  },
  "market_cap": null,
  "source": "SEC EDGAR",
  "last_updated": "2026-02-24T10:21:34.611618"
}