{
  "ticker": "TNL",
  "name": "Travel & Leisure Co.",
  "sector": "Consumer Cyclical",
  "industry": "Travel Services",
  "quarters": [
    {
      "date": "2021-03-31T00:00:00",
      "quarter_label": "2021-03 (Q1)",
      "revenue": 628000000,
      "gross_profit": 607000000,
      "operating_income": 87000000,
      "net_income": 29000000,
      "opex": 541000000,
      "cogs": 21000000,
      "rd": null,
      "sga": null,
      "fcf": 66000000,
      "ocf": 78000000,
      "capex": -12000000,
      "gross_margin": 0.9665605095541401,
      "op_margin": 0.13853503184713375,
      "fcf_margin": 0.10509554140127389
    },
    {
      "date": "2021-06-30T00:00:00",
      "quarter_label": "2021-06 (Q2)",
      "revenue": 797000000,
      "gross_profit": 756000000,
      "operating_income": 151000000,
      "net_income": 72000000,
      "opex": 646000000,
      "cogs": 41000000,
      "rd": null,
      "sga": null,
      "fcf": 199000000,
      "ocf": 212000000,
      "capex": -13000000,
      "gross_margin": 0.9485570890840652,
      "op_margin": 0.18946047678795483,
      "fcf_margin": 0.24968632371392724,
      "op_leverage_ratio": 1.3865483773127085,
      "fcf_margin_change": 0.14459078231265335
    },
    {
      "date": "2021-09-30T00:00:00",
      "quarter_label": "2021-09 (Q3)",
      "revenue": 839000000,
      "gross_profit": 796000000,
      "operating_income": 186000000,
      "net_income": 101000000,
      "opex": 653000000,
      "cogs": 43000000,
      "rd": null,
      "sga": null,
      "fcf": 130000000,
      "ocf": 145000000,
      "capex": -15000000,
      "gross_margin": 0.9487485101311085,
      "op_margin": 0.22169249106078665,
      "fcf_margin": 0.15494636471990464,
      "op_leverage_ratio": 4.863237139272271,
      "fcf_margin_change": -0.0947399589940226
    },
    {
      "date": "2021-12-31T00:00:00",
      "quarter_label": "2021-12 (Q4)",
      "revenue": 870000000,
      "gross_profit": 818000000,
      "operating_income": 195000000,
      "net_income": 107000000,
      "opex": 675000000,
      "cogs": 52000000,
      "rd": null,
      "sga": null,
      "fcf": 116000000,
      "ocf": 133000000,
      "capex": -17000000,
      "gross_margin": 0.9402298850574713,
      "op_margin": 0.22413793103448276,
      "fcf_margin": 0.13333333333333333,
      "op_leverage_ratio": 1.0967060353234368,
      "fcf_margin_change": -0.021613031386571308
    },
    {
      "date": "2022-03-31T00:00:00",
      "quarter_label": "2022-03 (Q1)",
      "revenue": 809000000,
      "gross_profit": 769000000,
      "operating_income": 117000000,
      "net_income": 51000000,
      "opex": 692000000,
      "cogs": 40000000,
      "rd": null,
      "sga": null,
      "fcf": 131000000,
      "ocf": 141000000,
      "capex": -10000000,
      "gross_margin": 0.9505562422744128,
      "op_margin": 0.1446229913473424,
      "fcf_margin": 0.1619283065512979,
      "incr_op_margin_yoy": 0.16574585635359115,
      "rev_growth_yoy": 0.28821656050955413,
      "fcf_margin_change": 0.02859497321796456
    },
    {
      "date": "2022-06-30T00:00:00",
      "quarter_label": "2022-06 (Q2)",
      "revenue": 922000000,
      "gross_profit": 876000000,
      "operating_income": 185000000,
      "net_income": 100000000,
      "opex": 737000000,
      "cogs": 46000000,
      "rd": null,
      "sga": null,
      "fcf": 75000000,
      "ocf": 89000000,
      "capex": -14000000,
      "gross_margin": 0.9501084598698482,
      "op_margin": 0.20065075921908893,
      "fcf_margin": 0.08134490238611713,
      "incr_op_margin_yoy": 0.272,
      "rev_growth_yoy": 0.15683814303638646,
      "rev_growth_yoy_accel": -0.13137841747316767,
      "op_leverage_ratio": 2.1479467106166736,
      "fcf_margin_change": -0.08058340416518076
    },
    {
      "date": "2022-09-30T00:00:00",
      "quarter_label": "2022-09 (Q3)",
      "revenue": 937000000,
      "gross_profit": 898000000,
      "operating_income": 189000000,
      "net_income": 116000000,
      "opex": 748000000,
      "cogs": 39000000,
      "rd": null,
      "sga": null,
      "fcf": 25000000,
      "ocf": 37000000,
      "capex": -12000000,
      "gross_margin": 0.9583778014941302,
      "op_margin": 0.2017075773745998,
      "fcf_margin": 0.026680896478121666,
      "incr_op_margin_yoy": 0.030612244897959183,
      "rev_growth_yoy": 0.11680572109654351,
      "rev_growth_yoy_accel": -0.04003242193984295,
      "op_leverage_ratio": 1.0900216919739696,
      "fcf_margin_change": -0.05466400590799547
    },
    {
      "date": "2022-12-31T00:00:00",
      "quarter_label": "2022-12 (Q4)",
      "revenue": 899000000,
      "gross_profit": 867000000,
      "operating_income": 162000000,
      "net_income": 91000000,
      "opex": 737000000,
      "cogs": 32000000,
      "rd": null,
      "sga": null,
      "fcf": 159000000,
      "ocf": 175000000,
      "capex": -16000000,
      "gross_margin": 0.96440489432703,
      "op_margin": 0.18020022246941045,
      "fcf_margin": 0.17686318131256953,
      "incr_op_margin_yoy": -1.1379310344827587,
      "rev_growth_yoy": 0.03333333333333333,
      "rev_growth_yoy_accel": -0.08347238776321017,
      "fcf_margin_change": 0.15018228483444787
    },
    {
      "date": "2023-03-31T00:00:00",
      "quarter_label": "2023-03 (Q1)",
      "revenue": 879000000,
      "gross_profit": 849000000,
      "operating_income": 138000000,
      "net_income": 64000000,
      "opex": 739000000,
      "cogs": 30000000,
      "rd": null,
      "sga": null,
      "fcf": -5000000,
      "ocf": 7000000,
      "capex": -12000000,
      "gross_margin": 0.9658703071672355,
      "op_margin": 0.15699658703071673,
      "fcf_margin": -0.005688282138794084,
      "incr_op_margin_yoy": 0.3,
      "rev_growth_yoy": 0.0865265760197775,
      "rev_growth_yoy_accel": 0.053193242686444174,
      "fcf_margin_change": -0.1825514634513636
    },
    {
      "date": "2023-06-30T00:00:00",
      "quarter_label": "2023-06 (Q2)",
      "revenue": 949000000,
      "gross_profit": 916000000,
      "operating_income": 183000000,
      "net_income": 94000000,
      "opex": 766000000,
      "cogs": 33000000,
      "rd": null,
      "sga": null,
      "fcf": 87000000,
      "ocf": 103000000,
      "capex": -16000000,
      "gross_margin": 0.9652265542676501,
      "op_margin": 0.1928345626975764,
      "fcf_margin": 0.0916754478398314,
      "incr_op_margin_yoy": -0.07407407407407407,
      "rev_growth_yoy": 0.02928416485900217,
      "rev_growth_yoy_accel": -0.05724241116077534,
      "op_leverage_ratio": 2.1796654447393924,
      "fcf_margin_change": 0.0973637299786255
    },
    {
      "date": "2023-09-30T00:00:00",
      "quarter_label": "2023-09 (Q3)",
      "revenue": 986000000,
      "gross_profit": 943000000,
      "operating_income": 207000000,
      "net_income": 110000000,
      "opex": 779000000,
      "cogs": 43000000,
      "rd": null,
      "sga": null,
      "fcf": 74000000,
      "ocf": 88000000,
      "capex": -14000000,
      "gross_margin": 0.9563894523326572,
      "op_margin": 0.2099391480730223,
      "fcf_margin": 0.07505070993914807,
      "incr_op_margin_yoy": 0.3673469387755102,
      "rev_growth_yoy": 0.052294557097118465,
      "rev_growth_yoy_accel": 0.023010392238116295,
      "op_leverage_ratio": 2.297317013860744,
      "fcf_margin_change": -0.016624737900683334
    },
    {
      "date": "2023-12-31T00:00:00",
      "quarter_label": "2023-12 (Q4)",
      "revenue": 936000000,
      "gross_profit": 910000000,
      "operating_income": 191000000,
      "net_income": 129000000,
      "opex": 745000000,
      "cogs": 26000000,
      "rd": null,
      "sga": null,
      "fcf": 120000000,
      "ocf": 152000000,
      "capex": -32000000,
      "gross_margin": 0.9722222222222222,
      "op_margin": 0.20405982905982906,
      "fcf_margin": 0.1282051282051282,
      "incr_op_margin_yoy": 0.7837837837837838,
      "rev_growth_yoy": 0.041156840934371525,
      "rev_growth_yoy_accel": -0.01113771616274694,
      "fcf_margin_change": 0.05315441826598012
    },
    {
      "date": "2024-03-31T00:00:00",
      "quarter_label": "2024-03 (Q1)",
      "revenue": 916000000,
      "gross_profit": 882000000,
      "operating_income": 150000000,
      "net_income": 66000000,
      "opex": 766000000,
      "cogs": 34000000,
      "rd": null,
      "sga": null,
      "fcf": 30000000,
      "ocf": 47000000,
      "capex": -17000000,
      "gross_margin": 0.962882096069869,
      "op_margin": 0.16375545851528384,
      "fcf_margin": 0.03275109170305677,
      "incr_op_margin_yoy": 0.32432432432432434,
      "rev_growth_yoy": 0.04209328782707622,
      "rev_growth_yoy_accel": 0.0009364468927046954,
      "fcf_margin_change": -0.09545403650207143
    },
    {
      "date": "2024-06-30T00:00:00",
      "quarter_label": "2024-06 (Q2)",
      "revenue": 985000000,
      "gross_profit": 964000000,
      "operating_income": 189000000,
      "net_income": 129000000,
      "opex": 796000000,
      "cogs": 21000000,
      "rd": null,
      "sga": null,
      "fcf": 153000000,
      "ocf": 174000000,
      "capex": -21000000,
      "gross_margin": 0.9786802030456853,
      "op_margin": 0.1918781725888325,
      "fcf_margin": 0.15532994923857868,
      "incr_op_margin_yoy": 0.16666666666666666,
      "rev_growth_yoy": 0.037934668071654375,
      "rev_growth_yoy_accel": -0.004158619755421845,
      "op_leverage_ratio": 1.923362445414847,
      "fcf_margin_change": 0.12257885753552192
    },
    {
      "date": "2024-09-30T00:00:00",
      "quarter_label": "2024-09 (Q3)",
      "revenue": 993000000,
      "gross_profit": 966000000,
      "operating_income": 189000000,
      "net_income": 97000000,
      "opex": 804000000,
      "cogs": 27000000,
      "rd": null,
      "sga": null,
      "fcf": 125000000,
      "ocf": 145000000,
      "capex": -20000000,
      "gross_margin": 0.972809667673716,
      "op_margin": 0.1903323262839879,
      "fcf_margin": 0.12588116817724068,
      "incr_op_margin_yoy": -2.5714285714285716,
      "rev_growth_yoy": 0.007099391480730223,
      "rev_growth_yoy_accel": -0.03083527659092415,
      "fcf_margin_change": -0.029448781061337997
    },
    {
      "date": "2024-12-31T00:00:00",
      "quarter_label": "2024-12 (Q4)",
      "revenue": 971000000,
      "gross_profit": 961000000,
      "operating_income": 206000000,
      "net_income": 119000000,
      "opex": 765000000,
      "cogs": 10000000,
      "rd": null,
      "sga": null,
      "fcf": 75000000,
      "ocf": 98000000,
      "capex": -23000000,
      "gross_margin": 0.9897013388259527,
      "op_margin": 0.2121524201853759,
      "fcf_margin": 0.07723995880535531,
      "incr_op_margin_yoy": 0.42857142857142855,
      "rev_growth_yoy": 0.03739316239316239,
      "rev_growth_yoy_accel": 0.03029377091243217,
      "fcf_margin_change": -0.048641209371885374
    },
    {
      "date": "2025-03-31T00:00:00",
      "quarter_label": "2025-03 (Q1)",
      "revenue": 934000000,
      "gross_profit": 911000000,
      "operating_income": 156000000,
      "net_income": 73000000,
      "opex": 778000000,
      "cogs": 23000000,
      "rd": null,
      "sga": null,
      "fcf": 100000000,
      "ocf": 121000000,
      "capex": -21000000,
      "gross_margin": 0.9753747323340471,
      "op_margin": 0.1670235546038544,
      "fcf_margin": 0.10706638115631692,
      "incr_op_margin_yoy": 0.3333333333333333,
      "rev_growth_yoy": 0.019650655021834062,
      "rev_growth_yoy_accel": -0.01774250737132833,
      "fcf_margin_change": 0.029826422350961612
    },
    {
      "date": "2025-06-30T00:00:00",
      "quarter_label": "2025-06 (Q2)",
      "revenue": 1018000000,
      "gross_profit": 997000000,
      "operating_income": 206000000,
      "net_income": 108000000,
      "opex": 812000000,
      "cogs": 21000000,
      "rd": null,
      "sga": null,
      "fcf": 195000000,
      "ocf": 232000000,
      "capex": -37000000,
      "gross_margin": 0.9793713163064833,
      "op_margin": 0.20235756385068762,
      "fcf_margin": 0.19155206286836934,
      "incr_op_margin_yoy": 0.5151515151515151,
      "rev_growth_yoy": 0.03350253807106599,
      "rev_growth_yoy_accel": 0.01385188304923193,
      "op_leverage_ratio": 2.0579418062728303,
      "fcf_margin_change": 0.08448568171205242
    },
    {
      "date": "2025-09-30T00:00:00",
      "quarter_label": "2025-09 (Q3)",
      "revenue": 1044000000,
      "gross_profit": 1031000000,
      "operating_income": 214000000,
      "net_income": 111000000,
      "opex": 830000000,
      "cogs": 13000000,
      "rd": null,
      "sga": null,
      "fcf": 136000000,
      "ocf": 163000000,
      "capex": -27000000,
      "gross_margin": 0.9875478927203065,
      "op_margin": 0.2049808429118774,
      "fcf_margin": 0.13026819923371646,
      "incr_op_margin_yoy": 0.49019607843137253,
      "rev_growth_yoy": 0.0513595166163142,
      "rev_growth_yoy_accel": 0.01785697854524821,
      "op_leverage_ratio": 1.1521501855490068,
      "fcf_margin_change": -0.06128386363465288
    },
    {
      "date": "2025-12-31T00:00:00",
      "quarter_label": "2025-12 (Q4)",
      "revenue": 1025000000,
      "gross_profit": 810000000,
      "operating_income": -23000000,
      "net_income": -61000000,
      "opex": 1048000000,
      "cogs": 215000000,
      "rd": null,
      "sga": null,
      "fcf": 92000000,
      "ocf": 124000000,
      "capex": -32000000,
      "gross_margin": 0.7902439024390244,
      "op_margin": -0.0224390243902439,
      "fcf_margin": 0.0897560975609756,
      "incr_op_margin_yoy": -4.2407407407407405,
      "rev_growth_yoy": 0.055612770339855816,
      "rev_growth_yoy_accel": 0.004253253723541614,
      "fcf_margin_change": -0.04051210167274086
    }
  ],
  "signals": [
    {
      "quarter": "2025-09 (Q3)",
      "signal": "INCREMENTAL MARGIN (YoY)",
      "detail": "YoY Incr OPM: +49.0% vs year-ago OPM: +19.0%",
      "severity": "HIGH"
    },
    {
      "quarter": "2025-06 (Q2)",
      "signal": "FCF MARGIN EXPANSION",
      "detail": "FCF margin: +10.7% -> +19.2% (+8.4%)",
      "severity": "MEDIUM"
    },
    {
      "quarter": "2025-06 (Q2)",
      "signal": "OPERATING LEVERAGE",
      "detail": "Rev growth +9.0% vs OpEx growth +4.4% (leverage: 2.1x)",
      "severity": "MEDIUM"
    },
    {
      "quarter": "2025-06 (Q2)",
      "signal": "INCREMENTAL MARGIN (YoY)",
      "detail": "YoY Incr OPM: +51.5% vs year-ago OPM: +19.2%",
      "severity": "HIGH"
    },
    {
      "quarter": "2025-03 (Q1)",
      "signal": "INCREMENTAL MARGIN (YoY)",
      "detail": "YoY Incr OPM: +33.3% vs year-ago OPM: +16.4%",
      "severity": "MEDIUM"
    },
    {
      "quarter": "2024-12 (Q4)",
      "signal": "INCREMENTAL MARGIN (YoY)",
      "detail": "YoY Incr OPM: +42.9% vs year-ago OPM: +20.4%",
      "severity": "HIGH"
    },
    {
      "quarter": "2024-06 (Q2)",
      "signal": "FCF MARGIN EXPANSION",
      "detail": "FCF margin: +3.3% -> +15.5% (+12.3%)",
      "severity": "MEDIUM"
    },
    {
      "quarter": "2024-06 (Q2)",
      "signal": "OPERATING LEVERAGE",
      "detail": "Rev growth +7.5% vs OpEx growth +3.9% (leverage: 1.9x)",
      "severity": "MEDIUM"
    },
    {
      "quarter": "2024-03 (Q1)",
      "signal": "INCREMENTAL MARGIN (YoY)",
      "detail": "YoY Incr OPM: +32.4% vs year-ago OPM: +15.7%",
      "severity": "MEDIUM"
    },
    {
      "quarter": "2023-12 (Q4)",
      "signal": "FCF MARGIN EXPANSION",
      "detail": "FCF margin: +7.5% -> +12.8% (+5.3%)",
      "severity": "MEDIUM"
    },
    {
      "quarter": "2023-12 (Q4)",
      "signal": "INCREMENTAL MARGIN (YoY)",
      "detail": "YoY Incr OPM: +78.4% vs year-ago OPM: +18.0%",
      "severity": "HIGH"
    },
    {
      "quarter": "2023-09 (Q3)",
      "signal": "OPERATING LEVERAGE",
      "detail": "Rev growth +3.9% vs OpEx growth +1.7% (leverage: 2.3x)",
      "severity": "MEDIUM"
    },
    {
      "quarter": "2023-09 (Q3)",
      "signal": "INCREMENTAL MARGIN (YoY)",
      "detail": "YoY Incr OPM: +36.7% vs year-ago OPM: +20.2%",
      "severity": "MEDIUM"
    },
    {
      "quarter": "2023-06 (Q2)",
      "signal": "FCF TURNED POSITIVE",
      "detail": "FCF margin: -0.6% -> +9.2%",
      "severity": "HIGH"
    },
    {
      "quarter": "2023-06 (Q2)",
      "signal": "OPERATING LEVERAGE",
      "detail": "Rev growth +8.0% vs OpEx growth +3.7% (leverage: 2.2x)",
      "severity": "MEDIUM"
    },
    {
      "quarter": "2023-06 (Q2)",
      "signal": "YoY REVENUE GROWTH DECELERATION",
      "detail": "YoY growth: +2.9% vs prior quarter YoY: +8.7% (decel: -5.7%)",
      "severity": "WARNING"
    },
    {
      "quarter": "2023-03 (Q1)",
      "signal": "YoY REVENUE GROWTH ACCELERATION",
      "detail": "YoY growth: +8.7% vs prior quarter YoY: +3.3% (accel: +5.3%)",
      "severity": "MEDIUM"
    },
    {
      "quarter": "2023-03 (Q1)",
      "signal": "INCREMENTAL MARGIN (YoY)",
      "detail": "YoY Incr OPM: +30.0% vs year-ago OPM: +14.5%",
      "severity": "MEDIUM"
    },
    {
      "quarter": "2022-12 (Q4)",
      "signal": "FCF MARGIN EXPANSION",
      "detail": "FCF margin: +2.7% -> +17.7% (+15.0%)",
      "severity": "MEDIUM"
    },
    {
      "quarter": "2022-12 (Q4)",
      "signal": "YoY REVENUE GROWTH DECELERATION",
      "detail": "YoY growth: +3.3% vs prior quarter YoY: +11.7% (decel: -8.3%)",
      "severity": "WARNING"
    },
    {
      "quarter": "2022-06 (Q2)",
      "signal": "OPERATING LEVERAGE",
      "detail": "Rev growth +14.0% vs OpEx growth +6.5% (leverage: 2.1x)",
      "severity": "MEDIUM"
    },
    {
      "quarter": "2022-06 (Q2)",
      "signal": "YoY REVENUE GROWTH DECELERATION",
      "detail": "YoY growth: +15.7% vs prior quarter YoY: +28.8% (decel: -13.1%)",
      "severity": "WARNING"
    },
    {
      "quarter": "2021-09 (Q3)",
      "signal": "OPERATING LEVERAGE",
      "detail": "Rev growth +5.3% vs OpEx growth +1.1% (leverage: 4.9x)",
      "severity": "MEDIUM"
    },
    {
      "quarter": "2021-06 (Q2)",
      "signal": "FCF MARGIN EXPANSION",
      "detail": "FCF margin: +10.5% -> +25.0% (+14.5%)",
      "severity": "MEDIUM"
    }
  ],
  "data_quality": {
    "n_quarters": 20,
    "coverage": {
      "revenue": [
        20,
        20
      ],
      "gross_profit": [
        20,
        20
      ],
      "op_income": [
        20,
        20
      ],
      "fcf": [
        20,
        20
      ]
    },
    "gaps": [],
    "warnings": []
  },
  "market_cap": null,
  "source": "SEC EDGAR",
  "last_updated": "2026-02-24T10:28:45.167999"
}