{
  "ticker": "TOL",
  "name": "Toll Brothers, Inc.",
  "quarters": [
    {
      "date": "2021-01-31T00:00:00",
      "quarter_label": "2021-01 (Q1)",
      "revenue": 1563376000,
      "gross_profit": 329849000,
      "operating_income": 119110000,
      "net_income": 96499000,
      "opex": 210739000,
      "cogs": 1233527000,
      "rd": null,
      "sga": 210739000,
      "fcf": 40827000,
      "ocf": 55323000,
      "capex": -14496000,
      "gross_margin": 0.21098507332848912,
      "op_margin": 0.07618768613564492,
      "fcf_margin": 0.026114639088741287
    },
    {
      "date": "2021-04-30T00:00:00",
      "quarter_label": "2021-04 (Q2)",
      "revenue": 1930124000,
      "gross_profit": 403540000,
      "operating_income": 184370000,
      "net_income": 127866000,
      "opex": 219170000,
      "cogs": 1526584000,
      "rd": null,
      "sga": 219170000,
      "fcf": -43166000,
      "ocf": -28056000,
      "capex": -15110000,
      "gross_margin": 0.20907465012610588,
      "op_margin": 0.09552236022141583,
      "fcf_margin": -0.022364366227247575,
      "op_leverage_ratio": 5.863678348736951,
      "fcf_margin_change": -0.048479005315988866
    },
    {
      "date": "2021-07-31T00:00:00",
      "quarter_label": "2021-07 (Q3)",
      "revenue": 2255481000,
      "gross_profit": 510648000,
      "operating_income": 276733000,
      "net_income": 234932000,
      "opex": 233915000,
      "cogs": 1744833000,
      "rd": null,
      "sga": 233915000,
      "fcf": 404995000,
      "ocf": 421161000,
      "capex": -16166000,
      "gross_margin": 0.22640314859668514,
      "op_margin": 0.12269356292515876,
      "fcf_margin": 0.1795603687195769,
      "op_leverage_ratio": 2.5055973134296536,
      "fcf_margin_change": 0.20192473494682447
    },
    {
      "date": "2021-10-31T00:00:00",
      "quarter_label": "2021-10 (Q4)",
      "revenue": 3041380000,
      "gross_profit": 698863000,
      "operating_income": 440664000,
      "net_income": 374330000,
      "opex": 258199000,
      "cogs": 2342517000,
      "rd": null,
      "sga": 258199000,
      "fcf": 833593000,
      "ocf": 854699000,
      "capex": -21106000,
      "gross_margin": 0.22978483451591053,
      "op_margin": 0.14488949095476394,
      "fcf_margin": 0.27408380406262944,
      "op_leverage_ratio": 3.356335845398901,
      "fcf_margin_change": 0.09452343534305255
    },
    {
      "date": "2022-01-31T00:00:00",
      "quarter_label": "2022-01 (Q1)",
      "revenue": 1791081000,
      "gross_profit": 401937000,
      "operating_income": 175067000,
      "net_income": 151904000,
      "opex": 226870000,
      "cogs": 1389144000,
      "rd": null,
      "sga": 226870000,
      "fcf": -299173000,
      "ocf": -280698000,
      "capex": -18475000,
      "gross_margin": 0.22441028630195956,
      "op_margin": 0.09774376479902361,
      "fcf_margin": -0.16703488005288428,
      "incr_op_margin_yoy": 0.24574339606069256,
      "rev_growth_yoy": 0.14564954304018995,
      "fcf_margin_change": -0.4411186841155137
    },
    {
      "date": "2022-04-30T00:00:00",
      "quarter_label": "2022-04 (Q2)",
      "revenue": 2277541000,
      "gross_profit": 525295000,
      "operating_income": 281658000,
      "net_income": 220593000,
      "opex": 243637000,
      "cogs": 1752246000,
      "rd": null,
      "sga": 243637000,
      "fcf": 55061000,
      "ocf": 75726000,
      "capex": -20665000,
      "gross_margin": 0.2306412925167977,
      "op_margin": 0.12366758710381065,
      "fcf_margin": 0.02417563503796419,
      "incr_op_margin_yoy": 0.28003235305123236,
      "rev_growth_yoy": 0.17999724370040474,
      "rev_growth_yoy_accel": 0.03434770066021478,
      "op_leverage_ratio": 3.6749684529324402,
      "fcf_margin_change": 0.19121051509084847
    },
    {
      "date": "2022-07-31T00:00:00",
      "quarter_label": "2022-07 (Q3)",
      "revenue": 2494802000,
      "gross_profit": 594538000,
      "operating_income": 361673000,
      "net_income": 273467000,
      "opex": 232865000,
      "cogs": 1900264000,
      "rd": null,
      "sga": 232865000,
      "fcf": -59004000,
      "ocf": -41659000,
      "capex": -17345000,
      "gross_margin": 0.23831069559828796,
      "op_margin": 0.14497062291917354,
      "fcf_margin": -0.02365077469073698,
      "incr_op_margin_yoy": 0.3549207967541503,
      "rev_growth_yoy": 0.10610641366520046,
      "rev_growth_yoy_accel": -0.07389083003520427,
      "op_leverage_ratio": Infinity,
      "fcf_margin_change": -0.04782640972870117
    },
    {
      "date": "2022-10-31T00:00:00",
      "quarter_label": "2022-10 (Q4)",
      "revenue": 3712134000,
      "gross_profit": 964609000,
      "operating_income": 690228000,
      "net_income": 640536000,
      "opex": 274381000,
      "cogs": 2747525000,
      "rd": null,
      "sga": 274381000,
      "fcf": 1218206000,
      "ocf": 1233447000,
      "capex": -15241000,
      "gross_margin": 0.25985295789430013,
      "op_margin": 0.1859383308899948,
      "fcf_margin": 0.32816864908432725,
      "incr_op_margin_yoy": 0.37206487028031143,
      "rev_growth_yoy": 0.22054264840302756,
      "rev_growth_yoy_accel": 0.1144362347378271,
      "op_leverage_ratio": 2.736917269356675,
      "fcf_margin_change": 0.35181942377506426
    },
    {
      "date": "2023-01-31T00:00:00",
      "quarter_label": "2023-01 (Q1)",
      "revenue": 1780169000,
      "gross_profit": 436811000,
      "operating_income": 225314000,
      "net_income": 191530000,
      "opex": 211497000,
      "cogs": 1343358000,
      "rd": null,
      "sga": 211497000,
      "fcf": -377502000,
      "ocf": -357764000,
      "capex": -19738000,
      "gross_margin": 0.24537614125400453,
      "op_margin": 0.12656888194323124,
      "fcf_margin": -0.2120596415284167,
      "incr_op_margin_yoy": -4.60474706744868,
      "rev_growth_yoy": -0.006092410114338771,
      "rev_growth_yoy_accel": -0.22663505851736634,
      "fcf_margin_change": -0.5402282906127439
    },
    {
      "date": "2023-04-30T00:00:00",
      "quarter_label": "2023-04 (Q2)",
      "revenue": 2506979000,
      "gross_profit": 653251000,
      "operating_income": 425714000,
      "net_income": 320216000,
      "opex": 227537000,
      "cogs": 1853728000,
      "rd": null,
      "sga": 227537000,
      "fcf": 483529000,
      "ocf": 503335000,
      "capex": -19806000,
      "gross_margin": 0.260572984456591,
      "op_margin": 0.16981155406567028,
      "fcf_margin": 0.1928731752439889,
      "incr_op_margin_yoy": 0.6278646083037683,
      "rev_growth_yoy": 0.10073935002706867,
      "rev_growth_yoy_accel": 0.10683176014140744,
      "op_leverage_ratio": 5.3834354201785,
      "fcf_margin_change": 0.40493281677240556
    },
    {
      "date": "2023-07-31T00:00:00",
      "quarter_label": "2023-07 (Q3)",
      "revenue": 2687642000,
      "gross_profit": 744115000,
      "operating_income": 515111000,
      "net_income": 414789000,
      "opex": 229004000,
      "cogs": 1943527000,
      "rd": null,
      "sga": 229004000,
      "fcf": 514906000,
      "ocf": 529462000,
      "capex": -14556000,
      "gross_margin": 0.276865371206433,
      "op_margin": 0.19165908257126507,
      "fcf_margin": 0.19158280753165785,
      "incr_op_margin_yoy": 0.7956751711263224,
      "rev_growth_yoy": 0.0772967153305152,
      "rev_growth_yoy_accel": -0.02344263469655347,
      "op_leverage_ratio": 11.177390796670013,
      "fcf_margin_change": -0.001290367712331042
    },
    {
      "date": "2023-10-31T00:00:00",
      "quarter_label": "2023-10 (Q4)",
      "revenue": 3020147000,
      "gross_profit": 800024000,
      "operating_income": 558616000,
      "net_income": 445536000,
      "opex": 241408000,
      "cogs": 2220123000,
      "rd": null,
      "sga": 241408000,
      "fcf": 572536000,
      "ocf": 591397000,
      "capex": -18861000,
      "gross_margin": 0.26489571534100825,
      "op_margin": 0.18496318225569816,
      "fcf_margin": 0.18957222943121643,
      "incr_op_margin_yoy": 0.19019432445985257,
      "rev_growth_yoy": -0.18641218231884948,
      "rev_growth_yoy_accel": -0.26370889764936467,
      "op_leverage_ratio": 2.284062963772695,
      "fcf_margin_change": -0.002010578100441418
    },
    {
      "date": "2024-01-31T00:00:00",
      "quarter_label": "2024-01 (Q1)",
      "revenue": 1947848000,
      "gross_profit": 538461000,
      "operating_income": 308415000,
      "net_income": 239558000,
      "opex": 230046000,
      "cogs": 1409387000,
      "rd": null,
      "sga": 230046000,
      "fcf": -320563000,
      "ocf": -306982000,
      "capex": -13581000,
      "gross_margin": 0.27643892131213527,
      "op_margin": 0.1583362767526008,
      "fcf_margin": -0.16457290301912675,
      "incr_op_margin_yoy": 0.4955957514059602,
      "rev_growth_yoy": 0.09419274237445996,
      "rev_growth_yoy_accel": 0.28060492469330944,
      "fcf_margin_change": -0.3541451324503432
    },
    {
      "date": "2024-04-30T00:00:00",
      "quarter_label": "2024-04 (Q2)",
      "revenue": 2837486000,
      "gross_profit": 861224000,
      "operating_income": 623526000,
      "net_income": 481617000,
      "opex": 237698000,
      "cogs": 1976262000,
      "rd": null,
      "sga": 237698000,
      "fcf": 442906000,
      "ocf": 459026000,
      "capex": -16120000,
      "gross_margin": 0.3035165636059526,
      "op_margin": 0.2197459300239719,
      "fcf_margin": 0.15609099040488658,
      "incr_op_margin_yoy": 0.5985107728429353,
      "rev_growth_yoy": 0.1318347700559119,
      "rev_growth_yoy_accel": 0.037642027681451945,
      "op_leverage_ratio": 13.730867812422252,
      "fcf_margin_change": 0.32066389342401336
    },
    {
      "date": "2024-07-31T00:00:00",
      "quarter_label": "2024-07 (Q3)",
      "revenue": 2727944000,
      "gross_profit": 742004000,
      "operating_income": 497191000,
      "net_income": 374611000,
      "opex": 244813000,
      "cogs": 1985940000,
      "rd": null,
      "sga": 244813000,
      "fcf": 149860000,
      "ocf": 175612000,
      "capex": -25752000,
      "gross_margin": 0.27200118477505403,
      "op_margin": 0.1822585067728663,
      "fcf_margin": 0.054935145296237754,
      "incr_op_margin_yoy": -0.4446429457595157,
      "rev_growth_yoy": 0.014995300713413469,
      "rev_growth_yoy_accel": -0.11683946934249843,
      "fcf_margin_change": -0.10115584510864883
    },
    {
      "date": "2024-10-31T00:00:00",
      "quarter_label": "2024-10 (Q4)",
      "revenue": 3333462000,
      "gross_profit": 880789000,
      "operating_income": 611055000,
      "net_income": 475409000,
      "opex": 269734000,
      "cogs": 2452673000,
      "rd": null,
      "sga": 269734000,
      "fcf": 664321000,
      "ocf": 682511000,
      "capex": -18190000,
      "gross_margin": 0.2642265008570669,
      "op_margin": 0.1833094242562237,
      "fcf_margin": 0.19928860745975205,
      "incr_op_margin_yoy": 0.1673683034645644,
      "rev_growth_yoy": 0.10374163906591302,
      "rev_growth_yoy_accel": 0.08874633835249955,
      "op_leverage_ratio": 2.1805227277608727,
      "fcf_margin_change": 0.1443534621635143
    },
    {
      "date": "2025-01-31T00:00:00",
      "quarter_label": "2025-01 (Q1)",
      "revenue": 1859131000,
      "gross_profit": 459545000,
      "operating_income": 219131000,
      "net_income": 177703000,
      "opex": 240414000,
      "cogs": 1399586000,
      "rd": null,
      "sga": 240414000,
      "fcf": -438100000,
      "ocf": -420775000,
      "capex": -17325000,
      "gross_margin": 0.2471826891165819,
      "op_margin": 0.11786743376340882,
      "fcf_margin": -0.2356477300416162,
      "incr_op_margin_yoy": 1.0063911088066548,
      "rev_growth_yoy": -0.04554616171282359,
      "rev_growth_yoy_accel": -0.1492878007787366,
      "fcf_margin_change": -0.4349363375013683
    },
    {
      "date": "2025-04-30T00:00:00",
      "quarter_label": "2025-04 (Q2)",
      "revenue": 2739077000,
      "gross_profit": 705438000,
      "operating_income": 449678000,
      "net_income": 352447000,
      "opex": 255760000,
      "cogs": 2033639000,
      "rd": null,
      "sga": 255760000,
      "fcf": 347255000,
      "ocf": 362846000,
      "capex": -15591000,
      "gross_margin": 0.25754588133155804,
      "op_margin": 0.16417136137465285,
      "fcf_margin": 0.12677810809991832,
      "incr_op_margin_yoy": 1.766586389456249,
      "rev_growth_yoy": -0.034681757020122744,
      "rev_growth_yoy_accel": 0.010864404692700842,
      "op_leverage_ratio": 7.414990335397056,
      "fcf_margin_change": 0.3624258381415345
    },
    {
      "date": "2025-07-31T00:00:00",
      "quarter_label": "2025-07 (Q3)",
      "revenue": 2945117000,
      "gross_profit": 741391000,
      "operating_income": 487719000,
      "net_income": 369621000,
      "opex": 253672000,
      "cogs": 2203726000,
      "rd": null,
      "sga": 253672000,
      "fcf": 344863000,
      "ocf": 370310000,
      "capex": -25447000,
      "gross_margin": 0.2517356695846039,
      "op_margin": 0.16560258896335867,
      "fcf_margin": 0.11709653640245872,
      "incr_op_margin_yoy": -0.04361499818117354,
      "rev_growth_yoy": 0.07961050520098653,
      "rev_growth_yoy_accel": 0.11429226222110928,
      "op_leverage_ratio": Infinity,
      "fcf_margin_change": -0.009681571697459604
    },
    {
      "date": "2025-10-31T00:00:00",
      "quarter_label": "2025-10 (Q4)",
      "revenue": 3423398000,
      "gross_profit": 847862000,
      "operating_income": 564086000,
      "net_income": 446716000,
      "opex": 283776000,
      "cogs": 2575536000,
      "rd": null,
      "sga": 283776000,
      "fcf": 772198000,
      "ocf": 800030000,
      "capex": -27832000,
      "gross_margin": 0.24766679188338603,
      "op_margin": 0.16477371313531175,
      "fcf_margin": 0.225564775115251,
      "incr_op_margin_yoy": -0.5222491549546344,
      "rev_growth_yoy": 0.02697975858131876,
      "rev_growth_yoy_accel": -0.05263074661966777,
      "op_leverage_ratio": 1.368449904750525,
      "fcf_margin_change": 0.10846823871279228
    }
  ],
  "signals": [
    {
      "quarter": "2025-10 (Q4)",
      "signal": "FCF MARGIN EXPANSION",
      "detail": "FCF margin: +11.7% -> +22.6% (+10.8%)",
      "severity": "MEDIUM"
    },
    {
      "quarter": "2025-10 (Q4)",
      "signal": "YoY REVENUE GROWTH DECELERATION",
      "detail": "YoY growth: +2.7% vs prior quarter YoY: +8.0% (decel: -5.3%)",
      "severity": "WARNING"
    },
    {
      "quarter": "2025-07 (Q3)",
      "signal": "YoY REVENUE GROWTH ACCELERATION",
      "detail": "YoY growth: +8.0% vs prior quarter YoY: -3.5% (accel: +11.4%)",
      "severity": "MEDIUM"
    },
    {
      "quarter": "2025-04 (Q2)",
      "signal": "FCF TURNED POSITIVE",
      "detail": "FCF margin: -23.6% -> +12.7%",
      "severity": "HIGH"
    },
    {
      "quarter": "2025-04 (Q2)",
      "signal": "OPERATING LEVERAGE",
      "detail": "Rev growth +47.3% vs OpEx growth +6.4% (leverage: 7.4x)",
      "severity": "MEDIUM"
    },
    {
      "quarter": "2025-04 (Q2)",
      "signal": "INCREMENTAL MARGIN (YoY)",
      "detail": "YoY Incr OPM: +176.7% vs year-ago OPM: +22.0%",
      "severity": "HIGH"
    },
    {
      "quarter": "2025-01 (Q1)",
      "signal": "YoY REVENUE GROWTH DECELERATION",
      "detail": "YoY growth: -4.6% vs prior quarter YoY: +10.4% (decel: -14.9%)",
      "severity": "WARNING"
    },
    {
      "quarter": "2025-01 (Q1)",
      "signal": "INCREMENTAL MARGIN (YoY)",
      "detail": "YoY Incr OPM: +100.6% vs year-ago OPM: +15.8%",
      "severity": "HIGH"
    },
    {
      "quarter": "2024-10 (Q4)",
      "signal": "FCF MARGIN EXPANSION",
      "detail": "FCF margin: +5.5% -> +19.9% (+14.4%)",
      "severity": "MEDIUM"
    },
    {
      "quarter": "2024-10 (Q4)",
      "signal": "OPERATING LEVERAGE",
      "detail": "Rev growth +22.2% vs OpEx growth +10.2% (leverage: 2.2x)",
      "severity": "MEDIUM"
    },
    {
      "quarter": "2024-10 (Q4)",
      "signal": "YoY REVENUE GROWTH ACCELERATION",
      "detail": "YoY growth: +10.4% vs prior quarter YoY: +1.5% (accel: +8.9%)",
      "severity": "MEDIUM"
    },
    {
      "quarter": "2024-07 (Q3)",
      "signal": "YoY REVENUE GROWTH DECELERATION",
      "detail": "YoY growth: +1.5% vs prior quarter YoY: +13.2% (decel: -11.7%)",
      "severity": "WARNING"
    },
    {
      "quarter": "2024-04 (Q2)",
      "signal": "FCF TURNED POSITIVE",
      "detail": "FCF margin: -16.5% -> +15.6%",
      "severity": "HIGH"
    },
    {
      "quarter": "2024-04 (Q2)",
      "signal": "OPERATING LEVERAGE",
      "detail": "Rev growth +45.7% vs OpEx growth +3.3% (leverage: 13.7x)",
      "severity": "MEDIUM"
    },
    {
      "quarter": "2024-04 (Q2)",
      "signal": "INCREMENTAL MARGIN (YoY)",
      "detail": "YoY Incr OPM: +59.9% vs year-ago OPM: +17.0%",
      "severity": "HIGH"
    },
    {
      "quarter": "2024-01 (Q1)",
      "signal": "YoY REVENUE GROWTH ACCELERATION",
      "detail": "YoY growth: +9.4% vs prior quarter YoY: -18.6% (accel: +28.1%)",
      "severity": "HIGH"
    },
    {
      "quarter": "2024-01 (Q1)",
      "signal": "INCREMENTAL MARGIN (YoY)",
      "detail": "YoY Incr OPM: +49.6% vs year-ago OPM: +12.7%",
      "severity": "HIGH"
    },
    {
      "quarter": "2023-10 (Q4)",
      "signal": "OPERATING LEVERAGE",
      "detail": "Rev growth +12.4% vs OpEx growth +5.4% (leverage: 2.3x)",
      "severity": "MEDIUM"
    },
    {
      "quarter": "2023-10 (Q4)",
      "signal": "YoY REVENUE GROWTH DECELERATION",
      "detail": "YoY growth: -18.6% vs prior quarter YoY: +7.7% (decel: -26.4%)",
      "severity": "WARNING"
    },
    {
      "quarter": "2023-07 (Q3)",
      "signal": "OPERATING LEVERAGE",
      "detail": "Rev growth +7.2% vs OpEx growth +0.6% (leverage: 11.2x)",
      "severity": "MEDIUM"
    },
    {
      "quarter": "2023-07 (Q3)",
      "signal": "INCREMENTAL MARGIN (YoY)",
      "detail": "YoY Incr OPM: +79.6% vs year-ago OPM: +14.5%",
      "severity": "HIGH"
    },
    {
      "quarter": "2023-04 (Q2)",
      "signal": "FCF TURNED POSITIVE",
      "detail": "FCF margin: -21.2% -> +19.3%",
      "severity": "HIGH"
    },
    {
      "quarter": "2023-04 (Q2)",
      "signal": "OPERATING LEVERAGE",
      "detail": "Rev growth +40.8% vs OpEx growth +7.6% (leverage: 5.4x)",
      "severity": "MEDIUM"
    },
    {
      "quarter": "2023-04 (Q2)",
      "signal": "YoY REVENUE GROWTH ACCELERATION",
      "detail": "YoY growth: +10.1% vs prior quarter YoY: -0.6% (accel: +10.7%)",
      "severity": "MEDIUM"
    },
    {
      "quarter": "2023-04 (Q2)",
      "signal": "INCREMENTAL MARGIN (YoY)",
      "detail": "YoY Incr OPM: +62.8% vs year-ago OPM: +12.4%",
      "severity": "HIGH"
    },
    {
      "quarter": "2023-01 (Q1)",
      "signal": "YoY REVENUE GROWTH DECELERATION",
      "detail": "YoY growth: -0.6% vs prior quarter YoY: +22.1% (decel: -22.7%)",
      "severity": "WARNING"
    },
    {
      "quarter": "2022-10 (Q4)",
      "signal": "FCF TURNED POSITIVE",
      "detail": "FCF margin: -2.4% -> +32.8%",
      "severity": "HIGH"
    },
    {
      "quarter": "2022-10 (Q4)",
      "signal": "OPERATING LEVERAGE",
      "detail": "Rev growth +48.8% vs OpEx growth +17.8% (leverage: 2.7x)",
      "severity": "MEDIUM"
    },
    {
      "quarter": "2022-10 (Q4)",
      "signal": "YoY REVENUE GROWTH ACCELERATION",
      "detail": "YoY growth: +22.1% vs prior quarter YoY: +10.6% (accel: +11.4%)",
      "severity": "MEDIUM"
    },
    {
      "quarter": "2022-10 (Q4)",
      "signal": "INCREMENTAL MARGIN (YoY)",
      "detail": "YoY Incr OPM: +37.2% vs year-ago OPM: +14.5%",
      "severity": "HIGH"
    },
    {
      "quarter": "2022-07 (Q3)",
      "signal": "YoY REVENUE GROWTH DECELERATION",
      "detail": "YoY growth: +10.6% vs prior quarter YoY: +18.0% (decel: -7.4%)",
      "severity": "WARNING"
    },
    {
      "quarter": "2022-07 (Q3)",
      "signal": "INCREMENTAL MARGIN (YoY)",
      "detail": "YoY Incr OPM: +35.5% vs year-ago OPM: +12.3%",
      "severity": "HIGH"
    },
    {
      "quarter": "2022-04 (Q2)",
      "signal": "FCF TURNED POSITIVE",
      "detail": "FCF margin: -16.7% -> +2.4%",
      "severity": "HIGH"
    },
    {
      "quarter": "2022-04 (Q2)",
      "signal": "OPERATING LEVERAGE",
      "detail": "Rev growth +27.2% vs OpEx growth +7.4% (leverage: 3.7x)",
      "severity": "MEDIUM"
    },
    {
      "quarter": "2022-04 (Q2)",
      "signal": "INCREMENTAL MARGIN (YoY)",
      "detail": "YoY Incr OPM: +28.0% vs year-ago OPM: +9.6%",
      "severity": "MEDIUM"
    },
    {
      "quarter": "2022-01 (Q1)",
      "signal": "INCREMENTAL MARGIN (YoY)",
      "detail": "YoY Incr OPM: +24.6% vs year-ago OPM: +7.6%",
      "severity": "MEDIUM"
    },
    {
      "quarter": "2021-10 (Q4)",
      "signal": "FCF MARGIN EXPANSION",
      "detail": "FCF margin: +18.0% -> +27.4% (+9.5%)",
      "severity": "MEDIUM"
    },
    {
      "quarter": "2021-10 (Q4)",
      "signal": "OPERATING LEVERAGE",
      "detail": "Rev growth +34.8% vs OpEx growth +10.4% (leverage: 3.4x)",
      "severity": "MEDIUM"
    },
    {
      "quarter": "2021-07 (Q3)",
      "signal": "FCF TURNED POSITIVE",
      "detail": "FCF margin: -2.2% -> +18.0%",
      "severity": "HIGH"
    },
    {
      "quarter": "2021-07 (Q3)",
      "signal": "OPERATING LEVERAGE",
      "detail": "Rev growth +16.9% vs OpEx growth +6.7% (leverage: 2.5x)",
      "severity": "MEDIUM"
    },
    {
      "quarter": "2021-04 (Q2)",
      "signal": "OPERATING LEVERAGE",
      "detail": "Rev growth +23.5% vs OpEx growth +4.0% (leverage: 5.9x)",
      "severity": "MEDIUM"
    }
  ],
  "data_quality": {
    "n_quarters": 20,
    "coverage": {
      "revenue": [
        20,
        20
      ],
      "gross_profit": [
        20,
        20
      ],
      "op_income": [
        20,
        20
      ],
      "fcf": [
        20,
        20
      ]
    },
    "gaps": [],
    "warnings": []
  },
  "market_cap": null,
  "source": "SEC EDGAR",
  "last_updated": "2026-02-02T20:28:57.983475"
}