{
  "ticker": "TOST",
  "name": "Toast, Inc.",
  "quarters": [
    {
      "date": "2020-12-31T00:00:00",
      "quarter_label": "2020-12 (Q4)",
      "revenue": 242401000,
      "gross_profit": 46694000,
      "operating_income": -56764000,
      "net_income": -60845000,
      "opex": 103458000,
      "cogs": 195707000,
      "rd": 30342000,
      "sga": null,
      "fcf": -30985000,
      "ocf": -38370000,
      "capex": 7385000,
      "gross_margin": 0.1926312185180754,
      "op_margin": -0.23417395142759312,
      "fcf_margin": -0.12782538025833226
    },
    {
      "date": "2021-03-31T00:00:00",
      "quarter_label": "2021-03 (Q1)",
      "revenue": 282000000,
      "gross_profit": 69000000,
      "operating_income": -5000000,
      "net_income": -99000000,
      "opex": 74000000,
      "cogs": 213000000,
      "rd": 23000000,
      "sga": null,
      "fcf": -11000000,
      "ocf": -5000000,
      "capex": -6000000,
      "gross_margin": 0.24468085106382978,
      "op_margin": -0.01773049645390071,
      "fcf_margin": -0.03900709219858156,
      "op_leverage_ratio": Infinity,
      "fcf_margin_change": 0.0888182880597507
    },
    {
      "date": "2021-06-30T00:00:00",
      "quarter_label": "2021-06 (Q2)",
      "revenue": 426000000,
      "gross_profit": 89000000,
      "operating_income": -51000000,
      "net_income": -135000000,
      "opex": 140000000,
      "cogs": 337000000,
      "rd": 50000000,
      "sga": null,
      "fcf": 54000000,
      "ocf": 56000000,
      "capex": -2000000,
      "gross_margin": 0.20892018779342722,
      "op_margin": -0.11971830985915492,
      "fcf_margin": 0.1267605633802817,
      "op_leverage_ratio": 0.5725338491295938,
      "fcf_margin_change": 0.16576765557886325
    },
    {
      "date": "2021-09-30T00:00:00",
      "quarter_label": "2021-09 (Q3)",
      "revenue": 486379000,
      "gross_profit": 83254000,
      "operating_income": -53701000,
      "net_income": -252497000,
      "opex": 136955000,
      "cogs": 403125000,
      "rd": 39700000,
      "sga": null,
      "fcf": -20000000,
      "ocf": -18000000,
      "capex": -2000000,
      "gross_margin": 0.17117104151289428,
      "op_margin": -0.11040978331712513,
      "fcf_margin": -0.041120196390057956,
      "op_leverage_ratio": Infinity,
      "fcf_margin_change": -0.16788075977033964
    },
    {
      "date": "2021-12-31T00:00:00",
      "quarter_label": "2021-12 (Q4)",
      "revenue": 514873000,
      "gross_profit": 75972000,
      "operating_income": -117475000,
      "net_income": 147000,
      "opex": 193447000,
      "cogs": 438901000,
      "rd": 50022000,
      "sga": null,
      "fcf": -33000000,
      "ocf": -31000000,
      "capex": -2000000,
      "gross_margin": 0.1475548339104983,
      "op_margin": -0.2281630615705232,
      "fcf_margin": -0.06409347547841895,
      "incr_op_margin_yoy": -0.22281555535981679,
      "rev_growth_yoy": 1.124054768750954,
      "op_leverage_ratio": 0.14202655283414595,
      "fcf_margin_change": -0.022973279088361
    },
    {
      "date": "2022-03-31T00:00:00",
      "quarter_label": "2022-03 (Q1)",
      "revenue": 535000000,
      "gross_profit": 89000000,
      "operating_income": -101000000,
      "net_income": -23000000,
      "opex": 190000000,
      "cogs": 446000000,
      "rd": 62000000,
      "sga": null,
      "fcf": -49000000,
      "ocf": -47000000,
      "capex": -2000000,
      "gross_margin": 0.16635514018691588,
      "op_margin": -0.18878504672897195,
      "fcf_margin": -0.09158878504672897,
      "incr_op_margin_yoy": -0.3794466403162055,
      "rev_growth_yoy": 0.8971631205673759,
      "rev_growth_yoy_accel": -0.226891648183578,
      "op_leverage_ratio": Infinity,
      "fcf_margin_change": -0.02749530956831002
    },
    {
      "date": "2022-06-30T00:00:00",
      "quarter_label": "2022-06 (Q2)",
      "revenue": 675000000,
      "gross_profit": 113000000,
      "operating_income": -99000000,
      "net_income": -54000000,
      "opex": 212000000,
      "cogs": 562000000,
      "rd": 67000000,
      "sga": null,
      "fcf": -26000000,
      "ocf": -21000000,
      "capex": -5000000,
      "gross_margin": 0.1674074074074074,
      "op_margin": -0.14666666666666667,
      "fcf_margin": -0.03851851851851852,
      "incr_op_margin_yoy": -0.1927710843373494,
      "rev_growth_yoy": 0.5845070422535211,
      "rev_growth_yoy_accel": -0.3126560783138548,
      "op_leverage_ratio": 2.259983007646559,
      "fcf_margin_change": 0.05307026652821045
    },
    {
      "date": "2022-09-30T00:00:00",
      "quarter_label": "2022-09 (Q3)",
      "revenue": 752000000,
      "gross_profit": 151000000,
      "operating_income": -85000000,
      "net_income": -98000000,
      "opex": 236000000,
      "cogs": 601000000,
      "rd": 74000000,
      "sga": null,
      "fcf": -75000000,
      "ocf": -69000000,
      "capex": -6000000,
      "gross_margin": 0.20079787234042554,
      "op_margin": -0.11303191489361702,
      "fcf_margin": -0.09973404255319149,
      "incr_op_margin_yoy": -0.11783330384269317,
      "rev_growth_yoy": 0.5461193842661792,
      "rev_growth_yoy_accel": -0.038387657987341894,
      "op_leverage_ratio": 1.0076543209876543,
      "fcf_margin_change": -0.061215524034672966
    },
    {
      "date": "2022-12-31T00:00:00",
      "quarter_label": "2022-12 (Q4)",
      "revenue": 768000000,
      "gross_profit": 158000000,
      "operating_income": -99000000,
      "net_income": -100000000,
      "opex": 257000000,
      "cogs": 610000000,
      "rd": 79000000,
      "sga": null,
      "fcf": -22000000,
      "ocf": -19000000,
      "capex": -3000000,
      "gross_margin": 0.20572916666666666,
      "op_margin": -0.12890625,
      "fcf_margin": -0.028645833333333332,
      "incr_op_margin_yoy": 0.07298707763296686,
      "rev_growth_yoy": 0.4916299747704774,
      "rev_growth_yoy_accel": -0.05448940949570186,
      "op_leverage_ratio": 0.23910840932117527,
      "fcf_margin_change": 0.07108820921985816
    },
    {
      "date": "2023-03-31T00:00:00",
      "quarter_label": "2023-03 (Q1)",
      "revenue": 819000000,
      "gross_profit": 174000000,
      "operating_income": -92000000,
      "net_income": -81000000,
      "opex": 266000000,
      "cogs": 645000000,
      "rd": 85000000,
      "sga": null,
      "fcf": -57000000,
      "ocf": -55000000,
      "capex": -2000000,
      "gross_margin": 0.21245421245421245,
      "op_margin": -0.11233211233211234,
      "fcf_margin": -0.0695970695970696,
      "incr_op_margin_yoy": 0.03169014084507042,
      "rev_growth_yoy": 0.5308411214953271,
      "rev_growth_yoy_accel": 0.039211146724849766,
      "op_leverage_ratio": 1.8962673611111112,
      "fcf_margin_change": -0.04095123626373627
    },
    {
      "date": "2023-06-30T00:00:00",
      "quarter_label": "2023-06 (Q2)",
      "revenue": 978000000,
      "gross_profit": 208000000,
      "operating_income": -80000000,
      "net_income": -98000000,
      "opex": 288000000,
      "cogs": 770000000,
      "rd": 92000000,
      "sga": null,
      "fcf": 48000000,
      "ocf": 50000000,
      "capex": -2000000,
      "gross_margin": 0.21267893660531698,
      "op_margin": -0.081799591002045,
      "fcf_margin": 0.049079754601226995,
      "incr_op_margin_yoy": 0.0627062706270627,
      "rev_growth_yoy": 0.4488888888888889,
      "rev_growth_yoy_accel": -0.08195223260643825,
      "op_leverage_ratio": 2.3473193473193477,
      "fcf_margin_change": 0.11867682419829659
    },
    {
      "date": "2023-09-30T00:00:00",
      "quarter_label": "2023-09 (Q3)",
      "revenue": 1032000000,
      "gross_profit": 226000000,
      "operating_income": -59000000,
      "net_income": -31000000,
      "opex": 285000000,
      "cogs": 806000000,
      "rd": 87000000,
      "sga": null,
      "fcf": 48000000,
      "ocf": 48000000,
      "capex": null,
      "gross_margin": 0.2189922480620155,
      "op_margin": -0.05717054263565891,
      "fcf_margin": 0.046511627906976744,
      "incr_op_margin_yoy": 0.09285714285714286,
      "rev_growth_yoy": 0.3723404255319149,
      "rev_growth_yoy_accel": -0.07654846335697402,
      "op_leverage_ratio": Infinity,
      "fcf_margin_change": -0.0025681266942502515
    },
    {
      "date": "2023-12-31T00:00:00",
      "quarter_label": "2023-12 (Q4)",
      "revenue": 1036000000,
      "gross_profit": 226000000,
      "operating_income": -56000000,
      "net_income": -36000000,
      "opex": 282000000,
      "cogs": 810000000,
      "rd": 94000000,
      "sga": null,
      "fcf": 92000000,
      "ocf": 92000000,
      "capex": null,
      "gross_margin": 0.21814671814671815,
      "op_margin": -0.05405405405405406,
      "fcf_margin": 0.0888030888030888,
      "incr_op_margin_yoy": 0.16044776119402984,
      "rev_growth_yoy": 0.3489583333333333,
      "rev_growth_yoy_accel": -0.02338209219858156,
      "fcf_margin_change": 0.04229146089611206
    },
    {
      "date": "2024-03-31T00:00:00",
      "quarter_label": "2024-03 (Q1)",
      "revenue": 1075000000,
      "gross_profit": 249000000,
      "operating_income": -56000000,
      "net_income": -83000000,
      "opex": 305000000,
      "cogs": 826000000,
      "rd": 83000000,
      "sga": null,
      "fcf": -20000000,
      "ocf": -20000000,
      "capex": null,
      "gross_margin": 0.23162790697674418,
      "op_margin": -0.052093023255813956,
      "fcf_margin": -0.018604651162790697,
      "incr_op_margin_yoy": 0.140625,
      "rev_growth_yoy": 0.3125763125763126,
      "rev_growth_yoy_accel": -0.03638202075702074,
      "op_leverage_ratio": 0.4615578311230485,
      "fcf_margin_change": -0.1074077399658795
    },
    {
      "date": "2024-06-30T00:00:00",
      "quarter_label": "2024-06 (Q2)",
      "revenue": 1242000000,
      "gross_profit": 286000000,
      "operating_income": 5000000,
      "net_income": 14000000,
      "opex": 281000000,
      "cogs": 956000000,
      "rd": 87000000,
      "sga": null,
      "fcf": 124000000,
      "ocf": 124000000,
      "capex": null,
      "gross_margin": 0.23027375201288244,
      "op_margin": 0.004025764895330112,
      "fcf_margin": 0.0998389694041868,
      "incr_op_margin_yoy": 0.32196969696969696,
      "rev_growth_yoy": 0.26993865030674846,
      "rev_growth_yoy_accel": -0.042637662269564114,
      "op_leverage_ratio": Infinity,
      "fcf_margin_change": 0.11844362056697749
    },
    {
      "date": "2024-09-30T00:00:00",
      "quarter_label": "2024-09 (Q3)",
      "revenue": 1305000000,
      "gross_profit": 322000000,
      "operating_income": 34000000,
      "net_income": 56000000,
      "opex": 288000000,
      "cogs": 983000000,
      "rd": 89000000,
      "sga": null,
      "fcf": 109000000,
      "ocf": 109000000,
      "capex": null,
      "gross_margin": 0.2467432950191571,
      "op_margin": 0.026053639846743294,
      "fcf_margin": 0.08352490421455938,
      "incr_op_margin_yoy": 0.34065934065934067,
      "rev_growth_yoy": 0.26453488372093026,
      "rev_growth_yoy_accel": -0.005403766585818204,
      "op_leverage_ratio": 2.036231884057971,
      "fcf_margin_change": -0.016314065189627414
    },
    {
      "date": "2024-12-31T00:00:00",
      "quarter_label": "2024-12 (Q4)",
      "revenue": 1338000000,
      "gross_profit": 333000000,
      "operating_income": 32000000,
      "net_income": 32000000,
      "opex": 301000000,
      "cogs": 1005000000,
      "rd": 93000000,
      "sga": null,
      "fcf": 147000000,
      "ocf": 147000000,
      "capex": null,
      "gross_margin": 0.24887892376681614,
      "op_margin": 0.02391629297458894,
      "fcf_margin": 0.10986547085201794,
      "incr_op_margin_yoy": 0.2913907284768212,
      "rev_growth_yoy": 0.2915057915057915,
      "rev_growth_yoy_accel": 0.02697090778486122,
      "op_leverage_ratio": 0.560212201591512,
      "fcf_margin_change": 0.026340566637458554
    },
    {
      "date": "2025-03-31T00:00:00",
      "quarter_label": "2025-03 (Q1)",
      "revenue": 1337000000,
      "gross_profit": 346000000,
      "operating_income": 43000000,
      "net_income": 56000000,
      "opex": 303000000,
      "cogs": 991000000,
      "rd": 84000000,
      "sga": null,
      "fcf": 79000000,
      "ocf": 79000000,
      "capex": null,
      "gross_margin": 0.2587883320867614,
      "op_margin": 0.03216155572176515,
      "fcf_margin": 0.059087509349289455,
      "incr_op_margin_yoy": 0.37786259541984735,
      "rev_growth_yoy": 0.24372093023255814,
      "rev_growth_yoy_accel": -0.04778486127323334,
      "fcf_margin_change": -0.05077796150272848
    },
    {
      "date": "2025-06-30T00:00:00",
      "quarter_label": "2025-06 (Q2)",
      "revenue": 1550000000,
      "gross_profit": 392000000,
      "operating_income": 80000000,
      "net_income": 80000000,
      "opex": 312000000,
      "cogs": 1158000000,
      "rd": 91000000,
      "sga": null,
      "fcf": 223000000,
      "ocf": 223000000,
      "capex": null,
      "gross_margin": 0.25290322580645164,
      "op_margin": 0.05161290322580645,
      "fcf_margin": 0.14387096774193547,
      "incr_op_margin_yoy": 0.2435064935064935,
      "rev_growth_yoy": 0.24798711755233493,
      "rev_growth_yoy_accel": 0.004266187319776793,
      "op_leverage_ratio": 5.363500373971579,
      "fcf_margin_change": 0.08478345839264602
    },
    {
      "date": "2025-09-30T00:00:00",
      "quarter_label": "2025-09 (Q3)",
      "revenue": 1633000000,
      "gross_profit": 432000000,
      "operating_income": 84000000,
      "net_income": 105000000,
      "opex": 348000000,
      "cogs": 1201000000,
      "rd": 102000000,
      "sga": null,
      "fcf": 165000000,
      "ocf": 165000000,
      "capex": null,
      "gross_margin": 0.2645437844458053,
      "op_margin": 0.05143906919779547,
      "fcf_margin": 0.10104102878138396,
      "incr_op_margin_yoy": 0.1524390243902439,
      "rev_growth_yoy": 0.25134099616858235,
      "rev_growth_yoy_accel": 0.003353878616247419,
      "op_leverage_ratio": 0.4640860215053763,
      "fcf_margin_change": -0.04282993896055151
    }
  ],
  "signals": [
    {
      "quarter": "2025-09 (Q3)",
      "signal": "INCREMENTAL MARGIN (YoY)",
      "detail": "YoY Incr OPM: +15.2% vs year-ago OPM: +2.6%",
      "severity": "MEDIUM"
    },
    {
      "quarter": "2025-06 (Q2)",
      "signal": "FCF MARGIN EXPANSION",
      "detail": "FCF margin: +5.9% -> +14.4% (+8.5%)",
      "severity": "MEDIUM"
    },
    {
      "quarter": "2025-06 (Q2)",
      "signal": "OPERATING LEVERAGE",
      "detail": "Rev growth +15.9% vs OpEx growth +3.0% (leverage: 5.4x)",
      "severity": "MEDIUM"
    },
    {
      "quarter": "2025-06 (Q2)",
      "signal": "INCREMENTAL MARGIN (YoY)",
      "detail": "YoY Incr OPM: +24.4% vs year-ago OPM: +0.4%",
      "severity": "HIGH"
    },
    {
      "quarter": "2025-03 (Q1)",
      "signal": "OP MARGIN TURNED POSITIVE (YoY)",
      "detail": "Op margin: -5.2% (year-ago) -> +3.2%",
      "severity": "HIGH"
    },
    {
      "quarter": "2024-12 (Q4)",
      "signal": "OP MARGIN TURNED POSITIVE (YoY)",
      "detail": "Op margin: -5.4% (year-ago) -> +2.4%",
      "severity": "HIGH"
    },
    {
      "quarter": "2024-09 (Q3)",
      "signal": "OPERATING LEVERAGE",
      "detail": "Rev growth +5.1% vs OpEx growth +2.5% (leverage: 2.0x)",
      "severity": "MEDIUM"
    },
    {
      "quarter": "2024-09 (Q3)",
      "signal": "OP MARGIN TURNED POSITIVE (YoY)",
      "detail": "Op margin: -5.7% (year-ago) -> +2.6%",
      "severity": "HIGH"
    },
    {
      "quarter": "2024-06 (Q2)",
      "signal": "FCF TURNED POSITIVE",
      "detail": "FCF margin: -1.9% -> +10.0%",
      "severity": "HIGH"
    },
    {
      "quarter": "2024-06 (Q2)",
      "signal": "OP MARGIN TURNED POSITIVE (YoY)",
      "detail": "Op margin: -8.2% (year-ago) -> +0.4%",
      "severity": "HIGH"
    },
    {
      "quarter": "2024-06 (Q2)",
      "signal": "OP MARGIN TURNED POSITIVE (QoQ)",
      "detail": "Op margin: -5.2% -> +0.4%",
      "severity": "HIGH"
    },
    {
      "quarter": "2023-09 (Q3)",
      "signal": "YoY REVENUE GROWTH DECELERATION",
      "detail": "YoY growth: +37.2% vs prior quarter YoY: +44.9% (decel: -7.7%)",
      "severity": "WARNING"
    },
    {
      "quarter": "2023-06 (Q2)",
      "signal": "FCF TURNED POSITIVE",
      "detail": "FCF margin: -7.0% -> +4.9%",
      "severity": "HIGH"
    },
    {
      "quarter": "2023-06 (Q2)",
      "signal": "OPERATING LEVERAGE",
      "detail": "Rev growth +19.4% vs OpEx growth +8.3% (leverage: 2.3x)",
      "severity": "MEDIUM"
    },
    {
      "quarter": "2023-06 (Q2)",
      "signal": "YoY REVENUE GROWTH DECELERATION",
      "detail": "YoY growth: +44.9% vs prior quarter YoY: +53.1% (decel: -8.2%)",
      "severity": "WARNING"
    },
    {
      "quarter": "2023-03 (Q1)",
      "signal": "OPERATING LEVERAGE",
      "detail": "Rev growth +6.6% vs OpEx growth +3.5% (leverage: 1.9x)",
      "severity": "MEDIUM"
    },
    {
      "quarter": "2022-12 (Q4)",
      "signal": "FCF MARGIN EXPANSION",
      "detail": "FCF margin: -10.0% -> -2.9% (+7.1%)",
      "severity": "MEDIUM"
    },
    {
      "quarter": "2022-12 (Q4)",
      "signal": "YoY REVENUE GROWTH DECELERATION",
      "detail": "YoY growth: +49.2% vs prior quarter YoY: +54.6% (decel: -5.4%)",
      "severity": "WARNING"
    },
    {
      "quarter": "2022-06 (Q2)",
      "signal": "FCF MARGIN EXPANSION",
      "detail": "FCF margin: -9.2% -> -3.9% (+5.3%)",
      "severity": "MEDIUM"
    },
    {
      "quarter": "2022-06 (Q2)",
      "signal": "OPERATING LEVERAGE",
      "detail": "Rev growth +26.2% vs OpEx growth +11.6% (leverage: 2.3x)",
      "severity": "MEDIUM"
    },
    {
      "quarter": "2022-06 (Q2)",
      "signal": "YoY REVENUE GROWTH DECELERATION",
      "detail": "YoY growth: +58.5% vs prior quarter YoY: +89.7% (decel: -31.3%)",
      "severity": "WARNING"
    },
    {
      "quarter": "2022-03 (Q1)",
      "signal": "YoY REVENUE GROWTH DECELERATION",
      "detail": "YoY growth: +89.7% vs prior quarter YoY: +112.4% (decel: -22.7%)",
      "severity": "WARNING"
    },
    {
      "quarter": "2021-06 (Q2)",
      "signal": "FCF TURNED POSITIVE",
      "detail": "FCF margin: -3.9% -> +12.7%",
      "severity": "HIGH"
    },
    {
      "quarter": "2021-03 (Q1)",
      "signal": "FCF MARGIN EXPANSION",
      "detail": "FCF margin: -12.8% -> -3.9% (+8.9%)",
      "severity": "MEDIUM"
    }
  ],
  "data_quality": {
    "n_quarters": 20,
    "coverage": {
      "revenue": [
        20,
        20
      ],
      "gross_profit": [
        20,
        20
      ],
      "op_income": [
        20,
        20
      ],
      "fcf": [
        20,
        20
      ]
    },
    "gaps": [],
    "warnings": []
  },
  "market_cap": null,
  "source": "SEC EDGAR",
  "last_updated": "2026-02-02T20:19:43.012441"
}