{
  "ticker": "TPB",
  "name": "Turning Point Brands, Inc.",
  "quarters": [
    {
      "date": "2020-12-31T00:00:00",
      "quarter_label": "2020-12 (Q4)",
      "revenue": 105285000,
      "gross_profit": 51806000,
      "operating_income": 21679000,
      "net_income": 12743000,
      "opex": 30127000,
      "cogs": 53479000,
      "rd": null,
      "sga": 30127000,
      "fcf": 7764000,
      "ocf": 10479000,
      "capex": -2715000,
      "gross_margin": 0.49205489860853874,
      "op_margin": 0.2059077741368666,
      "fcf_margin": 0.07374269839008406
    },
    {
      "date": "2021-03-31T00:00:00",
      "quarter_label": "2021-03 (Q1)",
      "revenue": 107641000,
      "gross_profit": 53261000,
      "operating_income": 24349000,
      "net_income": 11783000,
      "opex": 28912000,
      "cogs": 54380000,
      "rd": null,
      "sga": 28912000,
      "fcf": 23399000,
      "ocf": 24241000,
      "capex": -842000,
      "gross_margin": 0.4948021664607352,
      "op_margin": 0.22620562796703858,
      "fcf_margin": 0.21737999461171859,
      "op_leverage_ratio": Infinity,
      "fcf_margin_change": 0.14363729622163451
    },
    {
      "date": "2021-06-30T00:00:00",
      "quarter_label": "2021-06 (Q2)",
      "revenue": 122643000,
      "gross_profit": 59973000,
      "operating_income": 24879000,
      "net_income": 15355000,
      "opex": 35094000,
      "cogs": 62670000,
      "rd": null,
      "sga": 35094000,
      "fcf": 11846000,
      "ocf": 13174000,
      "capex": -1328000,
      "gross_margin": 0.4890046720970622,
      "op_margin": 0.20285707296788238,
      "fcf_margin": 0.09658928760711985,
      "op_leverage_ratio": 0.6518093287742538,
      "fcf_margin_change": -0.12079070700459874
    },
    {
      "date": "2021-09-30T00:00:00",
      "quarter_label": "2021-09 (Q3)",
      "revenue": 109904000,
      "gross_profit": 54269000,
      "operating_income": 22375000,
      "net_income": 13468000,
      "opex": 31894000,
      "cogs": 55635000,
      "rd": null,
      "sga": 31894000,
      "fcf": 9927000,
      "ocf": 12150000,
      "capex": -2223000,
      "gross_margin": 0.493785485514631,
      "op_margin": 0.20358676663269762,
      "fcf_margin": 0.09032428301062746,
      "fcf_margin_change": -0.006265004596492388
    },
    {
      "date": "2021-12-31T00:00:00",
      "quarter_label": "2021-12 (Q4)",
      "revenue": 105283000,
      "gross_profit": 50331000,
      "operating_income": 18718000,
      "net_income": 11454000,
      "opex": 31613000,
      "cogs": 54952000,
      "rd": null,
      "sga": 31613000,
      "fcf": 16887000,
      "ocf": 18652000,
      "capex": -1765000,
      "gross_margin": 0.47805438674809797,
      "op_margin": 0.17778748705868944,
      "fcf_margin": 0.1603962653039902,
      "rev_growth_yoy": -1.8996058317899035e-05,
      "fcf_margin_change": 0.07007198229336274
    },
    {
      "date": "2022-03-31T00:00:00",
      "quarter_label": "2022-03 (Q1)",
      "revenue": 100894000,
      "gross_profit": 51794000,
      "operating_income": 19229000,
      "net_income": 10998000,
      "opex": 32565000,
      "cogs": 49100000,
      "rd": null,
      "sga": 32565000,
      "fcf": 10253000,
      "ocf": 13040000,
      "capex": -2787000,
      "gross_margin": 0.5133506452316292,
      "op_margin": 0.19058615973199597,
      "fcf_margin": 0.10162150375641762,
      "incr_op_margin_yoy": 0.7588557877575218,
      "rev_growth_yoy": -0.06268057710352004,
      "rev_growth_yoy_accel": -0.06266158104520214,
      "fcf_margin_change": -0.05877476154757258
    },
    {
      "date": "2022-06-30T00:00:00",
      "quarter_label": "2022-06 (Q2)",
      "revenue": 102925000,
      "gross_profit": 51469000,
      "operating_income": 18146000,
      "net_income": 5424000,
      "opex": 33323000,
      "cogs": 51456000,
      "rd": null,
      "sga": 33323000,
      "fcf": -8798000,
      "ocf": -5891000,
      "capex": -2907000,
      "gross_margin": 0.5000631527811513,
      "op_margin": 0.17630313334952635,
      "fcf_margin": -0.08547971824143794,
      "incr_op_margin_yoy": 0.3414646515873821,
      "rev_growth_yoy": -0.16077558441982012,
      "rev_growth_yoy_accel": -0.09809500731630008,
      "op_leverage_ratio": 0.8648214644455874,
      "fcf_margin_change": -0.18710122199785556
    },
    {
      "date": "2022-09-30T00:00:00",
      "quarter_label": "2022-09 (Q3)",
      "revenue": 107802000,
      "gross_profit": 52712000,
      "operating_income": 19821000,
      "net_income": 11536000,
      "opex": 32891000,
      "cogs": 55090000,
      "rd": null,
      "sga": 32891000,
      "fcf": 8271000,
      "ocf": 9240000,
      "capex": -969000,
      "gross_margin": 0.4889705200274577,
      "op_margin": 0.18386486336060556,
      "fcf_margin": 0.07672399398897979,
      "incr_op_margin_yoy": 1.2150333016175072,
      "rev_growth_yoy": -0.019125782501091863,
      "rev_growth_yoy_accel": 0.14164980191872825,
      "op_leverage_ratio": Infinity,
      "fcf_margin_change": 0.16220371223041774
    },
    {
      "date": "2022-12-31T00:00:00",
      "quarter_label": "2022-12 (Q4)",
      "revenue": 103392000,
      "gross_profit": 49563000,
      "operating_income": 18318000,
      "net_income": -16317000,
      "opex": 31245000,
      "cogs": 53829000,
      "rd": null,
      "sga": 31245000,
      "fcf": 12712000,
      "ocf": 13884000,
      "capex": -1172000,
      "gross_margin": 0.4793697771587744,
      "op_margin": 0.1771703806870938,
      "fcf_margin": 0.12294955122253172,
      "incr_op_margin_yoy": 0.21152829190904285,
      "rev_growth_yoy": -0.017961114329948805,
      "rev_growth_yoy_accel": 0.0011646681711430587,
      "fcf_margin_change": 0.04622555723355193
    },
    {
      "date": "2023-03-31T00:00:00",
      "quarter_label": "2023-03 (Q1)",
      "revenue": 100956000,
      "gross_profit": 48617000,
      "operating_income": 17842000,
      "net_income": 7597000,
      "opex": 30775000,
      "cogs": 52339000,
      "rd": null,
      "sga": 30775000,
      "fcf": 12949000,
      "ocf": 15384000,
      "capex": -2435000,
      "gross_margin": 0.48156622687111217,
      "op_margin": 0.17673045683267957,
      "fcf_margin": 0.12826379809025715,
      "rev_growth_yoy": 0.0006145063135568022,
      "rev_growth_yoy_accel": 0.018575620643505607,
      "fcf_margin_change": 0.005314246867725428
    },
    {
      "date": "2023-06-30T00:00:00",
      "quarter_label": "2023-06 (Q2)",
      "revenue": 105595000,
      "gross_profit": 52478000,
      "operating_income": 20545000,
      "net_income": 9925000,
      "opex": 31933000,
      "cogs": 53117000,
      "rd": null,
      "sga": 31933000,
      "fcf": 11591000,
      "ocf": 12149000,
      "capex": -558000,
      "gross_margin": 0.4969742885553293,
      "op_margin": 0.1945641365594962,
      "fcf_margin": 0.10976845494578341,
      "incr_op_margin_yoy": 0.898501872659176,
      "rev_growth_yoy": 0.025941219334466845,
      "rev_growth_yoy_accel": 0.025326713020910042,
      "op_leverage_ratio": 1.221185783426847,
      "fcf_margin_change": -0.018495343144473736
    },
    {
      "date": "2023-09-30T00:00:00",
      "quarter_label": "2023-09 (Q3)",
      "revenue": 101722000,
      "gross_profit": 51622000,
      "operating_income": 20237000,
      "net_income": 10831000,
      "opex": 31385000,
      "cogs": 50100000,
      "rd": null,
      "sga": 31385000,
      "fcf": 11259000,
      "ocf": 12472000,
      "capex": -1213000,
      "gross_margin": 0.5074811741806099,
      "op_margin": 0.19894418119974047,
      "fcf_margin": 0.11068402115569886,
      "incr_op_margin_yoy": -0.06842105263157895,
      "rev_growth_yoy": -0.05639969573848352,
      "rev_growth_yoy_accel": -0.08234091507295035,
      "fcf_margin_change": 0.0009155662099154527
    },
    {
      "date": "2023-12-31T00:00:00",
      "quarter_label": "2023-12 (Q4)",
      "revenue": 97120000,
      "gross_profit": 50524000,
      "operating_income": 24597000,
      "net_income": 10109000,
      "opex": 25927000,
      "cogs": 46596000,
      "rd": null,
      "sga": 30916000,
      "fcf": 25375000,
      "ocf": 26876000,
      "capex": -1501000,
      "gross_margin": 0.5202224052718286,
      "op_margin": 0.2532640032948929,
      "fcf_margin": 0.26127471169686983,
      "incr_op_margin_yoy": -1.0011160714285714,
      "rev_growth_yoy": -0.060662333642835034,
      "rev_growth_yoy_accel": -0.004262637904351517,
      "fcf_margin_change": 0.15059069054117097
    },
    {
      "date": "2024-03-31T00:00:00",
      "quarter_label": "2024-03 (Q1)",
      "revenue": 97058000,
      "gross_profit": 51912000,
      "operating_income": 19266000,
      "net_income": 12010000,
      "opex": 32646000,
      "cogs": 45146000,
      "rd": null,
      "sga": 32646000,
      "fcf": 22273000,
      "ocf": 22639000,
      "capex": -366000,
      "gross_margin": 0.5348554472583403,
      "op_margin": 0.1984998660594696,
      "fcf_margin": 0.22948134105380288,
      "incr_op_margin_yoy": -0.36531554643406877,
      "rev_growth_yoy": -0.03861087998732121,
      "rev_growth_yoy_accel": 0.022051453655513822,
      "fcf_margin_change": -0.03179337064306695
    },
    {
      "date": "2024-06-30T00:00:00",
      "quarter_label": "2024-06 (Q2)",
      "revenue": 108512000,
      "gross_profit": 53841000,
      "operating_income": 22762000,
      "net_income": 13004000,
      "opex": 31079000,
      "cogs": 54671000,
      "rd": null,
      "sga": 32753000,
      "fcf": 10946000,
      "ocf": 13438000,
      "capex": -2492000,
      "gross_margin": 0.4961755381893247,
      "op_margin": 0.20976481863757004,
      "fcf_margin": 0.10087363609554703,
      "incr_op_margin_yoy": 0.7600274254370929,
      "rev_growth_yoy": 0.027624414034755435,
      "rev_growth_yoy_accel": 0.06623529402207665,
      "op_leverage_ratio": Infinity,
      "fcf_margin_change": -0.12860770495825585
    },
    {
      "date": "2024-09-30T00:00:00",
      "quarter_label": "2024-09 (Q3)",
      "revenue": 105617000,
      "gross_profit": 53699000,
      "operating_income": 20530000,
      "net_income": 12375000,
      "opex": 33169000,
      "cogs": 51918000,
      "rd": null,
      "sga": 33169000,
      "fcf": 12586000,
      "ocf": 13244000,
      "capex": -658000,
      "gross_margin": 0.5084314078226043,
      "op_margin": 0.19438158629766042,
      "fcf_margin": 0.11916642207220429,
      "incr_op_margin_yoy": 0.07522464698331194,
      "rev_growth_yoy": 0.03829063526080887,
      "rev_growth_yoy_accel": 0.010666221226053436,
      "fcf_margin_change": 0.01829278597665726
    },
    {
      "date": "2024-12-31T00:00:00",
      "quarter_label": "2024-12 (Q4)",
      "revenue": 93667000,
      "gross_profit": 52418000,
      "operating_income": 17885000,
      "net_income": 2416000,
      "opex": 34533000,
      "cogs": 7360000,
      "rd": null,
      "sga": 23839000,
      "fcf": 16634000,
      "ocf": 17741000,
      "capex": -1107000,
      "gross_margin": 0.5596207842676717,
      "op_margin": 0.190942380987968,
      "fcf_margin": 0.17758655663147105,
      "incr_op_margin_yoy": 1.9438169707500723,
      "rev_growth_yoy": -0.03555395387149918,
      "rev_growth_yoy_accel": -0.07384458913230804,
      "fcf_margin_change": 0.058420134559266756
    },
    {
      "date": "2025-03-31T00:00:00",
      "quarter_label": "2025-03 (Q1)",
      "revenue": 106436000,
      "gross_profit": 59610000,
      "operating_income": 23189000,
      "net_income": 14395000,
      "opex": 36421000,
      "cogs": 46826000,
      "rd": null,
      "sga": 36421000,
      "fcf": 15224000,
      "ocf": 17409000,
      "capex": -2185000,
      "gross_margin": 0.5600548686534631,
      "op_margin": 0.21786801458153257,
      "fcf_margin": 0.1430343116990492,
      "incr_op_margin_yoy": 0.4183194711025805,
      "rev_growth_yoy": 0.0966226380102619,
      "rev_growth_yoy_accel": 0.13217659188176106,
      "op_leverage_ratio": 2.4934610865882076,
      "fcf_margin_change": -0.034552244932421844
    },
    {
      "date": "2025-06-30T00:00:00",
      "quarter_label": "2025-06 (Q2)",
      "revenue": 116634000,
      "gross_profit": 66623000,
      "operating_income": 26327000,
      "net_income": 14480000,
      "opex": 40296000,
      "cogs": 50011000,
      "rd": null,
      "sga": 40296000,
      "fcf": 7830000,
      "ocf": 11821000,
      "capex": -3991000,
      "gross_margin": 0.571214225697481,
      "op_margin": 0.22572320249669908,
      "fcf_margin": 0.06713308297751942,
      "incr_op_margin_yoy": 0.4389312977099237,
      "rev_growth_yoy": 0.07484886464169861,
      "rev_growth_yoy_accel": -0.021773773368563287,
      "op_leverage_ratio": 0.9005474936323994,
      "fcf_margin_change": -0.07590122872152978
    },
    {
      "date": "2025-09-30T00:00:00",
      "quarter_label": "2025-09 (Q3)",
      "revenue": 118979000,
      "gross_profit": 70427000,
      "operating_income": 25885000,
      "net_income": 21080000,
      "opex": 44542000,
      "cogs": 48552000,
      "rd": null,
      "sga": 44542000,
      "fcf": -721000,
      "ocf": 3285000,
      "capex": -4006000,
      "gross_margin": 0.591927987291875,
      "op_margin": 0.2175594012388741,
      "fcf_margin": -0.006059892922280402,
      "incr_op_margin_yoy": 0.40076335877862596,
      "rev_growth_yoy": 0.1265137241163828,
      "rev_growth_yoy_accel": 0.051664859474684174,
      "op_leverage_ratio": 0.1908093380607239,
      "fcf_margin_change": -0.07319297589979983
    }
  ],
  "signals": [
    {
      "quarter": "2025-09 (Q3)",
      "signal": "YoY REVENUE GROWTH ACCELERATION",
      "detail": "YoY growth: +12.7% vs prior quarter YoY: +7.5% (accel: +5.2%)",
      "severity": "MEDIUM"
    },
    {
      "quarter": "2025-09 (Q3)",
      "signal": "INCREMENTAL MARGIN (YoY)",
      "detail": "YoY Incr OPM: +40.1% vs year-ago OPM: +19.4%",
      "severity": "HIGH"
    },
    {
      "quarter": "2025-06 (Q2)",
      "signal": "INCREMENTAL MARGIN (YoY)",
      "detail": "YoY Incr OPM: +43.9% vs year-ago OPM: +21.0%",
      "severity": "HIGH"
    },
    {
      "quarter": "2025-03 (Q1)",
      "signal": "OPERATING LEVERAGE",
      "detail": "Rev growth +13.6% vs OpEx growth +5.5% (leverage: 2.5x)",
      "severity": "MEDIUM"
    },
    {
      "quarter": "2025-03 (Q1)",
      "signal": "YoY REVENUE GROWTH ACCELERATION",
      "detail": "YoY growth: +9.7% vs prior quarter YoY: -3.6% (accel: +13.2%)",
      "severity": "MEDIUM"
    },
    {
      "quarter": "2025-03 (Q1)",
      "signal": "INCREMENTAL MARGIN (YoY)",
      "detail": "YoY Incr OPM: +41.8% vs year-ago OPM: +19.8%",
      "severity": "HIGH"
    },
    {
      "quarter": "2024-12 (Q4)",
      "signal": "FCF MARGIN EXPANSION",
      "detail": "FCF margin: +11.9% -> +17.8% (+5.8%)",
      "severity": "MEDIUM"
    },
    {
      "quarter": "2024-12 (Q4)",
      "signal": "YoY REVENUE GROWTH DECELERATION",
      "detail": "YoY growth: -3.6% vs prior quarter YoY: +3.8% (decel: -7.4%)",
      "severity": "WARNING"
    },
    {
      "quarter": "2024-12 (Q4)",
      "signal": "INCREMENTAL MARGIN (YoY)",
      "detail": "YoY Incr OPM: +194.4% vs year-ago OPM: +25.3%",
      "severity": "HIGH"
    },
    {
      "quarter": "2024-06 (Q2)",
      "signal": "YoY REVENUE GROWTH ACCELERATION",
      "detail": "YoY growth: +2.8% vs prior quarter YoY: -3.9% (accel: +6.6%)",
      "severity": "MEDIUM"
    },
    {
      "quarter": "2024-06 (Q2)",
      "signal": "INCREMENTAL MARGIN (YoY)",
      "detail": "YoY Incr OPM: +76.0% vs year-ago OPM: +19.5%",
      "severity": "HIGH"
    },
    {
      "quarter": "2023-12 (Q4)",
      "signal": "FCF MARGIN EXPANSION",
      "detail": "FCF margin: +11.1% -> +26.1% (+15.1%)",
      "severity": "MEDIUM"
    },
    {
      "quarter": "2023-09 (Q3)",
      "signal": "YoY REVENUE GROWTH DECELERATION",
      "detail": "YoY growth: -5.6% vs prior quarter YoY: +2.6% (decel: -8.2%)",
      "severity": "WARNING"
    },
    {
      "quarter": "2023-06 (Q2)",
      "signal": "INCREMENTAL MARGIN (YoY)",
      "detail": "YoY Incr OPM: +89.9% vs year-ago OPM: +17.6%",
      "severity": "HIGH"
    },
    {
      "quarter": "2022-09 (Q3)",
      "signal": "FCF TURNED POSITIVE",
      "detail": "FCF margin: -8.5% -> +7.7%",
      "severity": "HIGH"
    },
    {
      "quarter": "2022-09 (Q3)",
      "signal": "YoY REVENUE GROWTH ACCELERATION",
      "detail": "YoY growth: -1.9% vs prior quarter YoY: -16.1% (accel: +14.2%)",
      "severity": "MEDIUM"
    },
    {
      "quarter": "2022-09 (Q3)",
      "signal": "INCREMENTAL MARGIN (YoY)",
      "detail": "YoY Incr OPM: +121.5% vs year-ago OPM: +20.4%",
      "severity": "HIGH"
    },
    {
      "quarter": "2022-06 (Q2)",
      "signal": "YoY REVENUE GROWTH DECELERATION",
      "detail": "YoY growth: -16.1% vs prior quarter YoY: -6.3% (decel: -9.8%)",
      "severity": "WARNING"
    },
    {
      "quarter": "2022-06 (Q2)",
      "signal": "INCREMENTAL MARGIN (YoY)",
      "detail": "YoY Incr OPM: +34.1% vs year-ago OPM: +20.3%",
      "severity": "MEDIUM"
    },
    {
      "quarter": "2022-03 (Q1)",
      "signal": "GROSS MARGIN INFLECTION",
      "detail": "GM: +49.4% -> +47.8% -> +51.3% (reversal +3.5%)",
      "severity": "MEDIUM"
    },
    {
      "quarter": "2022-03 (Q1)",
      "signal": "YoY REVENUE GROWTH DECELERATION",
      "detail": "YoY growth: -6.3% vs prior quarter YoY: -0.0% (decel: -6.3%)",
      "severity": "WARNING"
    },
    {
      "quarter": "2022-03 (Q1)",
      "signal": "INCREMENTAL MARGIN (YoY)",
      "detail": "YoY Incr OPM: +75.9% vs year-ago OPM: +22.6%",
      "severity": "HIGH"
    },
    {
      "quarter": "2021-12 (Q4)",
      "signal": "FCF MARGIN EXPANSION",
      "detail": "FCF margin: +9.0% -> +16.0% (+7.0%)",
      "severity": "MEDIUM"
    },
    {
      "quarter": "2021-03 (Q1)",
      "signal": "FCF MARGIN EXPANSION",
      "detail": "FCF margin: +7.4% -> +21.7% (+14.4%)",
      "severity": "MEDIUM"
    }
  ],
  "data_quality": {
    "n_quarters": 20,
    "coverage": {
      "revenue": [
        20,
        20
      ],
      "gross_profit": [
        20,
        20
      ],
      "op_income": [
        20,
        20
      ],
      "fcf": [
        20,
        20
      ]
    },
    "gaps": [],
    "warnings": []
  },
  "market_cap": null,
  "source": "SEC EDGAR",
  "last_updated": "2026-02-02T21:31:37.331596"
}