{
  "ticker": "TPC",
  "name": "Tutor Perini Corporation",
  "quarters": [
    {
      "date": "2020-12-31T00:00:00",
      "quarter_label": "2020-12 (Q4)",
      "revenue": 1349516000,
      "gross_profit": 132404000,
      "operating_income": 74400000,
      "net_income": 35495000,
      "opex": 58004000,
      "cogs": 1217112000,
      "rd": null,
      "sga": null,
      "fcf": 30419000,
      "ocf": 41804000,
      "capex": -11385000,
      "gross_margin": 0.09811221208196123,
      "op_margin": 0.055130876551296906,
      "fcf_margin": 0.022540673841584688
    },
    {
      "date": "2021-03-31T00:00:00",
      "quarter_label": "2021-03 (Q1)",
      "revenue": 1207595000,
      "gross_profit": 110455000,
      "operating_income": 49704000,
      "net_income": 16034000,
      "opex": 60751000,
      "cogs": 1097140000,
      "rd": null,
      "sga": null,
      "fcf": -56539000,
      "ocf": -46704000,
      "capex": -9835000,
      "gross_margin": 0.09146692392731007,
      "op_margin": 0.04115949469813969,
      "fcf_margin": -0.04681950488367375,
      "fcf_margin_change": -0.06936017872525843
    },
    {
      "date": "2021-06-30T00:00:00",
      "quarter_label": "2021-06 (Q2)",
      "revenue": 1219243000,
      "gross_profit": 127489000,
      "operating_income": 68753000,
      "net_income": 31165000,
      "opex": 58736000,
      "cogs": 1091754000,
      "rd": null,
      "sga": null,
      "fcf": -93623000,
      "ocf": -84598000,
      "capex": -9025000,
      "gross_margin": 0.10456406147092909,
      "op_margin": 0.05638990750818336,
      "fcf_margin": -0.07678781014121057,
      "fcf_margin_change": -0.02996830525753682
    },
    {
      "date": "2021-09-30T00:00:00",
      "quarter_label": "2021-09 (Q3)",
      "revenue": 1178222000,
      "gross_profit": 113977000,
      "operating_income": 52093000,
      "net_income": 15394000,
      "opex": 61884000,
      "cogs": 1064245000,
      "rd": null,
      "sga": null,
      "fcf": -29618000,
      "ocf": -21316000,
      "capex": -8302000,
      "gross_margin": 0.09673643846405855,
      "op_margin": 0.044213229764849066,
      "fcf_margin": -0.025137877242149612,
      "fcf_margin_change": 0.05164993289906096
    },
    {
      "date": "2021-12-31T00:00:00",
      "quarter_label": "2021-12 (Q4)",
      "revenue": 1036770000,
      "gross_profit": 114470000,
      "operating_income": 56254000,
      "net_income": 29332000,
      "opex": 58216000,
      "cogs": 922300000,
      "rd": null,
      "sga": null,
      "fcf": -7268000,
      "ocf": 4164000,
      "capex": -11432000,
      "gross_margin": 0.11041021634499455,
      "op_margin": 0.05425890023823992,
      "fcf_margin": -0.007010233706608023,
      "incr_op_margin_yoy": 0.0580215254551617,
      "rev_growth_yoy": -0.23174678921924602,
      "fcf_margin_change": 0.01812764353554159
    },
    {
      "date": "2022-03-31T00:00:00",
      "quarter_label": "2022-03 (Q1)",
      "revenue": 952154000,
      "gross_profit": 50345000,
      "operating_income": -9907000,
      "net_income": -21634000,
      "opex": 60252000,
      "cogs": 901809000,
      "rd": null,
      "sga": null,
      "fcf": 108719000,
      "ocf": 120747000,
      "capex": -12028000,
      "gross_margin": 0.0528748500767733,
      "op_margin": -0.010404829470862907,
      "fcf_margin": 0.11418215960863473,
      "incr_op_margin_yoy": 0.23336504319979956,
      "rev_growth_yoy": -0.21152869960541407,
      "rev_growth_yoy_accel": 0.020218089613831952,
      "fcf_margin_change": 0.12119239331524276
    },
    {
      "date": "2022-06-30T00:00:00",
      "quarter_label": "2022-06 (Q2)",
      "revenue": 861027000,
      "gross_profit": -34223000,
      "operating_income": -90554000,
      "net_income": -63003000,
      "opex": 56331000,
      "cogs": 895250000,
      "rd": null,
      "sga": null,
      "fcf": 41134000,
      "ocf": 57951000,
      "capex": -16817000,
      "gross_margin": -0.03974672106681904,
      "op_margin": -0.10516975658138479,
      "fcf_margin": 0.04777318249021227,
      "incr_op_margin_yoy": 0.4447232954418563,
      "rev_growth_yoy": -0.2938019738477071,
      "rev_growth_yoy_accel": -0.08227327424229305,
      "fcf_margin_change": -0.06640897711842246
    },
    {
      "date": "2022-09-30T00:00:00",
      "quarter_label": "2022-09 (Q3)",
      "revenue": 1070926000,
      "gross_profit": 50340000,
      "operating_income": -6892000,
      "net_income": -32455000,
      "opex": 57232000,
      "cogs": 1020586000,
      "rd": null,
      "sga": null,
      "fcf": 58616000,
      "ocf": 72580000,
      "capex": -13964000,
      "gross_margin": 0.04700604897070386,
      "op_margin": -0.0064355520362751484,
      "fcf_margin": 0.054733940533706345,
      "incr_op_margin_yoy": 0.5497409036683567,
      "rev_growth_yoy": -0.0910660300011373,
      "rev_growth_yoy_accel": 0.20273594384656982,
      "op_leverage_ratio": 15.241098481100815,
      "fcf_margin_change": 0.006960758043494074
    },
    {
      "date": "2022-12-31T00:00:00",
      "quarter_label": "2022-12 (Q4)",
      "revenue": 906648000,
      "gross_profit": -36850000,
      "operating_income": -97411000,
      "net_income": -92917000,
      "opex": 60561000,
      "cogs": 943498000,
      "rd": null,
      "sga": null,
      "fcf": -61278000,
      "ocf": -44307000,
      "capex": -16971000,
      "gross_margin": -0.0406442191456883,
      "op_margin": -0.10744081495795502,
      "fcf_margin": -0.06758742091748948,
      "incr_op_margin_yoy": 1.1809302039624352,
      "rev_growth_yoy": -0.12550710379351254,
      "rev_growth_yoy_accel": -0.03444107379237524,
      "fcf_margin_change": -0.12232136145119582
    },
    {
      "date": "2023-03-31T00:00:00",
      "quarter_label": "2023-03 (Q1)",
      "revenue": 776300000,
      "gross_profit": -24169000,
      "operating_income": -81945000,
      "net_income": -49196000,
      "opex": 57776000,
      "cogs": 800469000,
      "rd": null,
      "sga": null,
      "fcf": 3532000,
      "ocf": 21328000,
      "capex": -17796000,
      "gross_margin": -0.03113358237794667,
      "op_margin": -0.10555841813731805,
      "fcf_margin": 0.004549787453304135,
      "incr_op_margin_yoy": 0.4096466386889124,
      "rev_growth_yoy": -0.18469071179662114,
      "rev_growth_yoy_accel": -0.059183608003108595,
      "fcf_margin_change": 0.07213720837079361
    },
    {
      "date": "2023-06-30T00:00:00",
      "quarter_label": "2023-06 (Q2)",
      "revenue": 1021751000,
      "gross_profit": 64961000,
      "operating_income": 2388000,
      "net_income": -37534000,
      "opex": 62573000,
      "cogs": 956790000,
      "rd": null,
      "sga": null,
      "fcf": 43495000,
      "ocf": 56322000,
      "capex": -12827000,
      "gross_margin": 0.06357811247554443,
      "op_margin": 0.0023371643384738554,
      "fcf_margin": 0.04256907994217769,
      "incr_op_margin_yoy": 0.5782708245190513,
      "rev_growth_yoy": 0.18666545880675053,
      "rev_growth_yoy_accel": 0.37135617060337167,
      "op_leverage_ratio": 3.8081405799402677,
      "fcf_margin_change": 0.038019292488873556
    },
    {
      "date": "2023-09-30T00:00:00",
      "quarter_label": "2023-09 (Q3)",
      "revenue": 1060705000,
      "gross_profit": 50913000,
      "operating_income": -12566000,
      "net_income": -36896000,
      "opex": 63479000,
      "cogs": 1009792000,
      "rd": null,
      "sga": null,
      "fcf": 88194000,
      "ocf": 103161000,
      "capex": -14967000,
      "gross_margin": 0.04799920807387539,
      "op_margin": -0.011846837716424453,
      "fcf_margin": 0.08314658646843373,
      "incr_op_margin_yoy": 0.5551315918207612,
      "rev_growth_yoy": -0.009544076808294878,
      "rev_growth_yoy_accel": -0.19620953561504542,
      "op_leverage_ratio": 2.633090390432061,
      "fcf_margin_change": 0.04057750652625604
    },
    {
      "date": "2023-12-31T00:00:00",
      "quarter_label": "2023-12 (Q4)",
      "revenue": 1021471000,
      "gross_profit": 48919000,
      "operating_income": -22474000,
      "net_income": -47529000,
      "opex": 71393000,
      "cogs": 972552000,
      "rd": null,
      "sga": null,
      "fcf": 120297000,
      "ocf": 127660000,
      "capex": -7363000,
      "gross_margin": 0.04789073796515026,
      "op_margin": -0.022001603569753815,
      "fcf_margin": 0.11776839479534906,
      "incr_op_margin_yoy": 0.6526305705302945,
      "rev_growth_yoy": 0.12664562211574945,
      "rev_growth_yoy_accel": 0.13618969892404434,
      "fcf_margin_change": 0.03462180832691533
    },
    {
      "date": "2024-03-31T00:00:00",
      "quarter_label": "2024-03 (Q1)",
      "revenue": 1048987000,
      "gross_profit": 115251000,
      "operating_income": 48806000,
      "net_income": 15760000,
      "opex": 66445000,
      "cogs": 933736000,
      "rd": null,
      "sga": null,
      "fcf": 87840000,
      "ocf": 98274000,
      "capex": -10434000,
      "gross_margin": 0.10986885442812923,
      "op_margin": 0.04652679203841421,
      "fcf_margin": 0.08373793002201171,
      "incr_op_margin_yoy": 0.47949113819140626,
      "rev_growth_yoy": 0.351264974880845,
      "rev_growth_yoy_accel": 0.22461935276509556,
      "op_leverage_ratio": Infinity,
      "fcf_margin_change": -0.03403046477333735
    },
    {
      "date": "2024-06-30T00:00:00",
      "quarter_label": "2024-06 (Q2)",
      "revenue": 1127470000,
      "gross_profit": 117078000,
      "operating_income": 40493000,
      "net_income": 812000,
      "opex": 76585000,
      "cogs": 1010392000,
      "rd": null,
      "sga": null,
      "fcf": 42221000,
      "ocf": 53139000,
      "capex": -10918000,
      "gross_margin": 0.10384134389385083,
      "op_margin": 0.03591492456562037,
      "fcf_margin": 0.03744755958029925,
      "incr_op_margin_yoy": 0.3604366291773475,
      "rev_growth_yoy": 0.10346845757919493,
      "rev_growth_yoy_accel": -0.2477965173016501,
      "op_leverage_ratio": 0.49026381484536535,
      "fcf_margin_change": -0.04629037044171246
    },
    {
      "date": "2024-09-30T00:00:00",
      "quarter_label": "2024-09 (Q3)",
      "revenue": 1082816000,
      "gross_profit": -25828000,
      "operating_income": -106807000,
      "net_income": -100862000,
      "opex": 80979000,
      "cogs": 1108644000,
      "rd": null,
      "sga": null,
      "fcf": 15643000,
      "ocf": 22557000,
      "capex": -6914000,
      "gross_margin": -0.02385262131331639,
      "op_margin": -0.09863818044801702,
      "fcf_margin": 0.014446591110585731,
      "incr_op_margin_yoy": -4.262177196870336,
      "rev_growth_yoy": 0.02084556969185589,
      "rev_growth_yoy_accel": -0.08262288788733904,
      "fcf_margin_change": -0.02300096846971352
    },
    {
      "date": "2024-12-31T00:00:00",
      "quarter_label": "2024-12 (Q4)",
      "revenue": 1067649000,
      "gross_profit": -9462000,
      "operating_income": -86245000,
      "net_income": -79431000,
      "opex": 76783000,
      "cogs": 1077111000,
      "rd": null,
      "sga": null,
      "fcf": 320431000,
      "ocf": 329574000,
      "capex": -9143000,
      "gross_margin": -0.008862463225273474,
      "op_margin": -0.08078029389808823,
      "fcf_margin": 0.30012766367972993,
      "incr_op_margin_yoy": -1.3809822859370262,
      "rev_growth_yoy": 0.045207352925340026,
      "rev_growth_yoy_accel": 0.024361783233484136,
      "fcf_margin_change": 0.2856810725691442
    },
    {
      "date": "2025-03-31T00:00:00",
      "quarter_label": "2025-03 (Q1)",
      "revenue": 1246633000,
      "gross_profit": 134401000,
      "operating_income": 65325000,
      "net_income": 27998000,
      "opex": 69076000,
      "cogs": 1112232000,
      "rd": null,
      "sga": null,
      "fcf": -7241000,
      "ocf": 22863000,
      "capex": -30104000,
      "gross_margin": 0.10781120024899069,
      "op_margin": 0.05240114773152965,
      "fcf_margin": -0.005808445629146669,
      "incr_op_margin_yoy": 0.08357872155267498,
      "rev_growth_yoy": 0.1884160623534896,
      "rev_growth_yoy_accel": 0.14320870942814956,
      "op_leverage_ratio": Infinity,
      "fcf_margin_change": -0.3059361093088766
    },
    {
      "date": "2025-06-30T00:00:00",
      "quarter_label": "2025-06 (Q2)",
      "revenue": 1373681000,
      "gross_profit": 195995000,
      "operating_income": 76430000,
      "net_income": 19974000,
      "opex": 119565000,
      "cogs": 1177686000,
      "rd": null,
      "sga": null,
      "fcf": 235576000,
      "ocf": 262412000,
      "capex": -26836000,
      "gross_margin": 0.14267868595401698,
      "op_margin": 0.05563882735511374,
      "fcf_margin": 0.17149250808593844,
      "incr_op_margin_yoy": 0.14596017237247727,
      "rev_growth_yoy": 0.2183747682865176,
      "rev_growth_yoy_accel": 0.029958705933028018,
      "op_leverage_ratio": 0.13943109097503198,
      "fcf_margin_change": 0.1773009537150851
    },
    {
      "date": "2025-09-30T00:00:00",
      "quarter_label": "2025-09 (Q3)",
      "revenue": 1415360000,
      "gross_profit": 169395000,
      "operating_income": 40094000,
      "net_income": 3631000,
      "opex": 129301000,
      "cogs": 1245965000,
      "rd": null,
      "sga": null,
      "fcf": 240170000,
      "ocf": 289121000,
      "capex": -48951000,
      "gross_margin": 0.11968333144924259,
      "op_margin": 0.028327775265656795,
      "fcf_margin": 0.16968827718742935,
      "incr_op_margin_yoy": 0.441749061778291,
      "rev_growth_yoy": 0.307110349311425,
      "rev_growth_yoy_accel": 0.08873558102490739,
      "op_leverage_ratio": 0.37261033962034595,
      "fcf_margin_change": -0.0018042308985090905
    }
  ],
  "signals": [
    {
      "quarter": "2025-09 (Q3)",
      "signal": "YoY REVENUE GROWTH ACCELERATION",
      "detail": "YoY growth: +30.7% vs prior quarter YoY: +21.8% (accel: +8.9%)",
      "severity": "MEDIUM"
    },
    {
      "quarter": "2025-09 (Q3)",
      "signal": "OP MARGIN TURNED POSITIVE (YoY)",
      "detail": "Op margin: -9.9% (year-ago) -> +2.8%",
      "severity": "HIGH"
    },
    {
      "quarter": "2025-06 (Q2)",
      "signal": "FCF TURNED POSITIVE",
      "detail": "FCF margin: -0.6% -> +17.1%",
      "severity": "HIGH"
    },
    {
      "quarter": "2025-06 (Q2)",
      "signal": "INCREMENTAL MARGIN (YoY)",
      "detail": "YoY Incr OPM: +14.6% vs year-ago OPM: +3.6%",
      "severity": "MEDIUM"
    },
    {
      "quarter": "2025-03 (Q1)",
      "signal": "YoY REVENUE GROWTH ACCELERATION",
      "detail": "YoY growth: +18.8% vs prior quarter YoY: +4.5% (accel: +14.3%)",
      "severity": "MEDIUM"
    },
    {
      "quarter": "2025-03 (Q1)",
      "signal": "OP MARGIN TURNED POSITIVE (QoQ)",
      "detail": "Op margin: -8.1% -> +5.2%",
      "severity": "HIGH"
    },
    {
      "quarter": "2024-12 (Q4)",
      "signal": "FCF MARGIN EXPANSION",
      "detail": "FCF margin: +1.4% -> +30.0% (+28.6%)",
      "severity": "MEDIUM"
    },
    {
      "quarter": "2024-09 (Q3)",
      "signal": "YoY REVENUE GROWTH DECELERATION",
      "detail": "YoY growth: +2.1% vs prior quarter YoY: +10.3% (decel: -8.3%)",
      "severity": "WARNING"
    },
    {
      "quarter": "2024-06 (Q2)",
      "signal": "YoY REVENUE GROWTH DECELERATION",
      "detail": "YoY growth: +10.3% vs prior quarter YoY: +35.1% (decel: -24.8%)",
      "severity": "WARNING"
    },
    {
      "quarter": "2024-06 (Q2)",
      "signal": "INCREMENTAL MARGIN (YoY)",
      "detail": "YoY Incr OPM: +36.0% vs year-ago OPM: +0.2%",
      "severity": "HIGH"
    },
    {
      "quarter": "2024-03 (Q1)",
      "signal": "GROSS MARGIN INFLECTION",
      "detail": "GM: +4.8% -> +4.8% -> +11.0% (reversal +6.2%)",
      "severity": "HIGH"
    },
    {
      "quarter": "2024-03 (Q1)",
      "signal": "YoY REVENUE GROWTH ACCELERATION",
      "detail": "YoY growth: +35.1% vs prior quarter YoY: +12.7% (accel: +22.5%)",
      "severity": "HIGH"
    },
    {
      "quarter": "2024-03 (Q1)",
      "signal": "OP MARGIN TURNED POSITIVE (YoY)",
      "detail": "Op margin: -10.6% (year-ago) -> +4.7%",
      "severity": "HIGH"
    },
    {
      "quarter": "2024-03 (Q1)",
      "signal": "OP MARGIN TURNED POSITIVE (QoQ)",
      "detail": "Op margin: -2.2% -> +4.7%",
      "severity": "HIGH"
    },
    {
      "quarter": "2023-12 (Q4)",
      "signal": "YoY REVENUE GROWTH ACCELERATION",
      "detail": "YoY growth: +12.7% vs prior quarter YoY: -1.0% (accel: +13.6%)",
      "severity": "MEDIUM"
    },
    {
      "quarter": "2023-09 (Q3)",
      "signal": "OPERATING LEVERAGE",
      "detail": "Rev growth +3.8% vs OpEx growth +1.4% (leverage: 2.6x)",
      "severity": "MEDIUM"
    },
    {
      "quarter": "2023-09 (Q3)",
      "signal": "YoY REVENUE GROWTH DECELERATION",
      "detail": "YoY growth: -1.0% vs prior quarter YoY: +18.7% (decel: -19.6%)",
      "severity": "WARNING"
    },
    {
      "quarter": "2023-06 (Q2)",
      "signal": "OPERATING LEVERAGE",
      "detail": "Rev growth +31.6% vs OpEx growth +8.3% (leverage: 3.8x)",
      "severity": "MEDIUM"
    },
    {
      "quarter": "2023-06 (Q2)",
      "signal": "YoY REVENUE GROWTH ACCELERATION",
      "detail": "YoY growth: +18.7% vs prior quarter YoY: -18.5% (accel: +37.1%)",
      "severity": "HIGH"
    },
    {
      "quarter": "2023-06 (Q2)",
      "signal": "OP MARGIN TURNED POSITIVE (YoY)",
      "detail": "Op margin: -10.5% (year-ago) -> +0.2%",
      "severity": "HIGH"
    },
    {
      "quarter": "2023-06 (Q2)",
      "signal": "OP MARGIN TURNED POSITIVE (QoQ)",
      "detail": "Op margin: -10.6% -> +0.2%",
      "severity": "HIGH"
    },
    {
      "quarter": "2023-03 (Q1)",
      "signal": "FCF TURNED POSITIVE",
      "detail": "FCF margin: -6.8% -> +0.5%",
      "severity": "HIGH"
    },
    {
      "quarter": "2023-03 (Q1)",
      "signal": "YoY REVENUE GROWTH DECELERATION",
      "detail": "YoY growth: -18.5% vs prior quarter YoY: -12.6% (decel: -5.9%)",
      "severity": "WARNING"
    },
    {
      "quarter": "2022-09 (Q3)",
      "signal": "OPERATING LEVERAGE",
      "detail": "Rev growth +24.4% vs OpEx growth +1.6% (leverage: 15.2x)",
      "severity": "MEDIUM"
    },
    {
      "quarter": "2022-09 (Q3)",
      "signal": "GROSS MARGIN INFLECTION",
      "detail": "GM: +5.3% -> -4.0% -> +4.7% (reversal +8.7%)",
      "severity": "HIGH"
    },
    {
      "quarter": "2022-09 (Q3)",
      "signal": "YoY REVENUE GROWTH ACCELERATION",
      "detail": "YoY growth: -9.1% vs prior quarter YoY: -29.4% (accel: +20.3%)",
      "severity": "HIGH"
    },
    {
      "quarter": "2022-06 (Q2)",
      "signal": "YoY REVENUE GROWTH DECELERATION",
      "detail": "YoY growth: -29.4% vs prior quarter YoY: -21.2% (decel: -8.2%)",
      "severity": "WARNING"
    },
    {
      "quarter": "2022-03 (Q1)",
      "signal": "FCF TURNED POSITIVE",
      "detail": "FCF margin: -0.7% -> +11.4%",
      "severity": "HIGH"
    },
    {
      "quarter": "2021-09 (Q3)",
      "signal": "FCF MARGIN EXPANSION",
      "detail": "FCF margin: -7.7% -> -2.5% (+5.2%)",
      "severity": "MEDIUM"
    }
  ],
  "data_quality": {
    "n_quarters": 20,
    "coverage": {
      "revenue": [
        20,
        20
      ],
      "gross_profit": [
        20,
        20
      ],
      "op_income": [
        20,
        20
      ],
      "fcf": [
        20,
        20
      ]
    },
    "gaps": [],
    "warnings": []
  },
  "market_cap": null,
  "source": "SEC EDGAR",
  "last_updated": "2026-02-02T21:11:56.719372"
}