{
  "ticker": "TPCS",
  "name": "TECHPRECISION CORP",
  "sector": "Industrials",
  "industry": "Metal Fabrication",
  "quarters": [
    {
      "date": "2021-03-31T00:00:00",
      "quarter_label": "2021-03 (Q1)",
      "revenue": 4029382,
      "gross_profit": 932966,
      "operating_income": 297669,
      "net_income": null,
      "opex": 635297,
      "cogs": 3096416,
      "rd": null,
      "sga": 635297,
      "fcf": 975456,
      "ocf": 975456,
      "capex": null,
      "gross_margin": 0.23154071765843992,
      "op_margin": 0.07387460409561565,
      "fcf_margin": 0.24208575905684793
    },
    {
      "date": "2021-06-30T00:00:00",
      "quarter_label": "2021-06 (Q2)",
      "revenue": 3412229,
      "gross_profit": 832668,
      "operating_income": 100060,
      "net_income": 1371092,
      "opex": 732608,
      "cogs": 2579561,
      "rd": null,
      "sga": 732608,
      "fcf": 132850,
      "ocf": 137048,
      "capex": -4198,
      "gross_margin": 0.24402465367945703,
      "op_margin": 0.029323940450655568,
      "fcf_margin": 0.03893349479182083,
      "fcf_margin_change": -0.20315226426502708
    },
    {
      "date": "2021-09-30T00:00:00",
      "quarter_label": "2021-09 (Q3)",
      "revenue": 4797410,
      "gross_profit": 930707,
      "operating_income": -242982,
      "net_income": -220413,
      "opex": 1173689,
      "cogs": 3866703,
      "rd": null,
      "sga": 1173689,
      "fcf": -1562280,
      "ocf": -1203492,
      "capex": -358788,
      "gross_margin": 0.19400197189733628,
      "op_margin": -0.05064857912915511,
      "fcf_margin": -0.3256507156986791,
      "op_leverage_ratio": 0.6742510982132179,
      "fcf_margin_change": -0.36458421049049994
    },
    {
      "date": "2021-12-31T00:00:00",
      "quarter_label": "2021-12 (Q4)",
      "revenue": 6511325,
      "gross_profit": 478058,
      "operating_income": -1145825,
      "net_income": -904680,
      "opex": 1623883,
      "cogs": 6033267,
      "rd": null,
      "sga": 1623883,
      "fcf": -655753,
      "ocf": -582208,
      "capex": -73545,
      "gross_margin": 0.07341946531619908,
      "op_margin": -0.1759741680840689,
      "fcf_margin": -0.10070960979524136,
      "op_leverage_ratio": 0.931399017229392,
      "fcf_margin_change": 0.22494110590343774
    },
    {
      "date": "2022-03-31T00:00:00",
      "quarter_label": "2022-03 (Q1)",
      "revenue": 7561531,
      "gross_profit": 1135124,
      "operating_income": -272783,
      "net_income": null,
      "opex": 1407907,
      "cogs": 6426407,
      "rd": null,
      "sga": 1407907,
      "fcf": 1404018,
      "ocf": 1906491,
      "capex": -502473,
      "gross_margin": 0.1501182763120326,
      "op_margin": -0.03607510172212479,
      "fcf_margin": 0.18567906420009386,
      "incr_op_margin_yoy": -0.1615028131599205,
      "rev_growth_yoy": 0.8765981979370534,
      "op_leverage_ratio": null,
      "fcf_margin_change": 0.28638867399533524
    },
    {
      "date": "2022-06-30T00:00:00",
      "quarter_label": "2022-06 (Q2)",
      "revenue": 7076357,
      "gross_profit": 817218,
      "operating_income": -558009,
      "net_income": -501165,
      "opex": 1375227,
      "cogs": 6259139,
      "rd": null,
      "sga": 1375227,
      "fcf": 1244754,
      "ocf": 1448735,
      "capex": -203981,
      "gross_margin": 0.1154856941219896,
      "op_margin": -0.0788554054013951,
      "fcf_margin": 0.17590322251972307,
      "incr_op_margin_yoy": -0.17959771056032978,
      "rev_growth_yoy": 1.0738224193042143,
      "rev_growth_yoy_accel": 0.1972242213671609,
      "fcf_margin_change": -0.009775841680370795
    },
    {
      "date": "2022-09-30T00:00:00",
      "quarter_label": "2022-09 (Q3)",
      "revenue": 8522647,
      "gross_profit": 1739672,
      "operating_income": -87423,
      "net_income": 390944,
      "opex": 1827095,
      "cogs": 6782975,
      "rd": null,
      "sga": 1827095,
      "fcf": -120829,
      "ocf": 174531,
      "capex": -295360,
      "gross_margin": 0.20412343723728085,
      "op_margin": -0.010257728614126573,
      "fcf_margin": -0.014177402865565123,
      "incr_op_margin_yoy": 0.041758148541958535,
      "rev_growth_yoy": 0.7765100335389303,
      "rev_growth_yoy_accel": -0.29731238576528396,
      "op_leverage_ratio": 0.6220258766491013,
      "fcf_margin_change": -0.1900806253852882
    },
    {
      "date": "2022-12-31T00:00:00",
      "quarter_label": "2022-12 (Q4)",
      "revenue": 8327345,
      "gross_profit": 1498887,
      "operating_income": 274315,
      "net_income": 133975,
      "opex": 1224572,
      "cogs": 6828458,
      "rd": null,
      "sga": 1224572,
      "fcf": -916107,
      "ocf": -752415,
      "capex": -163692,
      "gross_margin": 0.1799957849710802,
      "op_margin": 0.03294147174159351,
      "fcf_margin": -0.11001189454742177,
      "incr_op_margin_yoy": 0.7820068060924439,
      "rev_growth_yoy": 0.27890175962649694,
      "rev_growth_yoy_accel": -0.4976082739124334,
      "fcf_margin_change": -0.09583449168185665
    },
    {
      "date": "2023-03-31T00:00:00",
      "quarter_label": "2023-03 (Q1)",
      "revenue": 7505265,
      "gross_profit": 847884,
      "operating_income": -734103,
      "net_income": null,
      "opex": 1581987,
      "cogs": 6657381,
      "rd": null,
      "sga": 1581987,
      "fcf": 604719,
      "ocf": 2266987,
      "capex": -1662268,
      "gross_margin": 0.11297189373060111,
      "op_margin": -0.09781173616121483,
      "fcf_margin": 0.0805726380081183,
      "rev_growth_yoy": -0.007441085674316485,
      "rev_growth_yoy_accel": -0.28634284530081344,
      "fcf_margin_change": 0.1905845325555401
    },
    {
      "date": "2023-06-30T00:00:00",
      "quarter_label": "2023-06 (Q2)",
      "revenue": 7371240,
      "gross_profit": 694149,
      "operating_income": -579800,
      "net_income": -527455,
      "opex": 1273949,
      "cogs": 6677091,
      "rd": null,
      "sga": 1273949,
      "fcf": -1738945,
      "ocf": 115057,
      "capex": -1854002,
      "gross_margin": 0.09416990899767204,
      "op_margin": -0.0786570509168064,
      "fcf_margin": -0.2359094263651706,
      "rev_growth_yoy": 0.04167158327370991,
      "rev_growth_yoy_accel": 0.04911266894802639,
      "fcf_margin_change": -0.3164820643732889
    },
    {
      "date": "2023-09-30T00:00:00",
      "quarter_label": "2023-09 (Q3)",
      "revenue": 7970086,
      "gross_profit": 1034815,
      "operating_income": -597353,
      "net_income": -528333,
      "opex": 1632168,
      "cogs": 6935000,
      "rd": null,
      "sga": 1632168,
      "fcf": 337945,
      "ocf": 1142943,
      "capex": -804998,
      "gross_margin": 0.12983736938346713,
      "op_margin": -0.07494937946717263,
      "fcf_margin": 0.042401675464982434,
      "rev_growth_yoy": -0.06483443465392853,
      "rev_growth_yoy_accel": -0.10650601792763845,
      "op_leverage_ratio": 0.28892027959696653,
      "fcf_margin_change": 0.278311101830153
    },
    {
      "date": "2023-12-31T00:00:00",
      "quarter_label": "2023-12 (Q4)",
      "revenue": 7649663,
      "gross_profit": 1160804,
      "operating_income": -996062,
      "net_income": -865334,
      "opex": 2156866,
      "cogs": 6489000,
      "rd": null,
      "sga": 2156866,
      "fcf": -201000,
      "ocf": -78000,
      "capex": -123000,
      "gross_margin": 0.15174576971560708,
      "op_margin": -0.130209919051336,
      "fcf_margin": -0.026275667307174184,
      "rev_growth_yoy": -0.08138031989787861,
      "rev_growth_yoy_accel": -0.01654588524395008,
      "fcf_margin_change": -0.06867734277215662
    },
    {
      "date": "2024-03-31T00:00:00",
      "quarter_label": "2024-03 (Q1)",
      "revenue": 8600070,
      "gross_profit": 1228408,
      "operating_income": -2458985,
      "net_income": null,
      "opex": 3687393,
      "cogs": 7372000,
      "rd": null,
      "sga": 3687393,
      "fcf": -900000,
      "ocf": -452000,
      "capex": -448000,
      "gross_margin": 0.1428369769083275,
      "op_margin": -0.28592616106613084,
      "fcf_margin": -0.10465031098584081,
      "incr_op_margin_yoy": -1.5755152744095982,
      "rev_growth_yoy": 0.14587159813810704,
      "rev_growth_yoy_accel": 0.22725191803598566,
      "op_leverage_ratio": 0.17508522247168726,
      "fcf_margin_change": -0.07837464367866662
    },
    {
      "date": "2024-06-30T00:00:00",
      "quarter_label": "2024-06 (Q2)",
      "revenue": 7985895,
      "gross_profit": 238673,
      "operating_income": -1341107,
      "net_income": -1460160,
      "opex": 1579780,
      "cogs": 7747222,
      "rd": null,
      "sga": 1579780,
      "fcf": -94000,
      "ocf": 107000,
      "capex": -201000,
      "gross_margin": 0.029886819198098647,
      "op_margin": -0.16793446445263804,
      "fcf_margin": -0.011770753309428686,
      "rev_growth_yoy": 0.08338556335162062,
      "rev_growth_yoy_accel": -0.06248603478648643,
      "fcf_margin_change": 0.09287955767641212
    },
    {
      "date": "2024-09-30T00:00:00",
      "quarter_label": "2024-09 (Q3)",
      "revenue": 8946000,
      "gross_profit": 1014000,
      "operating_income": -488000,
      "net_income": -601000,
      "opex": 1502000,
      "cogs": 7932000,
      "rd": null,
      "sga": 1502000,
      "fcf": -1953000,
      "ocf": -532000,
      "capex": -1421000,
      "gross_margin": 0.11334674714956405,
      "op_margin": -0.05454951933825173,
      "fcf_margin": -0.21830985915492956,
      "rev_growth_yoy": 0.12244711035740392,
      "rev_growth_yoy_accel": 0.039061547005783306,
      "op_leverage_ratio": null,
      "fcf_margin_change": -0.2065391058455009
    },
    {
      "date": "2024-12-31T00:00:00",
      "quarter_label": "2024-12 (Q4)",
      "revenue": 7622000,
      "gross_profit": 991000,
      "operating_income": -696000,
      "net_income": -799000,
      "opex": 1687000,
      "cogs": 6631000,
      "rd": null,
      "sga": 1687000,
      "fcf": -1744000,
      "ocf": -570000,
      "capex": -1174000,
      "gross_margin": 0.13001836788244556,
      "op_margin": -0.09131461558646024,
      "fcf_margin": -0.22881133560745212,
      "rev_growth_yoy": -0.0036162377349172113,
      "rev_growth_yoy_accel": -0.12606334809232114,
      "fcf_margin_change": -0.010501476452522557
    },
    {
      "date": "2025-03-31T00:00:00",
      "quarter_label": "2025-03 (Q1)",
      "revenue": 9477000,
      "gross_profit": 2085000,
      "operating_income": 367000,
      "net_income": null,
      "opex": 1718000,
      "cogs": 7392000,
      "rd": null,
      "sga": 1718000,
      "fcf": -930000,
      "ocf": 396000,
      "capex": -1326000,
      "gross_margin": 0.22000633111744222,
      "op_margin": 0.03872533502163132,
      "fcf_margin": -0.09813232035454257,
      "rev_growth_yoy": 0.10196777468090376,
      "rev_growth_yoy_accel": 0.10558401241582097,
      "op_leverage_ratio": 13.244280139832911,
      "fcf_margin_change": 0.13067901525290954
    },
    {
      "date": "2025-06-30T00:00:00",
      "quarter_label": "2025-06 (Q2)",
      "revenue": 7379000,
      "gross_profit": 1030000,
      "operating_income": -463000,
      "net_income": -597000,
      "opex": 1493000,
      "cogs": 6349000,
      "rd": null,
      "sga": 1493000,
      "fcf": -604000,
      "ocf": 646000,
      "capex": -1250000,
      "gross_margin": 0.1395853096625559,
      "op_margin": -0.06274562948909067,
      "fcf_margin": -0.08185390974386773,
      "rev_growth_yoy": -0.0759958652098481,
      "rev_growth_yoy_accel": -0.17796363989075187,
      "fcf_margin_change": 0.016278410610674837
    },
    {
      "date": "2025-09-30T00:00:00",
      "quarter_label": "2025-09 (Q3)",
      "revenue": 9086000,
      "gross_profit": 2458000,
      "operating_income": 942000,
      "net_income": 825000,
      "opex": 1516000,
      "cogs": 6628000,
      "rd": null,
      "sga": 1516000,
      "fcf": -2077000,
      "ocf": -1082000,
      "capex": -995000,
      "gross_margin": 0.2705260840854061,
      "op_margin": 0.10367598503191723,
      "fcf_margin": -0.22859344045784724,
      "rev_growth_yoy": 0.01564945226917058,
      "rev_growth_yoy_accel": 0.09164531747901869,
      "op_leverage_ratio": 15.016474483993942,
      "fcf_margin_change": -0.1467395307139795
    },
    {
      "date": "2025-12-31T00:00:00",
      "quarter_label": "2025-12 (Q4)",
      "revenue": 7094000,
      "gross_profit": 381000,
      "operating_income": -1352000,
      "net_income": -1473000,
      "opex": 1733000,
      "cogs": 6713000,
      "rd": null,
      "sga": 1733000,
      "fcf": -827000,
      "ocf": 183000,
      "capex": -1010000,
      "gross_margin": 0.05370735833098393,
      "op_margin": -0.19058359176769102,
      "fcf_margin": -0.11657738934310685,
      "rev_growth_yoy": -0.06927315665179742,
      "rev_growth_yoy_accel": -0.084922608920968,
      "fcf_margin_change": 0.11201605111474039
    }
  ],
  "signals": [
    {
      "quarter": "2025-12 (Q4)",
      "signal": "FCF MARGIN EXPANSION",
      "detail": "FCF margin: -22.9% -> -11.7% (+11.2%)",
      "severity": "MEDIUM"
    },
    {
      "quarter": "2025-12 (Q4)",
      "signal": "YoY REVENUE GROWTH DECELERATION",
      "detail": "YoY growth: -6.9% vs prior quarter YoY: +1.6% (decel: -8.5%)",
      "severity": "WARNING"
    },
    {
      "quarter": "2025-09 (Q3)",
      "signal": "OPERATING LEVERAGE",
      "detail": "Rev growth +23.1% vs OpEx growth +1.5% (leverage: 15.0x)",
      "severity": "MEDIUM"
    },
    {
      "quarter": "2025-09 (Q3)",
      "signal": "GROSS MARGIN INFLECTION",
      "detail": "GM: +22.0% -> +14.0% -> +27.1% (reversal +13.1%)",
      "severity": "HIGH"
    },
    {
      "quarter": "2025-09 (Q3)",
      "signal": "YoY REVENUE GROWTH ACCELERATION",
      "detail": "YoY growth: +1.6% vs prior quarter YoY: -7.6% (accel: +9.2%)",
      "severity": "MEDIUM"
    },
    {
      "quarter": "2025-09 (Q3)",
      "signal": "OP MARGIN TURNED POSITIVE (YoY)",
      "detail": "Op margin: -5.5% (year-ago) -> +10.4%",
      "severity": "HIGH"
    },
    {
      "quarter": "2025-09 (Q3)",
      "signal": "OP MARGIN TURNED POSITIVE (QoQ)",
      "detail": "Op margin: -6.3% -> +10.4%",
      "severity": "HIGH"
    },
    {
      "quarter": "2025-06 (Q2)",
      "signal": "YoY REVENUE GROWTH DECELERATION",
      "detail": "YoY growth: -7.6% vs prior quarter YoY: +10.2% (decel: -17.8%)",
      "severity": "WARNING"
    },
    {
      "quarter": "2025-03 (Q1)",
      "signal": "FCF MARGIN EXPANSION",
      "detail": "FCF margin: -22.9% -> -9.8% (+13.1%)",
      "severity": "MEDIUM"
    },
    {
      "quarter": "2025-03 (Q1)",
      "signal": "OPERATING LEVERAGE",
      "detail": "Rev growth +24.3% vs OpEx growth +1.8% (leverage: 13.2x)",
      "severity": "MEDIUM"
    },
    {
      "quarter": "2025-03 (Q1)",
      "signal": "YoY REVENUE GROWTH ACCELERATION",
      "detail": "YoY growth: +10.2% vs prior quarter YoY: -0.4% (accel: +10.6%)",
      "severity": "MEDIUM"
    },
    {
      "quarter": "2025-03 (Q1)",
      "signal": "OP MARGIN TURNED POSITIVE (YoY)",
      "detail": "Op margin: -28.6% (year-ago) -> +3.9%",
      "severity": "HIGH"
    },
    {
      "quarter": "2025-03 (Q1)",
      "signal": "OP MARGIN TURNED POSITIVE (QoQ)",
      "detail": "Op margin: -9.1% -> +3.9%",
      "severity": "HIGH"
    },
    {
      "quarter": "2024-12 (Q4)",
      "signal": "YoY REVENUE GROWTH DECELERATION",
      "detail": "YoY growth: -0.4% vs prior quarter YoY: +12.2% (decel: -12.6%)",
      "severity": "WARNING"
    },
    {
      "quarter": "2024-09 (Q3)",
      "signal": "GROSS MARGIN INFLECTION",
      "detail": "GM: +14.3% -> +3.0% -> +11.3% (reversal +8.3%)",
      "severity": "HIGH"
    },
    {
      "quarter": "2024-06 (Q2)",
      "signal": "FCF MARGIN EXPANSION",
      "detail": "FCF margin: -10.5% -> -1.2% (+9.3%)",
      "severity": "MEDIUM"
    },
    {
      "quarter": "2024-06 (Q2)",
      "signal": "YoY REVENUE GROWTH DECELERATION",
      "detail": "YoY growth: +8.3% vs prior quarter YoY: +14.6% (decel: -6.2%)",
      "severity": "WARNING"
    },
    {
      "quarter": "2024-03 (Q1)",
      "signal": "YoY REVENUE GROWTH ACCELERATION",
      "detail": "YoY growth: +14.6% vs prior quarter YoY: -8.1% (accel: +22.7%)",
      "severity": "HIGH"
    },
    {
      "quarter": "2023-09 (Q3)",
      "signal": "FCF TURNED POSITIVE",
      "detail": "FCF margin: -23.6% -> +4.2%",
      "severity": "HIGH"
    },
    {
      "quarter": "2023-09 (Q3)",
      "signal": "GROSS MARGIN INFLECTION",
      "detail": "GM: +11.3% -> +9.4% -> +13.0% (reversal +3.6%)",
      "severity": "MEDIUM"
    },
    {
      "quarter": "2023-09 (Q3)",
      "signal": "YoY REVENUE GROWTH DECELERATION",
      "detail": "YoY growth: -6.5% vs prior quarter YoY: +4.2% (decel: -10.7%)",
      "severity": "WARNING"
    },
    {
      "quarter": "2023-03 (Q1)",
      "signal": "FCF TURNED POSITIVE",
      "detail": "FCF margin: -11.0% -> +8.1%",
      "severity": "HIGH"
    },
    {
      "quarter": "2023-03 (Q1)",
      "signal": "YoY REVENUE GROWTH DECELERATION",
      "detail": "YoY growth: -0.7% vs prior quarter YoY: +27.9% (decel: -28.6%)",
      "severity": "WARNING"
    },
    {
      "quarter": "2022-12 (Q4)",
      "signal": "YoY REVENUE GROWTH DECELERATION",
      "detail": "YoY growth: +27.9% vs prior quarter YoY: +77.7% (decel: -49.8%)",
      "severity": "WARNING"
    },
    {
      "quarter": "2022-12 (Q4)",
      "signal": "OP MARGIN TURNED POSITIVE (YoY)",
      "detail": "Op margin: -17.6% (year-ago) -> +3.3%",
      "severity": "HIGH"
    },
    {
      "quarter": "2022-12 (Q4)",
      "signal": "OP MARGIN TURNED POSITIVE (QoQ)",
      "detail": "Op margin: -1.0% -> +3.3%",
      "severity": "HIGH"
    },
    {
      "quarter": "2022-09 (Q3)",
      "signal": "GROSS MARGIN INFLECTION",
      "detail": "GM: +15.0% -> +11.5% -> +20.4% (reversal +8.9%)",
      "severity": "HIGH"
    },
    {
      "quarter": "2022-09 (Q3)",
      "signal": "YoY REVENUE GROWTH DECELERATION",
      "detail": "YoY growth: +77.7% vs prior quarter YoY: +107.4% (decel: -29.7%)",
      "severity": "WARNING"
    },
    {
      "quarter": "2022-06 (Q2)",
      "signal": "YoY REVENUE GROWTH ACCELERATION",
      "detail": "YoY growth: +107.4% vs prior quarter YoY: +87.7% (accel: +19.7%)",
      "severity": "HIGH"
    },
    {
      "quarter": "2022-03 (Q1)",
      "signal": "FCF TURNED POSITIVE",
      "detail": "FCF margin: -10.1% -> +18.6%",
      "severity": "HIGH"
    },
    {
      "quarter": "2022-03 (Q1)",
      "signal": "GROSS MARGIN INFLECTION",
      "detail": "GM: +19.4% -> +7.3% -> +15.0% (reversal +7.7%)",
      "severity": "HIGH"
    },
    {
      "quarter": "2021-12 (Q4)",
      "signal": "FCF MARGIN EXPANSION",
      "detail": "FCF margin: -32.6% -> -10.1% (+22.5%)",
      "severity": "MEDIUM"
    }
  ],
  "data_quality": {
    "n_quarters": 20,
    "coverage": {
      "revenue": [
        20,
        20
      ],
      "gross_profit": [
        20,
        20
      ],
      "op_income": [
        20,
        20
      ],
      "fcf": [
        20,
        20
      ]
    },
    "gaps": [],
    "warnings": []
  },
  "market_cap": null,
  "source": "SEC EDGAR",
  "last_updated": "2026-02-24T10:36:01.945455"
}