{
  "ticker": "TPR",
  "name": "Tapestry, Inc.",
  "quarters": [
    {
      "date": "2020-12-26T00:00:00",
      "quarter_label": "2020-12 (Q4)",
      "revenue": 1685400000,
      "gross_profit": 1173700000,
      "operating_income": 389400000,
      "net_income": 311000000,
      "opex": 784300000,
      "cogs": 511700000,
      "rd": null,
      "sga": 784300000,
      "fcf": 632600000,
      "ocf": 656300000,
      "capex": -23700000,
      "gross_margin": 0.6963925477631423,
      "op_margin": 0.23104307582769668,
      "fcf_margin": 0.37534116530200545
    },
    {
      "date": "2021-03-27T00:00:00",
      "quarter_label": "2021-03 (Q1)",
      "revenue": 1273300000,
      "gross_profit": 911900000,
      "operating_income": 116700000,
      "net_income": 91700000,
      "opex": 795200000,
      "cogs": 361400000,
      "rd": null,
      "sga": 795200000,
      "fcf": 179100000,
      "ocf": 198300000,
      "capex": -19200000,
      "gross_margin": 0.7161705803816854,
      "op_margin": 0.09165161391659468,
      "fcf_margin": 0.14065813241184325,
      "fcf_margin_change": -0.2346830328901622
    },
    {
      "date": "2021-07-03T00:00:00",
      "quarter_label": "2021-07 (Q3)",
      "revenue": 1615400000,
      "gross_profit": 1166100000,
      "operating_income": 259700000,
      "net_income": 199800000,
      "opex": 906400000,
      "cogs": 449300000,
      "rd": null,
      "sga": 906400000,
      "fcf": 332000000,
      "ocf": 379100000,
      "capex": -47100000,
      "gross_margin": 0.7218645536709174,
      "op_margin": 0.16076513557013744,
      "fcf_margin": 0.20552185217283644,
      "op_leverage_ratio": 1.921294410321111,
      "fcf_margin_change": 0.0648637197609932
    },
    {
      "date": "2021-10-02T00:00:00",
      "quarter_label": "2021-10 (Q4)",
      "revenue": 1480900000,
      "gross_profit": 1068700000,
      "operating_income": 295000000,
      "net_income": 226900000,
      "opex": 773700000,
      "cogs": 412200000,
      "rd": null,
      "sga": 773700000,
      "fcf": -11600000,
      "ocf": 21800000,
      "capex": -33400000,
      "gross_margin": 0.7216557498818286,
      "op_margin": 0.199203187250996,
      "fcf_margin": -0.00783307448173408,
      "fcf_margin_change": -0.21335492665457054
    },
    {
      "date": "2022-01-01T00:00:00",
      "quarter_label": "2022-01 (Q1)",
      "revenue": 2141200000,
      "gross_profit": 1457400000,
      "operating_income": 462800000,
      "net_income": 317900000,
      "opex": 994600000,
      "cogs": 683800000,
      "rd": null,
      "sga": 994600000,
      "fcf": 608000000,
      "ocf": 646300000,
      "capex": -38300000,
      "gross_margin": 0.6806463665234448,
      "op_margin": 0.21614048197272556,
      "fcf_margin": 0.28395292359424623,
      "incr_op_margin_yoy": 0.16103554190434402,
      "rev_growth_yoy": 0.27044025157232704,
      "op_leverage_ratio": 1.561681426460565,
      "fcf_margin_change": 0.2917859980759803
    },
    {
      "date": "2022-04-02T00:00:00",
      "quarter_label": "2022-04 (Q2)",
      "revenue": 1437500000,
      "gross_profit": 1005100000,
      "operating_income": 169500000,
      "net_income": 122700000,
      "opex": 835600000,
      "cogs": 432400000,
      "rd": null,
      "sga": 835600000,
      "fcf": -55100000,
      "ocf": -51700000,
      "capex": -3400000,
      "gross_margin": 0.6992,
      "op_margin": 0.11791304347826087,
      "fcf_margin": -0.0383304347826087,
      "incr_op_margin_yoy": 0.3215590742996346,
      "rev_growth_yoy": 0.128956255399356,
      "rev_growth_yoy_accel": -0.14148399617297103,
      "fcf_margin_change": -0.32228335837685496
    },
    {
      "date": "2022-07-02T00:00:00",
      "quarter_label": "2022-07 (Q3)",
      "revenue": 1624900000,
      "gross_profit": 1119200000,
      "operating_income": 248500000,
      "net_income": 188800000,
      "opex": 870700000,
      "cogs": 505700000,
      "rd": null,
      "sga": 870700000,
      "fcf": 218000000,
      "ocf": 236800000,
      "capex": -18800000,
      "gross_margin": 0.6887808480521879,
      "op_margin": 0.1529324881531171,
      "fcf_margin": 0.13416210228321743,
      "incr_op_margin_yoy": -1.1789473684210525,
      "rev_growth_yoy": 0.0058808963724155,
      "rev_growth_yoy_accel": -0.12307535902694051,
      "op_leverage_ratio": 3.103509277839713,
      "fcf_margin_change": 0.17249253706582612
    },
    {
      "date": "2022-10-01T00:00:00",
      "quarter_label": "2022-10 (Q4)",
      "revenue": 1506500000,
      "gross_profit": 1054600000,
      "operating_income": 254300000,
      "net_income": 195300000,
      "opex": 800300000,
      "cogs": 451900000,
      "rd": null,
      "sga": 800300000,
      "fcf": -197700000,
      "ocf": -170400000,
      "capex": -27300000,
      "gross_margin": 0.7000331895121141,
      "op_margin": 0.1688018586126784,
      "fcf_margin": -0.13123133089943578,
      "incr_op_margin_yoy": -1.58984375,
      "rev_growth_yoy": 0.017286785063137283,
      "rev_growth_yoy_accel": 0.011405888690721781,
      "fcf_margin_change": -0.2653934331826532
    },
    {
      "date": "2022-12-31T00:00:00",
      "quarter_label": "2022-12 (Q4)",
      "revenue": 2025400000,
      "gross_profit": 1389300000,
      "operating_income": 418200000,
      "net_income": 329900000,
      "opex": 971100000,
      "cogs": 636100000,
      "rd": null,
      "sga": 971100000,
      "fcf": 551300000,
      "ocf": 632800000,
      "capex": -81500000,
      "gross_margin": 0.6859385800335737,
      "op_margin": 0.20647773279352227,
      "fcf_margin": 0.2721931470326849,
      "incr_op_margin_yoy": 0.385146804835924,
      "rev_growth_yoy": -0.05408182327666729,
      "rev_growth_yoy_accel": -0.07136860833980457,
      "op_leverage_ratio": 1.6139106417079463,
      "fcf_margin_change": 0.40342447793212066
    },
    {
      "date": "2023-04-01T00:00:00",
      "quarter_label": "2023-04 (Q2)",
      "revenue": 1509500000,
      "gross_profit": 1098300000,
      "operating_income": 226300000,
      "net_income": 186700000,
      "opex": 872000000,
      "cogs": 411200000,
      "rd": null,
      "sga": 872000000,
      "fcf": 71600000,
      "ocf": 112400000,
      "capex": -40800000,
      "gross_margin": 0.7275919178535939,
      "op_margin": 0.14991719112288837,
      "fcf_margin": 0.04743292480953958,
      "incr_op_margin_yoy": 0.7888888888888889,
      "rev_growth_yoy": 0.05008695652173913,
      "rev_growth_yoy_accel": 0.10416877979840641,
      "fcf_margin_change": -0.2247602222231453
    },
    {
      "date": "2023-07-01T00:00:00",
      "quarter_label": "2023-07 (Q3)",
      "revenue": 1619500000,
      "gross_profit": 1172700000,
      "operating_income": 273600000,
      "net_income": 224100000,
      "opex": 899100000,
      "cogs": 446800000,
      "rd": null,
      "sga": 899100000,
      "fcf": 365800000,
      "ocf": 400400000,
      "capex": -34600000,
      "gross_margin": 0.72411238036431,
      "op_margin": 0.16894103118246373,
      "fcf_margin": 0.22587218277246063,
      "incr_op_margin_yoy": -4.648148148148148,
      "rev_growth_yoy": -0.003323281432703551,
      "rev_growth_yoy_accel": -0.053410237954442684,
      "op_leverage_ratio": 2.3448051638515723,
      "fcf_margin_change": 0.17843925796292104
    },
    {
      "date": "2023-09-30T00:00:00",
      "quarter_label": "2023-09 (Q3)",
      "revenue": 1513200000,
      "gross_profit": 1097700000,
      "operating_income": 253200000,
      "net_income": 195000000,
      "opex": 844500000,
      "cogs": 415500000,
      "rd": null,
      "sga": 844500000,
      "fcf": 54400000,
      "ocf": 75300000,
      "capex": -20900000,
      "gross_margin": 0.7254163362410785,
      "op_margin": 0.16732751784298175,
      "fcf_margin": 0.0359503039915411,
      "incr_op_margin_yoy": -0.16417910447761194,
      "rev_growth_yoy": 0.004447394623299038,
      "rev_growth_yoy_accel": 0.007770676056002589,
      "fcf_margin_change": -0.18992187878091954
    },
    {
      "date": "2023-12-30T00:00:00",
      "quarter_label": "2023-12 (Q4)",
      "revenue": 2084500000,
      "gross_profit": 1493200000,
      "operating_income": 447600000,
      "net_income": 322300000,
      "opex": 1045600000,
      "cogs": 591300000,
      "rd": null,
      "sga": 1045600000,
      "fcf": 803700000,
      "ocf": 826500000,
      "capex": -22800000,
      "gross_margin": 0.7163348524826098,
      "op_margin": 0.21472775245862316,
      "fcf_margin": 0.38556008635164307,
      "incr_op_margin_yoy": 0.49746192893401014,
      "rev_growth_yoy": 0.029179421348869358,
      "rev_growth_yoy_accel": 0.02473202672557032,
      "op_leverage_ratio": 1.5854606760359655,
      "fcf_margin_change": 0.349609782360102
    },
    {
      "date": "2024-03-30T00:00:00",
      "quarter_label": "2024-03 (Q1)",
      "revenue": 1482400000,
      "gross_profit": 1107400000,
      "operating_income": 204300000,
      "net_income": 139400000,
      "opex": 903100000,
      "cogs": 375000000,
      "rd": null,
      "sga": 903100000,
      "fcf": 78800000,
      "ocf": 97800000,
      "capex": -19000000,
      "gross_margin": 0.7470318402590393,
      "op_margin": 0.13781705342687534,
      "fcf_margin": 0.053157042633567186,
      "incr_op_margin_yoy": 0.8118081180811808,
      "rev_growth_yoy": -0.017952964557800596,
      "rev_growth_yoy_accel": -0.04713238590666995,
      "fcf_margin_change": -0.3324030437180759
    },
    {
      "date": "2024-06-29T00:00:00",
      "quarter_label": "2024-06 (Q2)",
      "revenue": 1591100000,
      "gross_profit": 1191200000,
      "operating_income": 235000000,
      "net_income": 159300000,
      "opex": 956200000,
      "cogs": 399900000,
      "rd": null,
      "sga": 956200000,
      "fcf": 209800000,
      "ocf": 256000000,
      "capex": -46200000,
      "gross_margin": 0.748664445980768,
      "op_margin": 0.1476965621268305,
      "fcf_margin": 0.13185846269876186,
      "incr_op_margin_yoy": 1.3591549295774648,
      "rev_growth_yoy": -0.01753627662858907,
      "rev_growth_yoy_accel": 0.0004166879292115261,
      "op_leverage_ratio": 1.2471120024229045,
      "fcf_margin_change": 0.07870142006519468
    },
    {
      "date": "2024-09-28T00:00:00",
      "quarter_label": "2024-09 (Q3)",
      "revenue": 1507500000,
      "gross_profit": 1134900000,
      "operating_income": 252000000,
      "net_income": 186600000,
      "opex": 882900000,
      "cogs": 372600000,
      "rd": null,
      "sga": 882900000,
      "fcf": 93900000,
      "ocf": 119500000,
      "capex": -25600000,
      "gross_margin": 0.7528358208955224,
      "op_margin": 0.16716417910447762,
      "fcf_margin": 0.06228855721393035,
      "incr_op_margin_yoy": 0.21052631578947367,
      "rev_growth_yoy": -0.003766851704996035,
      "rev_growth_yoy_accel": 0.013769424923593034,
      "fcf_margin_change": -0.06956990548483152
    },
    {
      "date": "2024-12-28T00:00:00",
      "quarter_label": "2024-12 (Q4)",
      "revenue": 2195400000,
      "gross_profit": 1633100000,
      "operating_income": 492800000,
      "net_income": 310400000,
      "opex": 1140300000,
      "cogs": 562300000,
      "rd": null,
      "sga": 1140300000,
      "fcf": 475100000,
      "ocf": 506000000,
      "capex": -30900000,
      "gross_margin": 0.7438735537942972,
      "op_margin": 0.22446934499407853,
      "fcf_margin": 0.21640703288694543,
      "incr_op_margin_yoy": 0.4075743913435528,
      "rev_growth_yoy": 0.05320220676421204,
      "rev_growth_yoy_accel": 0.05696905846920808,
      "op_leverage_ratio": 1.5652040496816617,
      "fcf_margin_change": 0.1541184756730151
    },
    {
      "date": "2025-03-29T00:00:00",
      "quarter_label": "2025-03 (Q1)",
      "revenue": 1584600000,
      "gross_profit": 1205800000,
      "operating_income": 253700000,
      "net_income": 203300000,
      "opex": 952100000,
      "cogs": 378800000,
      "rd": null,
      "sga": 952100000,
      "fcf": 113400000,
      "ocf": 144300000,
      "capex": -30900000,
      "gross_margin": 0.7609491354284993,
      "op_margin": 0.16010349615044805,
      "fcf_margin": 0.0715638015903067,
      "incr_op_margin_yoy": 0.48336594911937375,
      "rev_growth_yoy": 0.06894225580140313,
      "rev_growth_yoy_accel": 0.01574004903719109,
      "fcf_margin_change": -0.14484323129663873
    },
    {
      "date": "2025-06-28T00:00:00",
      "quarter_label": "2025-06 (Q2)",
      "revenue": 1723200000,
      "gross_profit": 1315100000,
      "operating_income": -583500000,
      "net_income": -517100000,
      "opex": 1898600000,
      "cogs": 408100000,
      "rd": null,
      "sga": 1043800000,
      "fcf": 411500000,
      "ocf": 446800000,
      "capex": -35300000,
      "gross_margin": 0.7631731662024142,
      "op_margin": -0.3386142061281337,
      "fcf_margin": 0.23879990714948932,
      "incr_op_margin_yoy": -6.196063588190764,
      "rev_growth_yoy": 0.08302432279555025,
      "rev_growth_yoy_accel": 0.014082066994147116,
      "op_leverage_ratio": 0.08798436936496346,
      "fcf_margin_change": 0.1672361055591826
    },
    {
      "date": "2025-09-27T00:00:00",
      "quarter_label": "2025-09 (Q3)",
      "revenue": 1704600000,
      "gross_profit": 1300500000,
      "operating_income": 328200000,
      "net_income": 274800000,
      "opex": 972300000,
      "cogs": 404100000,
      "rd": null,
      "sga": 972300000,
      "fcf": 80200000,
      "ocf": 112600000,
      "capex": -32400000,
      "gross_margin": 0.762935586061246,
      "op_margin": 0.19253783878915876,
      "fcf_margin": 0.04704916109351168,
      "incr_op_margin_yoy": 0.3866057838660578,
      "rev_growth_yoy": 0.13074626865671643,
      "rev_growth_yoy_accel": 0.04772194586116618,
      "fcf_margin_change": -0.19175074605597764
    }
  ],
  "signals": [
    {
      "quarter": "2025-09 (Q3)",
      "signal": "INCREMENTAL MARGIN (YoY)",
      "detail": "YoY Incr OPM: +38.7% vs year-ago OPM: +16.7%",
      "severity": "HIGH"
    },
    {
      "quarter": "2025-09 (Q3)",
      "signal": "OP MARGIN TURNED POSITIVE (QoQ)",
      "detail": "Op margin: -33.9% -> +19.3%",
      "severity": "HIGH"
    },
    {
      "quarter": "2025-06 (Q2)",
      "signal": "FCF MARGIN EXPANSION",
      "detail": "FCF margin: +7.2% -> +23.9% (+16.7%)",
      "severity": "MEDIUM"
    },
    {
      "quarter": "2025-03 (Q1)",
      "signal": "INCREMENTAL MARGIN (YoY)",
      "detail": "YoY Incr OPM: +48.3% vs year-ago OPM: +13.8%",
      "severity": "HIGH"
    },
    {
      "quarter": "2024-12 (Q4)",
      "signal": "FCF MARGIN EXPANSION",
      "detail": "FCF margin: +6.2% -> +21.6% (+15.4%)",
      "severity": "MEDIUM"
    },
    {
      "quarter": "2024-12 (Q4)",
      "signal": "OPERATING LEVERAGE",
      "detail": "Rev growth +45.6% vs OpEx growth +29.2% (leverage: 1.6x)",
      "severity": "MEDIUM"
    },
    {
      "quarter": "2024-12 (Q4)",
      "signal": "YoY REVENUE GROWTH ACCELERATION",
      "detail": "YoY growth: +5.3% vs prior quarter YoY: -0.4% (accel: +5.7%)",
      "severity": "MEDIUM"
    },
    {
      "quarter": "2024-12 (Q4)",
      "signal": "INCREMENTAL MARGIN (YoY)",
      "detail": "YoY Incr OPM: +40.8% vs year-ago OPM: +21.5%",
      "severity": "MEDIUM"
    },
    {
      "quarter": "2024-06 (Q2)",
      "signal": "FCF MARGIN EXPANSION",
      "detail": "FCF margin: +5.3% -> +13.2% (+7.9%)",
      "severity": "MEDIUM"
    },
    {
      "quarter": "2024-06 (Q2)",
      "signal": "INCREMENTAL MARGIN (YoY)",
      "detail": "YoY Incr OPM: +135.9% vs year-ago OPM: +16.9%",
      "severity": "HIGH"
    },
    {
      "quarter": "2024-03 (Q1)",
      "signal": "GROSS MARGIN INFLECTION",
      "detail": "GM: +72.5% -> +71.6% -> +74.7% (reversal +3.1%)",
      "severity": "MEDIUM"
    },
    {
      "quarter": "2024-03 (Q1)",
      "signal": "INCREMENTAL MARGIN (YoY)",
      "detail": "YoY Incr OPM: +81.2% vs year-ago OPM: +15.0%",
      "severity": "HIGH"
    },
    {
      "quarter": "2023-12 (Q4)",
      "signal": "FCF MARGIN EXPANSION",
      "detail": "FCF margin: +3.6% -> +38.6% (+35.0%)",
      "severity": "MEDIUM"
    },
    {
      "quarter": "2023-12 (Q4)",
      "signal": "OPERATING LEVERAGE",
      "detail": "Rev growth +37.8% vs OpEx growth +23.8% (leverage: 1.6x)",
      "severity": "MEDIUM"
    },
    {
      "quarter": "2023-12 (Q4)",
      "signal": "INCREMENTAL MARGIN (YoY)",
      "detail": "YoY Incr OPM: +49.7% vs year-ago OPM: +20.6%",
      "severity": "HIGH"
    },
    {
      "quarter": "2023-07 (Q3)",
      "signal": "FCF MARGIN EXPANSION",
      "detail": "FCF margin: +4.7% -> +22.6% (+17.8%)",
      "severity": "MEDIUM"
    },
    {
      "quarter": "2023-07 (Q3)",
      "signal": "OPERATING LEVERAGE",
      "detail": "Rev growth +7.3% vs OpEx growth +3.1% (leverage: 2.3x)",
      "severity": "MEDIUM"
    },
    {
      "quarter": "2023-07 (Q3)",
      "signal": "YoY REVENUE GROWTH DECELERATION",
      "detail": "YoY growth: -0.3% vs prior quarter YoY: +5.0% (decel: -5.3%)",
      "severity": "WARNING"
    },
    {
      "quarter": "2023-04 (Q2)",
      "signal": "GROSS MARGIN INFLECTION",
      "detail": "GM: +70.0% -> +68.6% -> +72.8% (reversal +4.2%)",
      "severity": "MEDIUM"
    },
    {
      "quarter": "2023-04 (Q2)",
      "signal": "YoY REVENUE GROWTH ACCELERATION",
      "detail": "YoY growth: +5.0% vs prior quarter YoY: -5.4% (accel: +10.4%)",
      "severity": "MEDIUM"
    },
    {
      "quarter": "2023-04 (Q2)",
      "signal": "INCREMENTAL MARGIN (YoY)",
      "detail": "YoY Incr OPM: +78.9% vs year-ago OPM: +11.8%",
      "severity": "HIGH"
    },
    {
      "quarter": "2022-12 (Q4)",
      "signal": "FCF TURNED POSITIVE",
      "detail": "FCF margin: -13.1% -> +27.2%",
      "severity": "HIGH"
    },
    {
      "quarter": "2022-12 (Q4)",
      "signal": "OPERATING LEVERAGE",
      "detail": "Rev growth +34.4% vs OpEx growth +21.3% (leverage: 1.6x)",
      "severity": "MEDIUM"
    },
    {
      "quarter": "2022-12 (Q4)",
      "signal": "YoY REVENUE GROWTH DECELERATION",
      "detail": "YoY growth: -5.4% vs prior quarter YoY: +1.7% (decel: -7.1%)",
      "severity": "WARNING"
    },
    {
      "quarter": "2022-12 (Q4)",
      "signal": "INCREMENTAL MARGIN (YoY)",
      "detail": "YoY Incr OPM: +38.5% vs year-ago OPM: +21.6%",
      "severity": "MEDIUM"
    },
    {
      "quarter": "2022-07 (Q3)",
      "signal": "FCF TURNED POSITIVE",
      "detail": "FCF margin: -3.8% -> +13.4%",
      "severity": "HIGH"
    },
    {
      "quarter": "2022-07 (Q3)",
      "signal": "OPERATING LEVERAGE",
      "detail": "Rev growth +13.0% vs OpEx growth +4.2% (leverage: 3.1x)",
      "severity": "MEDIUM"
    },
    {
      "quarter": "2022-07 (Q3)",
      "signal": "YoY REVENUE GROWTH DECELERATION",
      "detail": "YoY growth: +0.6% vs prior quarter YoY: +12.9% (decel: -12.3%)",
      "severity": "WARNING"
    },
    {
      "quarter": "2022-04 (Q2)",
      "signal": "YoY REVENUE GROWTH DECELERATION",
      "detail": "YoY growth: +12.9% vs prior quarter YoY: +27.0% (decel: -14.1%)",
      "severity": "WARNING"
    },
    {
      "quarter": "2022-04 (Q2)",
      "signal": "INCREMENTAL MARGIN (YoY)",
      "detail": "YoY Incr OPM: +32.2% vs year-ago OPM: +9.2%",
      "severity": "HIGH"
    },
    {
      "quarter": "2022-01 (Q1)",
      "signal": "FCF TURNED POSITIVE",
      "detail": "FCF margin: -0.8% -> +28.4%",
      "severity": "HIGH"
    },
    {
      "quarter": "2022-01 (Q1)",
      "signal": "OPERATING LEVERAGE",
      "detail": "Rev growth +44.6% vs OpEx growth +28.6% (leverage: 1.6x)",
      "severity": "MEDIUM"
    },
    {
      "quarter": "2021-07 (Q3)",
      "signal": "FCF MARGIN EXPANSION",
      "detail": "FCF margin: +14.1% -> +20.6% (+6.5%)",
      "severity": "MEDIUM"
    },
    {
      "quarter": "2021-07 (Q3)",
      "signal": "OPERATING LEVERAGE",
      "detail": "Rev growth +26.9% vs OpEx growth +14.0% (leverage: 1.9x)",
      "severity": "MEDIUM"
    }
  ],
  "data_quality": {
    "n_quarters": 20,
    "coverage": {
      "revenue": [
        20,
        20
      ],
      "gross_profit": [
        20,
        20
      ],
      "op_income": [
        20,
        20
      ],
      "fcf": [
        20,
        20
      ]
    },
    "gaps": [],
    "warnings": []
  },
  "market_cap": null,
  "source": "SEC EDGAR",
  "last_updated": "2026-02-02T20:11:49.895972"
}