{
  "ticker": "TRDA",
  "name": "ENTRADA THERAPEUTICS, INC.",
  "quarters": [
    {
      "date": "2022-03-31T00:00:00",
      "quarter_label": "2022-03 (Q1)",
      "revenue": 0,
      "gross_profit": null,
      "operating_income": -22151000,
      "net_income": -21671000,
      "opex": 22151000,
      "cogs": null,
      "rd": 15718000,
      "sga": null,
      "fcf": -21585000,
      "ocf": -20991000,
      "capex": -594000,
      "gross_margin": null,
      "op_margin": null,
      "fcf_margin": null
    },
    {
      "date": "2022-06-30T00:00:00",
      "quarter_label": "2022-06 (Q2)",
      "revenue": 0,
      "gross_profit": null,
      "operating_income": -23582000,
      "net_income": -23179000,
      "opex": 23582000,
      "cogs": null,
      "rd": 16248000,
      "sga": null,
      "fcf": -18784000,
      "ocf": -18009000,
      "capex": -775000,
      "gross_margin": null,
      "op_margin": null,
      "fcf_margin": null
    },
    {
      "date": "2022-09-30T00:00:00",
      "quarter_label": "2022-09 (Q3)",
      "revenue": 0,
      "gross_profit": null,
      "operating_income": -25936000,
      "net_income": -25137000,
      "opex": 25936000,
      "cogs": null,
      "rd": 18958000,
      "sga": null,
      "fcf": -28292000,
      "ocf": -27482000,
      "capex": -810000,
      "gross_margin": null,
      "op_margin": null,
      "fcf_margin": null
    },
    {
      "date": "2023-03-31T00:00:00",
      "quarter_label": "2023-03 (Q1)",
      "revenue": 25260000,
      "gross_profit": null,
      "operating_income": -5780000,
      "net_income": -6674000,
      "opex": 31040000,
      "cogs": null,
      "rd": 23102000,
      "sga": null,
      "fcf": 201731000,
      "ocf": 203399000,
      "capex": -1668000,
      "gross_margin": null,
      "op_margin": -0.2288202692003167,
      "fcf_margin": 7.98618368962787,
      "incr_op_margin_yoy": 0.6480997624703088
    },
    {
      "date": "2023-06-30T00:00:00",
      "quarter_label": "2023-06 (Q2)",
      "revenue": 18170000,
      "gross_profit": null,
      "operating_income": -16299000,
      "net_income": -25928000,
      "opex": 34469000,
      "cogs": null,
      "rd": 26300000,
      "sga": null,
      "fcf": -36613000,
      "ocf": -35091000,
      "capex": -1522000,
      "gross_margin": null,
      "op_margin": -0.8970280682443589,
      "fcf_margin": -2.0150247660979637,
      "incr_op_margin_yoy": 0.4008255365987892,
      "fcf_margin_change": -10.001208455725834
    },
    {
      "date": "2023-09-30T00:00:00",
      "quarter_label": "2023-09 (Q3)",
      "revenue": 43735000,
      "gross_profit": null,
      "operating_income": 14012000,
      "net_income": 35461000,
      "opex": 29723000,
      "cogs": null,
      "rd": 22191000,
      "sga": null,
      "fcf": -25940000,
      "ocf": -24492000,
      "capex": -1448000,
      "gross_margin": null,
      "op_margin": 0.32038413170229796,
      "fcf_margin": -0.5931176403338287,
      "incr_op_margin_yoy": 0.9134103121070081,
      "op_leverage_ratio": Infinity,
      "fcf_margin_change": 1.421907125764135
    },
    {
      "date": "2023-12-31T00:00:00",
      "quarter_label": "2023-12 (Q4)",
      "revenue": 41848000,
      "gross_profit": null,
      "operating_income": 4905000,
      "net_income": -9544000,
      "opex": 36943000,
      "cogs": null,
      "rd": 28291000,
      "sga": null,
      "fcf": -4989000,
      "ocf": -4013000,
      "capex": -976000,
      "gross_margin": null,
      "op_margin": 0.11720990250430129,
      "fcf_margin": -0.11921716688969604,
      "fcf_margin_change": 0.4739004734441327
    },
    {
      "date": "2024-03-31T00:00:00",
      "quarter_label": "2024-03 (Q1)",
      "revenue": 59120000,
      "gross_profit": null,
      "operating_income": 21113000,
      "net_income": 23496000,
      "opex": 38007000,
      "cogs": null,
      "rd": 28608000,
      "sga": null,
      "fcf": -26357000,
      "ocf": -25519000,
      "capex": -838000,
      "gross_margin": null,
      "op_margin": 0.3571211096075778,
      "fcf_margin": -0.44582205683355886,
      "incr_op_margin_yoy": 0.7942409923213231,
      "rev_growth_yoy": 1.3404592240696753,
      "op_leverage_ratio": 14.33040466536251,
      "fcf_margin_change": -0.32660488994386283
    },
    {
      "date": "2024-06-30T00:00:00",
      "quarter_label": "2024-06 (Q2)",
      "revenue": 94694000,
      "gross_profit": null,
      "operating_income": 53423000,
      "net_income": 55031000,
      "opex": 41271000,
      "cogs": null,
      "rd": 32035000,
      "sga": null,
      "fcf": 38787000,
      "ocf": 39833000,
      "capex": -1046000,
      "gross_margin": null,
      "op_margin": 0.5641645722009843,
      "fcf_margin": 0.40960356516780366,
      "incr_op_margin_yoy": 0.9111128534838744,
      "rev_growth_yoy": 4.211557512383049,
      "rev_growth_yoy_accel": 2.8710982883133735,
      "op_leverage_ratio": 7.006670847677704,
      "fcf_margin_change": 0.8554256220013625
    },
    {
      "date": "2024-09-30T00:00:00",
      "quarter_label": "2024-09 (Q3)",
      "revenue": 19570000,
      "gross_profit": null,
      "operating_income": -21658000,
      "net_income": -14032000,
      "opex": 41228000,
      "cogs": null,
      "rd": 31257000,
      "sga": null,
      "fcf": -24905000,
      "ocf": -24266000,
      "capex": -639000,
      "gross_margin": null,
      "op_margin": -1.1066939192641798,
      "fcf_margin": -1.2726111394992334,
      "incr_op_margin_yoy": 1.4761018001241466,
      "rev_growth_yoy": -0.55253229678747,
      "rev_growth_yoy_accel": -4.764089809170519,
      "fcf_margin_change": -1.682214704667037
    },
    {
      "date": "2024-12-31T00:00:00",
      "quarter_label": "2024-12 (Q4)",
      "revenue": 37398000,
      "gross_profit": null,
      "operating_income": -5867000,
      "net_income": 1131000,
      "opex": 43265000,
      "cogs": null,
      "rd": 33406000,
      "sga": null,
      "fcf": -32240000,
      "ocf": -31605000,
      "capex": -635000,
      "gross_margin": null,
      "op_margin": -0.15688004706134018,
      "fcf_margin": -0.8620781859992513,
      "incr_op_margin_yoy": 2.4206741573033708,
      "rev_growth_yoy": -0.10633722041674631,
      "rev_growth_yoy_accel": 0.44619507637072364,
      "op_leverage_ratio": 18.43796720306421,
      "fcf_margin_change": 0.4105329534999821
    },
    {
      "date": "2025-03-31T00:00:00",
      "quarter_label": "2025-03 (Q1)",
      "revenue": 20558000,
      "gross_profit": null,
      "operating_income": -21790000,
      "net_income": -17349000,
      "opex": 42348000,
      "cogs": null,
      "rd": 32074000,
      "sga": null,
      "fcf": -39651000,
      "ocf": -38507000,
      "capex": -1144000,
      "gross_margin": null,
      "op_margin": -1.059928008561144,
      "fcf_margin": -1.9287382041054577,
      "incr_op_margin_yoy": 1.1125719620351642,
      "rev_growth_yoy": -0.6522665764546685,
      "rev_growth_yoy_accel": -0.5459293560379221,
      "fcf_margin_change": -1.0666600181062065
    },
    {
      "date": "2025-06-30T00:00:00",
      "quarter_label": "2025-06 (Q2)",
      "revenue": 1950000,
      "gross_profit": null,
      "operating_income": -46849000,
      "net_income": -43103000,
      "opex": 48799000,
      "cogs": null,
      "rd": 37877000,
      "sga": null,
      "fcf": -29764000,
      "ocf": -29489000,
      "capex": -275000,
      "gross_margin": null,
      "op_margin": -24.025128205128205,
      "fcf_margin": -15.263589743589744,
      "incr_op_margin_yoy": 1.081169671353403,
      "rev_growth_yoy": -0.9794073542146282,
      "rev_growth_yoy_accel": -0.32714077775995976,
      "fcf_margin_change": -13.334851539484287
    },
    {
      "date": "2025-09-30T00:00:00",
      "quarter_label": "2025-09 (Q3)",
      "revenue": 1614000,
      "gross_profit": null,
      "operating_income": -47051000,
      "net_income": -44134000,
      "opex": 48665000,
      "cogs": null,
      "rd": 38361000,
      "sga": null,
      "fcf": -28142000,
      "ocf": -28313000,
      "capex": 171000,
      "gross_margin": null,
      "op_margin": -29.151796778190832,
      "fcf_margin": -17.436183395291202,
      "incr_op_margin_yoy": 1.414179104477612,
      "rev_growth_yoy": -0.9175268267756771,
      "rev_growth_yoy_accel": 0.061880527438951116,
      "fcf_margin_change": -2.172593651701458
    }
  ],
  "signals": [
    {
      "quarter": "2025-09 (Q3)",
      "signal": "YoY REVENUE GROWTH ACCELERATION",
      "detail": "YoY growth: -91.8% vs prior quarter YoY: -97.9% (accel: +6.2%)",
      "severity": "MEDIUM"
    },
    {
      "quarter": "2025-06 (Q2)",
      "signal": "YoY REVENUE GROWTH DECELERATION",
      "detail": "YoY growth: -97.9% vs prior quarter YoY: -65.2% (decel: -32.7%)",
      "severity": "WARNING"
    },
    {
      "quarter": "2025-03 (Q1)",
      "signal": "YoY REVENUE GROWTH DECELERATION",
      "detail": "YoY growth: -65.2% vs prior quarter YoY: -10.6% (decel: -54.6%)",
      "severity": "WARNING"
    },
    {
      "quarter": "2024-12 (Q4)",
      "signal": "FCF MARGIN EXPANSION",
      "detail": "FCF margin: -127.3% -> -86.2% (+41.1%)",
      "severity": "MEDIUM"
    },
    {
      "quarter": "2024-12 (Q4)",
      "signal": "OPERATING LEVERAGE",
      "detail": "Rev growth +91.1% vs OpEx growth +4.9% (leverage: 18.4x)",
      "severity": "MEDIUM"
    },
    {
      "quarter": "2024-12 (Q4)",
      "signal": "YoY REVENUE GROWTH ACCELERATION",
      "detail": "YoY growth: -10.6% vs prior quarter YoY: -55.3% (accel: +44.6%)",
      "severity": "HIGH"
    },
    {
      "quarter": "2024-09 (Q3)",
      "signal": "YoY REVENUE GROWTH DECELERATION",
      "detail": "YoY growth: -55.3% vs prior quarter YoY: +421.2% (decel: -476.4%)",
      "severity": "WARNING"
    },
    {
      "quarter": "2024-06 (Q2)",
      "signal": "FCF TURNED POSITIVE",
      "detail": "FCF margin: -44.6% -> +41.0%",
      "severity": "HIGH"
    },
    {
      "quarter": "2024-06 (Q2)",
      "signal": "OPERATING LEVERAGE",
      "detail": "Rev growth +60.2% vs OpEx growth +8.6% (leverage: 7.0x)",
      "severity": "MEDIUM"
    },
    {
      "quarter": "2024-06 (Q2)",
      "signal": "YoY REVENUE GROWTH ACCELERATION",
      "detail": "YoY growth: +421.2% vs prior quarter YoY: +134.0% (accel: +287.1%)",
      "severity": "HIGH"
    },
    {
      "quarter": "2024-06 (Q2)",
      "signal": "OP MARGIN TURNED POSITIVE (YoY)",
      "detail": "Op margin: -89.7% (year-ago) -> +56.4%",
      "severity": "HIGH"
    },
    {
      "quarter": "2024-03 (Q1)",
      "signal": "OPERATING LEVERAGE",
      "detail": "Rev growth +41.3% vs OpEx growth +2.9% (leverage: 14.3x)",
      "severity": "MEDIUM"
    },
    {
      "quarter": "2024-03 (Q1)",
      "signal": "OP MARGIN TURNED POSITIVE (YoY)",
      "detail": "Op margin: -22.9% (year-ago) -> +35.7%",
      "severity": "HIGH"
    },
    {
      "quarter": "2023-12 (Q4)",
      "signal": "FCF MARGIN EXPANSION",
      "detail": "FCF margin: -59.3% -> -11.9% (+47.4%)",
      "severity": "MEDIUM"
    },
    {
      "quarter": "2023-09 (Q3)",
      "signal": "FCF MARGIN EXPANSION",
      "detail": "FCF margin: -201.5% -> -59.3% (+142.2%)",
      "severity": "MEDIUM"
    },
    {
      "quarter": "2023-09 (Q3)",
      "signal": "OP MARGIN TURNED POSITIVE (QoQ)",
      "detail": "Op margin: -89.7% -> +32.0%",
      "severity": "HIGH"
    }
  ],
  "data_quality": {
    "n_quarters": 14,
    "coverage": {
      "revenue": [
        14,
        14
      ],
      "gross_profit": [
        0,
        14
      ],
      "op_income": [
        14,
        14
      ],
      "fcf": [
        14,
        14
      ]
    },
    "gaps": [
      [
        "2022-09 (Q3)",
        "2023-03 (Q1)",
        182
      ]
    ],
    "warnings": [
      "gross_profit: no data",
      "gap: 1Q missing between 2022-09 (Q3) and 2023-03 (Q1)"
    ]
  },
  "market_cap": null,
  "source": "SEC EDGAR",
  "last_updated": "2026-02-02T22:32:35.569463"
}