{
  "ticker": "TREX",
  "name": "Trex Company, Inc.",
  "quarters": [
    {
      "date": "2020-12-31T00:00:00",
      "quarter_label": "2020-12 (Q4)",
      "revenue": 228286000,
      "gross_profit": 92392000,
      "operating_income": 58167000,
      "net_income": 43301000,
      "opex": 34225000,
      "cogs": 135895000,
      "rd": null,
      "sga": 34224000,
      "fcf": 101653000,
      "ocf": 174780000,
      "capex": -73127000,
      "gross_margin": 0.40472039459274767,
      "op_margin": 0.2547988050077534,
      "fcf_margin": 0.4452879283004652
    },
    {
      "date": "2021-03-31T00:00:00",
      "quarter_label": "2021-03 (Q1)",
      "revenue": 245524000,
      "gross_profit": 95801000,
      "operating_income": 64489000,
      "net_income": 48545000,
      "opex": 31312000,
      "cogs": 149723000,
      "rd": null,
      "sga": 31312000,
      "fcf": -200667000,
      "ocf": -142574000,
      "capex": -58093000,
      "gross_margin": 0.39018996106286963,
      "op_margin": 0.262658640295857,
      "fcf_margin": -0.8173009563219888,
      "op_leverage_ratio": Infinity,
      "fcf_margin_change": -1.262588884622454
    },
    {
      "date": "2021-06-30T00:00:00",
      "quarter_label": "2021-06 (Q2)",
      "revenue": 311596000,
      "gross_profit": 118273000,
      "operating_income": 82357000,
      "net_income": 61366000,
      "opex": 35916000,
      "cogs": 193323000,
      "rd": null,
      "sga": 35916000,
      "fcf": 87594000,
      "ocf": 124332000,
      "capex": -36738000,
      "gross_margin": 0.3795716247962105,
      "op_margin": 0.26430698725272467,
      "fcf_margin": 0.2811140065982875,
      "op_leverage_ratio": 1.8302018735269452,
      "fcf_margin_change": 1.0984149629202764
    },
    {
      "date": "2021-09-30T00:00:00",
      "quarter_label": "2021-09 (Q3)",
      "revenue": 335872000,
      "gross_profit": 128250000,
      "operating_income": 98096000,
      "net_income": 73795000,
      "opex": 30154000,
      "cogs": 207622000,
      "rd": null,
      "sga": 30154000,
      "fcf": 101681000,
      "ocf": 131301000,
      "capex": -29620000,
      "gross_margin": 0.38184189214939024,
      "op_margin": 0.2920636432926829,
      "fcf_margin": 0.3027373523246951,
      "op_leverage_ratio": Infinity,
      "fcf_margin_change": 0.021623345726407617
    },
    {
      "date": "2021-12-31T00:00:00",
      "quarter_label": "2021-12 (Q4)",
      "revenue": 303960000,
      "gross_profit": 118180000,
      "operating_income": 30436000,
      "net_income": 25031000,
      "opex": 87744000,
      "cogs": 185780000,
      "rd": null,
      "sga": 42241000,
      "fcf": 110062000,
      "ocf": 145005000,
      "capex": -34943000,
      "gross_margin": 0.38880115804711146,
      "op_margin": 0.10013159626266614,
      "fcf_margin": 0.3620936965390183,
      "incr_op_margin_yoy": -0.3664534714697254,
      "rev_growth_yoy": 0.33148769525945526,
      "fcf_margin_change": 0.059356344214323176
    },
    {
      "date": "2022-03-31T00:00:00",
      "quarter_label": "2022-03 (Q1)",
      "revenue": 339228000,
      "gross_profit": 134912000,
      "operating_income": 94952000,
      "net_income": 71211000,
      "opex": 39960000,
      "cogs": 204316000,
      "rd": null,
      "sga": 39960000,
      "fcf": 51591000,
      "ocf": 73879000,
      "capex": -22288000,
      "gross_margin": 0.397703019797894,
      "op_margin": 0.27990613982336365,
      "fcf_margin": 0.15208355442357352,
      "incr_op_margin_yoy": 0.32509818150772646,
      "rev_growth_yoy": 0.3816490444925954,
      "rev_growth_yoy_accel": 0.05016134923314014,
      "op_leverage_ratio": Infinity,
      "fcf_margin_change": -0.21001014211544478
    },
    {
      "date": "2022-06-30T00:00:00",
      "quarter_label": "2022-06 (Q2)",
      "revenue": 386249000,
      "gross_profit": 157377000,
      "operating_income": 117809000,
      "net_income": 88916000,
      "opex": 39568000,
      "cogs": 228872000,
      "rd": null,
      "sga": 39568000,
      "fcf": 71795000,
      "ocf": 116113000,
      "capex": -44318000,
      "gross_margin": 0.4074495985750125,
      "op_margin": 0.3050079094055907,
      "fcf_margin": 0.1858775038899777,
      "incr_op_margin_yoy": 0.4748904933492291,
      "rev_growth_yoy": 0.23958266473253828,
      "rev_growth_yoy_accel": -0.14206637976005712,
      "op_leverage_ratio": Infinity,
      "fcf_margin_change": 0.03379394946640418
    },
    {
      "date": "2022-09-30T00:00:00",
      "quarter_label": "2022-09 (Q3)",
      "revenue": 188472000,
      "gross_profit": 46208000,
      "operating_income": 19351000,
      "net_income": 14423000,
      "opex": 26857000,
      "cogs": 142264000,
      "rd": null,
      "sga": 26857000,
      "fcf": 12844000,
      "ocf": 54401000,
      "capex": -41557000,
      "gross_margin": 0.24517169659153615,
      "op_margin": 0.1026730761067957,
      "fcf_margin": 0.06814805382231844,
      "incr_op_margin_yoy": 0.5342265943012212,
      "rev_growth_yoy": -0.4388576600609756,
      "rev_growth_yoy_accel": -0.6784403247935139,
      "fcf_margin_change": -0.11772945006765927
    },
    {
      "date": "2022-12-31T00:00:00",
      "quarter_label": "2022-12 (Q4)",
      "revenue": 192093000,
      "gross_profit": 65491000,
      "operating_income": 14624000,
      "net_income": 10077000,
      "opex": 50867000,
      "cogs": 126602000,
      "rd": null,
      "sga": 35444000,
      "fcf": -96238000,
      "ocf": -28173000,
      "capex": -68065000,
      "gross_margin": 0.34093381851499016,
      "op_margin": 0.07612979129900621,
      "fcf_margin": -0.5009969129536215,
      "incr_op_margin_yoy": 0.14134642030268085,
      "rev_growth_yoy": -0.3680319778918279,
      "rev_growth_yoy_accel": 0.0708256821691477,
      "op_leverage_ratio": 0.021490524980226786,
      "fcf_margin_change": -0.56914496677594
    },
    {
      "date": "2023-03-31T00:00:00",
      "quarter_label": "2023-03 (Q1)",
      "revenue": 238718000,
      "gross_profit": 94428000,
      "operating_income": 56948000,
      "net_income": 41131000,
      "opex": 37480000,
      "cogs": 144290000,
      "rd": null,
      "sga": 37480000,
      "fcf": -154663000,
      "ocf": -115471000,
      "capex": -39192000,
      "gross_margin": 0.3955629655074188,
      "op_margin": 0.23855762866646002,
      "fcf_margin": -0.6478899789710034,
      "incr_op_margin_yoy": 0.37811163068351406,
      "rev_growth_yoy": -0.2962904005565578,
      "rev_growth_yoy_accel": 0.07174157733527009,
      "op_leverage_ratio": Infinity,
      "fcf_margin_change": -0.14689306601738195
    },
    {
      "date": "2023-06-30T00:00:00",
      "quarter_label": "2023-06 (Q2)",
      "revenue": 356538000,
      "gross_profit": 156448000,
      "operating_income": 104767000,
      "net_income": 77036000,
      "opex": 51681000,
      "cogs": 200090000,
      "rd": null,
      "sga": 51681000,
      "fcf": 180087000,
      "ocf": 223252000,
      "capex": -43165000,
      "gross_margin": 0.43879754752649086,
      "op_margin": 0.2938452563261139,
      "fcf_margin": 0.5050990357269071,
      "incr_op_margin_yoy": 0.43896200060583623,
      "rev_growth_yoy": -0.0769218819984,
      "rev_growth_yoy_accel": 0.2193685185581578,
      "op_leverage_ratio": 1.3026102941061732,
      "fcf_margin_change": 1.1529890146979105
    },
    {
      "date": "2023-09-30T00:00:00",
      "quarter_label": "2023-09 (Q3)",
      "revenue": 303836000,
      "gross_profit": 130895000,
      "operating_income": 86363000,
      "net_income": 65266000,
      "opex": 44532000,
      "cogs": 172941000,
      "rd": null,
      "sga": 44532000,
      "fcf": 149881000,
      "ocf": 180444000,
      "capex": -30563000,
      "gross_margin": 0.43080806751010414,
      "op_margin": 0.28424215695309313,
      "fcf_margin": 0.49329572532550453,
      "incr_op_margin_yoy": 0.5808744495683229,
      "rev_growth_yoy": 0.6121015323231037,
      "rev_growth_yoy_accel": 0.6890234143215037,
      "fcf_margin_change": -0.011803310401402534
    },
    {
      "date": "2023-12-31T00:00:00",
      "quarter_label": "2023-12 (Q4)",
      "revenue": 195745000,
      "gross_profit": 70636000,
      "operating_income": 28127000,
      "net_income": 21951000,
      "opex": 42509000,
      "cogs": 125109000,
      "rd": null,
      "sga": 42509000,
      "fcf": 48026000,
      "ocf": 101195000,
      "capex": -53169000,
      "gross_margin": 0.36085723773276457,
      "op_margin": 0.14369204832818208,
      "fcf_margin": 0.2453498173644282,
      "incr_op_margin_yoy": 3.6974260679079958,
      "rev_growth_yoy": 0.01901162457767852,
      "rev_growth_yoy_accel": -0.5930899077454252,
      "fcf_margin_change": -0.24794590796107632
    },
    {
      "date": "2024-03-31T00:00:00",
      "quarter_label": "2024-03 (Q1)",
      "revenue": 373635000,
      "gross_profit": 169612000,
      "operating_income": 119012000,
      "net_income": 89070000,
      "opex": 50600000,
      "cogs": 204023000,
      "rd": null,
      "sga": 50600000,
      "fcf": -211764000,
      "ocf": -174044000,
      "capex": -37720000,
      "gross_margin": 0.4539510484831453,
      "op_margin": 0.3185247634723728,
      "fcf_margin": -0.5667670319964672,
      "incr_op_margin_yoy": 0.46001615808237656,
      "rev_growth_yoy": 0.5651731331529252,
      "rev_growth_yoy_accel": 0.5461615085752467,
      "op_leverage_ratio": 4.77462804884207,
      "fcf_margin_change": -0.8121168493608953
    },
    {
      "date": "2024-06-30T00:00:00",
      "quarter_label": "2024-06 (Q2)",
      "revenue": 376470000,
      "gross_profit": 168110000,
      "operating_income": 116904000,
      "net_income": 86998000,
      "opex": 51206000,
      "cogs": 208360000,
      "rd": null,
      "sga": 51206000,
      "fcf": 158203000,
      "ocf": 193685000,
      "capex": -35482000,
      "gross_margin": 0.44654288522325813,
      "op_margin": 0.31052673519802376,
      "fcf_margin": 0.420227375355274,
      "incr_op_margin_yoy": 0.6089203291190046,
      "rev_growth_yoy": 0.05590427948774044,
      "rev_growth_yoy_accel": -0.5092688536651847,
      "fcf_margin_change": 0.9869944073517412
    },
    {
      "date": "2024-09-30T00:00:00",
      "quarter_label": "2024-09 (Q3)",
      "revenue": 233717000,
      "gross_profit": 93205000,
      "operating_income": 54304000,
      "net_income": 40553000,
      "opex": 38901000,
      "cogs": 140512000,
      "rd": null,
      "sga": 38901000,
      "fcf": 54482000,
      "ocf": 132761000,
      "capex": -78279000,
      "gross_margin": 0.3987942682817253,
      "op_margin": 0.23234937980549125,
      "fcf_margin": 0.23311098465237873,
      "incr_op_margin_yoy": 0.4572084599038777,
      "rev_growth_yoy": -0.23077910451691044,
      "rev_growth_yoy_accel": -0.2866833840046509,
      "fcf_margin_change": -0.18711639070289526
    },
    {
      "date": "2024-12-31T00:00:00",
      "quarter_label": "2024-12 (Q4)",
      "revenue": 167627000,
      "gross_profit": 54742000,
      "operating_income": 15455000,
      "net_income": 9772000,
      "opex": 39287000,
      "cogs": 112885000,
      "rd": null,
      "sga": 39287000,
      "fcf": -89329000,
      "ocf": -8473000,
      "capex": -80856000,
      "gross_margin": 0.32657030192033504,
      "op_margin": 0.09219875079790249,
      "fcf_margin": -0.53290341054842,
      "incr_op_margin_yoy": 0.45067216729497117,
      "rev_growth_yoy": -0.14364607014227695,
      "rev_growth_yoy_accel": 0.08713303437463349,
      "fcf_margin_change": -0.7660143952007987
    },
    {
      "date": "2025-03-31T00:00:00",
      "quarter_label": "2025-03 (Q1)",
      "revenue": 339993000,
      "gross_profit": 137731000,
      "operating_income": 81663000,
      "net_income": 60434000,
      "opex": 56068000,
      "cogs": 202262000,
      "rd": null,
      "sga": 56068000,
      "fcf": -233499000,
      "ocf": -154013000,
      "capex": -79486000,
      "gross_margin": 0.4050995167547567,
      "op_margin": 0.2401902392108073,
      "fcf_margin": -0.6867759042097925,
      "incr_op_margin_yoy": 1.110189643897509,
      "rev_growth_yoy": -0.09003974467060098,
      "rev_growth_yoy_accel": 0.05360632547167597,
      "op_leverage_ratio": 2.4073468077450215,
      "fcf_margin_change": -0.15387249366137246
    },
    {
      "date": "2025-06-30T00:00:00",
      "quarter_label": "2025-06 (Q2)",
      "revenue": 387801000,
      "gross_profit": 158132000,
      "operating_income": 102398000,
      "net_income": 75909000,
      "opex": 55734000,
      "cogs": 229669000,
      "rd": null,
      "sga": 55734000,
      "fcf": 202963000,
      "ocf": 249752000,
      "capex": -46789000,
      "gross_margin": 0.407765838664676,
      "op_margin": 0.2640477977106815,
      "fcf_margin": 0.5233689443812677,
      "incr_op_margin_yoy": -1.2802047480363605,
      "rev_growth_yoy": 0.030098015778149655,
      "rev_growth_yoy_accel": 0.12013776044875063,
      "op_leverage_ratio": Infinity,
      "fcf_margin_change": 1.2101448485910602
    },
    {
      "date": "2025-09-30T00:00:00",
      "quarter_label": "2025-09 (Q3)",
      "revenue": 285348000,
      "gross_profit": 115438000,
      "operating_income": 70397000,
      "net_income": 51770000,
      "opex": 45041000,
      "cogs": 169910000,
      "rd": null,
      "sga": 45041000,
      "fcf": 142949000,
      "ocf": 196888000,
      "capex": -53939000,
      "gross_margin": 0.4045516351963217,
      "op_margin": 0.2467057768058651,
      "fcf_margin": 0.5009637355089225,
      "incr_op_margin_yoy": 0.3116925877864074,
      "rev_growth_yoy": 0.22091247106543382,
      "rev_growth_yoy_accel": 0.19081445528728416,
      "fcf_margin_change": -0.022405208872345206
    }
  ],
  "signals": [
    {
      "quarter": "2025-09 (Q3)",
      "signal": "YoY REVENUE GROWTH ACCELERATION",
      "detail": "YoY growth: +22.1% vs prior quarter YoY: +3.0% (accel: +19.1%)",
      "severity": "HIGH"
    },
    {
      "quarter": "2025-06 (Q2)",
      "signal": "FCF TURNED POSITIVE",
      "detail": "FCF margin: -68.7% -> +52.3%",
      "severity": "HIGH"
    },
    {
      "quarter": "2025-06 (Q2)",
      "signal": "YoY REVENUE GROWTH ACCELERATION",
      "detail": "YoY growth: +3.0% vs prior quarter YoY: -9.0% (accel: +12.0%)",
      "severity": "MEDIUM"
    },
    {
      "quarter": "2025-03 (Q1)",
      "signal": "OPERATING LEVERAGE",
      "detail": "Rev growth +102.8% vs OpEx growth +42.7% (leverage: 2.4x)",
      "severity": "MEDIUM"
    },
    {
      "quarter": "2025-03 (Q1)",
      "signal": "GROSS MARGIN INFLECTION",
      "detail": "GM: +39.9% -> +32.7% -> +40.5% (reversal +7.9%)",
      "severity": "HIGH"
    },
    {
      "quarter": "2025-03 (Q1)",
      "signal": "YoY REVENUE GROWTH ACCELERATION",
      "detail": "YoY growth: -9.0% vs prior quarter YoY: -14.4% (accel: +5.4%)",
      "severity": "MEDIUM"
    },
    {
      "quarter": "2025-03 (Q1)",
      "signal": "INCREMENTAL MARGIN (YoY)",
      "detail": "YoY Incr OPM: +111.0% vs year-ago OPM: +31.9%",
      "severity": "HIGH"
    },
    {
      "quarter": "2024-12 (Q4)",
      "signal": "YoY REVENUE GROWTH ACCELERATION",
      "detail": "YoY growth: -14.4% vs prior quarter YoY: -23.1% (accel: +8.7%)",
      "severity": "MEDIUM"
    },
    {
      "quarter": "2024-12 (Q4)",
      "signal": "INCREMENTAL MARGIN (YoY)",
      "detail": "YoY Incr OPM: +45.1% vs year-ago OPM: +14.4%",
      "severity": "HIGH"
    },
    {
      "quarter": "2024-09 (Q3)",
      "signal": "YoY REVENUE GROWTH DECELERATION",
      "detail": "YoY growth: -23.1% vs prior quarter YoY: +5.6% (decel: -28.7%)",
      "severity": "WARNING"
    },
    {
      "quarter": "2024-09 (Q3)",
      "signal": "INCREMENTAL MARGIN (YoY)",
      "detail": "YoY Incr OPM: +45.7% vs year-ago OPM: +28.4%",
      "severity": "MEDIUM"
    },
    {
      "quarter": "2024-06 (Q2)",
      "signal": "FCF TURNED POSITIVE",
      "detail": "FCF margin: -56.7% -> +42.0%",
      "severity": "HIGH"
    },
    {
      "quarter": "2024-06 (Q2)",
      "signal": "YoY REVENUE GROWTH DECELERATION",
      "detail": "YoY growth: +5.6% vs prior quarter YoY: +56.5% (decel: -50.9%)",
      "severity": "WARNING"
    },
    {
      "quarter": "2024-06 (Q2)",
      "signal": "INCREMENTAL MARGIN (YoY)",
      "detail": "YoY Incr OPM: +60.9% vs year-ago OPM: +29.4%",
      "severity": "HIGH"
    },
    {
      "quarter": "2024-03 (Q1)",
      "signal": "OPERATING LEVERAGE",
      "detail": "Rev growth +90.9% vs OpEx growth +19.0% (leverage: 4.8x)",
      "severity": "MEDIUM"
    },
    {
      "quarter": "2024-03 (Q1)",
      "signal": "GROSS MARGIN INFLECTION",
      "detail": "GM: +43.1% -> +36.1% -> +45.4% (reversal +9.3%)",
      "severity": "HIGH"
    },
    {
      "quarter": "2024-03 (Q1)",
      "signal": "YoY REVENUE GROWTH ACCELERATION",
      "detail": "YoY growth: +56.5% vs prior quarter YoY: +1.9% (accel: +54.6%)",
      "severity": "HIGH"
    },
    {
      "quarter": "2024-03 (Q1)",
      "signal": "INCREMENTAL MARGIN (YoY)",
      "detail": "YoY Incr OPM: +46.0% vs year-ago OPM: +23.9%",
      "severity": "HIGH"
    },
    {
      "quarter": "2023-12 (Q4)",
      "signal": "YoY REVENUE GROWTH DECELERATION",
      "detail": "YoY growth: +1.9% vs prior quarter YoY: +61.2% (decel: -59.3%)",
      "severity": "WARNING"
    },
    {
      "quarter": "2023-12 (Q4)",
      "signal": "INCREMENTAL MARGIN (YoY)",
      "detail": "YoY Incr OPM: +369.7% vs year-ago OPM: +7.6%",
      "severity": "HIGH"
    },
    {
      "quarter": "2023-09 (Q3)",
      "signal": "YoY REVENUE GROWTH ACCELERATION",
      "detail": "YoY growth: +61.2% vs prior quarter YoY: -7.7% (accel: +68.9%)",
      "severity": "HIGH"
    },
    {
      "quarter": "2023-09 (Q3)",
      "signal": "INCREMENTAL MARGIN (YoY)",
      "detail": "YoY Incr OPM: +58.1% vs year-ago OPM: +10.3%",
      "severity": "HIGH"
    },
    {
      "quarter": "2023-06 (Q2)",
      "signal": "FCF TURNED POSITIVE",
      "detail": "FCF margin: -64.8% -> +50.5%",
      "severity": "HIGH"
    },
    {
      "quarter": "2023-06 (Q2)",
      "signal": "YoY REVENUE GROWTH ACCELERATION",
      "detail": "YoY growth: -7.7% vs prior quarter YoY: -29.6% (accel: +21.9%)",
      "severity": "HIGH"
    },
    {
      "quarter": "2023-06 (Q2)",
      "signal": "INCREMENTAL MARGIN (YoY)",
      "detail": "YoY Incr OPM: +43.9% vs year-ago OPM: +30.5%",
      "severity": "MEDIUM"
    },
    {
      "quarter": "2023-03 (Q1)",
      "signal": "YoY REVENUE GROWTH ACCELERATION",
      "detail": "YoY growth: -29.6% vs prior quarter YoY: -36.8% (accel: +7.2%)",
      "severity": "MEDIUM"
    },
    {
      "quarter": "2022-12 (Q4)",
      "signal": "GROSS MARGIN INFLECTION",
      "detail": "GM: +40.7% -> +24.5% -> +34.1% (reversal +9.6%)",
      "severity": "HIGH"
    },
    {
      "quarter": "2022-12 (Q4)",
      "signal": "YoY REVENUE GROWTH ACCELERATION",
      "detail": "YoY growth: -36.8% vs prior quarter YoY: -43.9% (accel: +7.1%)",
      "severity": "MEDIUM"
    },
    {
      "quarter": "2022-09 (Q3)",
      "signal": "YoY REVENUE GROWTH DECELERATION",
      "detail": "YoY growth: -43.9% vs prior quarter YoY: +24.0% (decel: -67.8%)",
      "severity": "WARNING"
    },
    {
      "quarter": "2022-09 (Q3)",
      "signal": "INCREMENTAL MARGIN (YoY)",
      "detail": "YoY Incr OPM: +53.4% vs year-ago OPM: +29.2%",
      "severity": "HIGH"
    },
    {
      "quarter": "2022-06 (Q2)",
      "signal": "YoY REVENUE GROWTH DECELERATION",
      "detail": "YoY growth: +24.0% vs prior quarter YoY: +38.2% (decel: -14.2%)",
      "severity": "WARNING"
    },
    {
      "quarter": "2022-06 (Q2)",
      "signal": "INCREMENTAL MARGIN (YoY)",
      "detail": "YoY Incr OPM: +47.5% vs year-ago OPM: +26.4%",
      "severity": "HIGH"
    },
    {
      "quarter": "2022-03 (Q1)",
      "signal": "YoY REVENUE GROWTH ACCELERATION",
      "detail": "YoY growth: +38.2% vs prior quarter YoY: +33.1% (accel: +5.0%)",
      "severity": "MEDIUM"
    },
    {
      "quarter": "2021-12 (Q4)",
      "signal": "FCF MARGIN EXPANSION",
      "detail": "FCF margin: +30.3% -> +36.2% (+5.9%)",
      "severity": "MEDIUM"
    },
    {
      "quarter": "2021-06 (Q2)",
      "signal": "FCF TURNED POSITIVE",
      "detail": "FCF margin: -81.7% -> +28.1%",
      "severity": "HIGH"
    },
    {
      "quarter": "2021-06 (Q2)",
      "signal": "OPERATING LEVERAGE",
      "detail": "Rev growth +26.9% vs OpEx growth +14.7% (leverage: 1.8x)",
      "severity": "MEDIUM"
    }
  ],
  "data_quality": {
    "n_quarters": 20,
    "coverage": {
      "revenue": [
        20,
        20
      ],
      "gross_profit": [
        20,
        20
      ],
      "op_income": [
        20,
        20
      ],
      "fcf": [
        20,
        20
      ]
    },
    "gaps": [],
    "warnings": []
  },
  "market_cap": null,
  "source": "SEC EDGAR",
  "last_updated": "2026-02-02T21:09:07.723447"
}