{
  "ticker": "TRGP",
  "name": "TARGA RESOURCES CORP.",
  "quarters": [
    {
      "date": "2020-12-31T00:00:00",
      "quarter_label": "2020-12 (Q4)",
      "revenue": 2572800000,
      "gross_profit": 814500000,
      "operating_income": 265200000,
      "net_income": 33600000,
      "opex": 549300000,
      "cogs": 1758300000,
      "rd": null,
      "sga": null,
      "fcf": 500300000,
      "ocf": 648800000,
      "capex": -148500000,
      "gross_margin": 0.3165811567164179,
      "op_margin": 0.10307835820895522,
      "fcf_margin": 0.19445740049751245
    },
    {
      "date": "2021-03-31T00:00:00",
      "quarter_label": "2021-03 (Q1)",
      "revenue": 3632700000,
      "gross_profit": 796400000,
      "operating_income": 344100000,
      "net_income": 146400000,
      "opex": 452300000,
      "cogs": 2836300000,
      "rd": null,
      "sga": null,
      "fcf": 583600000,
      "ocf": 679800000,
      "capex": -96200000,
      "gross_margin": 0.21923087510666997,
      "op_margin": 0.09472293335535552,
      "fcf_margin": 0.16065185674567126,
      "op_leverage_ratio": Infinity,
      "fcf_margin_change": -0.033805543751841194
    },
    {
      "date": "2021-06-30T00:00:00",
      "quarter_label": "2021-06 (Q2)",
      "revenue": 3415900000,
      "gross_profit": 706900000,
      "operating_income": 245800000,
      "net_income": 56200000,
      "opex": 461100000,
      "cogs": 2709000000,
      "rd": null,
      "sga": null,
      "fcf": 521100000,
      "ocf": 623800000,
      "capex": -102700000,
      "gross_margin": 0.2069439971896133,
      "op_margin": 0.07195761000029274,
      "fcf_margin": 0.15255130419508767,
      "fcf_margin_change": -0.00810055255058359
    },
    {
      "date": "2021-09-30T00:00:00",
      "quarter_label": "2021-09 (Q3)",
      "revenue": 4459700000,
      "gross_profit": 845000000,
      "operating_income": 366500000,
      "net_income": 182200000,
      "opex": 478500000,
      "cogs": 3614700000,
      "rd": null,
      "sga": null,
      "fcf": 372500000,
      "ocf": 495200000,
      "capex": -122700000,
      "gross_margin": 0.18947462833822903,
      "op_margin": 0.0821804157230307,
      "fcf_margin": 0.08352579769939682,
      "op_leverage_ratio": 8.09763166369039,
      "fcf_margin_change": -0.06902550649569085
    },
    {
      "date": "2021-12-31T00:00:00",
      "quarter_label": "2021-12 (Q4)",
      "revenue": 5441600000,
      "gross_profit": 871900000,
      "operating_income": -91600000,
      "net_income": -313600000,
      "opex": 963500000,
      "cogs": 4569700000,
      "rd": null,
      "sga": null,
      "fcf": 320600000,
      "ocf": 504100000,
      "capex": -183500000,
      "gross_margin": 0.16022860923257864,
      "op_margin": -0.016833284328138784,
      "fcf_margin": 0.05891649514848574,
      "incr_op_margin_yoy": -0.12437255995538204,
      "rev_growth_yoy": 1.1150497512437811,
      "op_leverage_ratio": 0.21722100488013038,
      "fcf_margin_change": -0.02460930255091108
    },
    {
      "date": "2022-03-31T00:00:00",
      "quarter_label": "2022-03 (Q1)",
      "revenue": 4959100000,
      "gross_profit": 755000000,
      "operating_income": 295800000,
      "net_income": 88000000,
      "opex": 459200000,
      "cogs": 4204100000,
      "rd": null,
      "sga": null,
      "fcf": 543800000,
      "ocf": 748200000,
      "capex": -204400000,
      "gross_margin": 0.15224536710290174,
      "op_margin": 0.05964791998548124,
      "fcf_margin": 0.10965699421265955,
      "incr_op_margin_yoy": -0.03641435464414958,
      "rev_growth_yoy": 0.36512786632532274,
      "rev_growth_yoy_accel": -0.7499218849184583,
      "fcf_margin_change": 0.050740499064173814
    },
    {
      "date": "2022-06-30T00:00:00",
      "quarter_label": "2022-06 (Q2)",
      "revenue": 6055800000,
      "gross_profit": 1008500000,
      "operating_income": 451900000,
      "net_income": 596400000,
      "opex": 556600000,
      "cogs": 5047300000,
      "rd": null,
      "sga": null,
      "fcf": 420400000,
      "ocf": 635500000,
      "capex": -215100000,
      "gross_margin": 0.16653456190759272,
      "op_margin": 0.07462267578189505,
      "fcf_margin": 0.06942105089335843,
      "incr_op_margin_yoy": 0.07807113905829766,
      "rev_growth_yoy": 0.7728270733920782,
      "rev_growth_yoy_accel": 0.4076992070667555,
      "op_leverage_ratio": 1.0426244379227418,
      "fcf_margin_change": -0.04023594331930112
    },
    {
      "date": "2022-09-30T00:00:00",
      "quarter_label": "2022-09 (Q3)",
      "revenue": 5360100000,
      "gross_profit": 1053800000,
      "operating_income": 430000000,
      "net_income": 193100000,
      "opex": 623800000,
      "cogs": 4306300000,
      "rd": null,
      "sga": null,
      "fcf": 63700000,
      "ocf": 459600000,
      "capex": -395900000,
      "gross_margin": 0.19660080968638644,
      "op_margin": 0.08022238391074793,
      "fcf_margin": 0.011884106639801497,
      "incr_op_margin_yoy": 0.07052421146157263,
      "rev_growth_yoy": 0.20189698858667623,
      "rev_growth_yoy_accel": -0.570930084805402,
      "fcf_margin_change": -0.05753694425355693
    },
    {
      "date": "2022-12-31T00:00:00",
      "quarter_label": "2022-12 (Q4)",
      "revenue": 4554800000,
      "gross_profit": 1230500000,
      "operating_income": 551400000,
      "net_income": 318000000,
      "opex": 679100000,
      "cogs": 3324300000,
      "rd": null,
      "sga": null,
      "fcf": 18600000,
      "ocf": 537500000,
      "capex": -518900000,
      "gross_margin": 0.2701545622200755,
      "op_margin": 0.12105910248529024,
      "fcf_margin": 0.004083604109949943,
      "incr_op_margin_yoy": -0.7250789354984213,
      "rev_growth_yoy": -0.16296677447809468,
      "rev_growth_yoy_accel": -0.3648637630647709,
      "fcf_margin_change": -0.007800502529851554
    },
    {
      "date": "2023-03-31T00:00:00",
      "quarter_label": "2023-03 (Q1)",
      "revenue": 4520500000,
      "gross_profit": 1501500000,
      "operating_income": 836700000,
      "net_income": 497000000,
      "opex": 664800000,
      "cogs": 3019000000,
      "rd": null,
      "sga": null,
      "fcf": 694100000,
      "ocf": 1169800000,
      "capex": -475700000,
      "gross_margin": 0.3321535228403938,
      "op_margin": 0.18509014489547618,
      "fcf_margin": 0.15354496184050437,
      "incr_op_margin_yoy": -1.2332421340629276,
      "rev_growth_yoy": -0.08844346756467908,
      "rev_growth_yoy_accel": 0.0745233069134156,
      "fcf_margin_change": 0.1494613577305544
    },
    {
      "date": "2023-06-30T00:00:00",
      "quarter_label": "2023-06 (Q2)",
      "revenue": 3403700000,
      "gross_profit": 1334800000,
      "operating_income": 649100000,
      "net_income": 329300000,
      "opex": 685700000,
      "cogs": 2068900000,
      "rd": null,
      "sga": null,
      "fcf": 78800000,
      "ocf": 676800000,
      "capex": -598000000,
      "gross_margin": 0.39216147134001234,
      "op_margin": 0.1907042336281106,
      "fcf_margin": 0.023151276551987544,
      "incr_op_margin_yoy": -0.0743561705818031,
      "rev_growth_yoy": -0.43794378942501405,
      "rev_growth_yoy_accel": -0.349500321860335,
      "fcf_margin_change": -0.13039368528851683
    },
    {
      "date": "2023-09-30T00:00:00",
      "quarter_label": "2023-09 (Q3)",
      "revenue": 3896600000,
      "gross_profit": 1206600000,
      "operating_income": 505100000,
      "net_income": 220000000,
      "opex": 701500000,
      "cogs": 2690000000,
      "rd": null,
      "sga": null,
      "fcf": -184400000,
      "ocf": 407300000,
      "capex": -591700000,
      "gross_margin": 0.30965457065133706,
      "op_margin": 0.12962582764461325,
      "fcf_margin": -0.04732330749884515,
      "incr_op_margin_yoy": -0.05131533993850359,
      "rev_growth_yoy": -0.27303595082181303,
      "rev_growth_yoy_accel": 0.16490783860320102,
      "op_leverage_ratio": 6.284700789126353,
      "fcf_margin_change": -0.07047458405083269
    },
    {
      "date": "2023-12-31T00:00:00",
      "quarter_label": "2023-12 (Q4)",
      "revenue": 4239500000,
      "gross_profit": 1341000000,
      "operating_income": 635300000,
      "net_income": 299600000,
      "opex": 705700000,
      "cogs": 2898500000,
      "rd": null,
      "sga": null,
      "fcf": 237700000,
      "ocf": 957700000,
      "capex": -720000000,
      "gross_margin": 0.31631088571765537,
      "op_margin": 0.1498525769548296,
      "fcf_margin": 0.05606793253921453,
      "incr_op_margin_yoy": -0.2660957817951158,
      "rev_growth_yoy": -0.06922367612189338,
      "rev_growth_yoy_accel": 0.20381227469991964,
      "op_leverage_ratio": 14.698060946906097,
      "fcf_margin_change": 0.10339124003805968
    },
    {
      "date": "2024-03-31T00:00:00",
      "quarter_label": "2024-03 (Q1)",
      "revenue": 4562400000,
      "gross_profit": 1344400000,
      "operating_income": 639400000,
      "net_income": 275200000,
      "opex": 705000000,
      "cogs": 3218000000,
      "rd": null,
      "sga": null,
      "fcf": 206600000,
      "ocf": 876400000,
      "capex": -669800000,
      "gross_margin": 0.29466947220761003,
      "op_margin": 0.14014553743643696,
      "fcf_margin": 0.04528318428897072,
      "incr_op_margin_yoy": -4.708830548926015,
      "rev_growth_yoy": 0.009268886185156509,
      "rev_growth_yoy_accel": 0.07849256230704989,
      "op_leverage_ratio": Infinity,
      "fcf_margin_change": -0.010784748250243809
    },
    {
      "date": "2024-06-30T00:00:00",
      "quarter_label": "2024-06 (Q2)",
      "revenue": 3562000000,
      "gross_profit": 1364600000,
      "operating_income": 627200000,
      "net_income": 298500000,
      "opex": 737400000,
      "cogs": 2197400000,
      "rd": null,
      "sga": null,
      "fcf": 164200000,
      "ocf": 904500000,
      "capex": -740300000,
      "gross_margin": 0.38309938236945534,
      "op_margin": 0.17608085345311622,
      "fcf_margin": 0.04609769792251544,
      "incr_op_margin_yoy": -0.13834491471888818,
      "rev_growth_yoy": 0.04650821165202574,
      "rev_growth_yoy_accel": 0.03723932546686923,
      "fcf_margin_change": 0.0008145136335447195
    },
    {
      "date": "2024-09-30T00:00:00",
      "quarter_label": "2024-09 (Q3)",
      "revenue": 3851800000,
      "gross_profit": 1486800000,
      "operating_income": 728200000,
      "net_income": 387400000,
      "opex": 758600000,
      "cogs": 2365000000,
      "rd": null,
      "sga": null,
      "fcf": -287900000,
      "ocf": 540900000,
      "capex": -828800000,
      "gross_margin": 0.3860013500181733,
      "op_margin": 0.18905446804091594,
      "fcf_margin": -0.07474427540370736,
      "incr_op_margin_yoy": -4.979910714285714,
      "rev_growth_yoy": -0.011497202689524201,
      "rev_growth_yoy_accel": -0.05800541434154994,
      "op_leverage_ratio": 2.8299042301865605,
      "fcf_margin_change": -0.12084197332622279
    },
    {
      "date": "2024-12-31T00:00:00",
      "quarter_label": "2024-12 (Q4)",
      "revenue": 4405300000,
      "gross_profit": 1482700000,
      "operating_income": 700500000,
      "net_income": 351000000,
      "opex": 782200000,
      "cogs": 2922600000,
      "rd": null,
      "sga": null,
      "fcf": 601000000,
      "ocf": 1327900000,
      "capex": -726900000,
      "gross_margin": 0.3365718566272445,
      "op_margin": 0.1590130070596781,
      "fcf_margin": 0.13642657707761105,
      "incr_op_margin_yoy": 0.39324487334137515,
      "rev_growth_yoy": 0.0391083854228093,
      "rev_growth_yoy_accel": 0.0506055881123335,
      "op_leverage_ratio": 4.619071998915761,
      "fcf_margin_change": 0.2111708524813184
    },
    {
      "date": "2025-03-31T00:00:00",
      "quarter_label": "2025-03 (Q1)",
      "revenue": 4561500000,
      "gross_profit": 1303700000,
      "operating_income": 543300000,
      "net_income": 270500000,
      "opex": 760400000,
      "cogs": 3257800000,
      "rd": null,
      "sga": null,
      "fcf": 162200000,
      "ocf": 954400000,
      "capex": -792200000,
      "gross_margin": 0.2858051079688699,
      "op_margin": 0.11910555738243998,
      "fcf_margin": 0.03555847857064562,
      "rev_growth_yoy": -0.00019726459758022093,
      "rev_growth_yoy_accel": -0.03930565002038952,
      "op_leverage_ratio": Infinity,
      "fcf_margin_change": -0.10086809850696543
    },
    {
      "date": "2025-06-30T00:00:00",
      "quarter_label": "2025-06 (Q2)",
      "revenue": 4260100000,
      "gross_profit": 1824100000,
      "operating_income": 1033600000,
      "net_income": 629100000,
      "opex": 790500000,
      "cogs": 2436000000,
      "rd": null,
      "sga": null,
      "fcf": -47800000,
      "ocf": 858300000,
      "capex": -906100000,
      "gross_margin": 0.42818243703199454,
      "op_margin": 0.24262341259594844,
      "fcf_margin": -0.01122039388746743,
      "incr_op_margin_yoy": 0.5821515542185933,
      "rev_growth_yoy": 0.19598540145985402,
      "rev_growth_yoy_accel": 0.19618266605743423,
      "fcf_margin_change": -0.04677887245811305
    },
    {
      "date": "2025-09-30T00:00:00",
      "quarter_label": "2025-09 (Q3)",
      "revenue": 4151200000,
      "gross_profit": 1644800000,
      "operating_income": 836900000,
      "net_income": 478400000,
      "opex": 807900000,
      "cogs": 2506400000,
      "rd": null,
      "sga": null,
      "fcf": -72600000,
      "ocf": 599200000,
      "capex": -671800000,
      "gross_margin": 0.39622277895548275,
      "op_margin": 0.20160435536712276,
      "fcf_margin": -0.017488918866833687,
      "incr_op_margin_yoy": 0.36305945223780894,
      "rev_growth_yoy": 0.0777298925177839,
      "rev_growth_yoy_accel": -0.11825550894207013,
      "fcf_margin_change": -0.0062685249793662575
    }
  ],
  "signals": [
    {
      "quarter": "2025-09 (Q3)",
      "signal": "YoY REVENUE GROWTH DECELERATION",
      "detail": "YoY growth: +7.8% vs prior quarter YoY: +19.6% (decel: -11.8%)",
      "severity": "WARNING"
    },
    {
      "quarter": "2025-09 (Q3)",
      "signal": "INCREMENTAL MARGIN (YoY)",
      "detail": "YoY Incr OPM: +36.3% vs year-ago OPM: +18.9%",
      "severity": "MEDIUM"
    },
    {
      "quarter": "2025-06 (Q2)",
      "signal": "GROSS MARGIN INFLECTION",
      "detail": "GM: +33.7% -> +28.6% -> +42.8% (reversal +14.2%)",
      "severity": "HIGH"
    },
    {
      "quarter": "2025-06 (Q2)",
      "signal": "YoY REVENUE GROWTH ACCELERATION",
      "detail": "YoY growth: +19.6% vs prior quarter YoY: -0.0% (accel: +19.6%)",
      "severity": "HIGH"
    },
    {
      "quarter": "2025-06 (Q2)",
      "signal": "INCREMENTAL MARGIN (YoY)",
      "detail": "YoY Incr OPM: +58.2% vs year-ago OPM: +17.6%",
      "severity": "HIGH"
    },
    {
      "quarter": "2024-12 (Q4)",
      "signal": "FCF TURNED POSITIVE",
      "detail": "FCF margin: -7.5% -> +13.6%",
      "severity": "HIGH"
    },
    {
      "quarter": "2024-12 (Q4)",
      "signal": "OPERATING LEVERAGE",
      "detail": "Rev growth +14.4% vs OpEx growth +3.1% (leverage: 4.6x)",
      "severity": "MEDIUM"
    },
    {
      "quarter": "2024-12 (Q4)",
      "signal": "YoY REVENUE GROWTH ACCELERATION",
      "detail": "YoY growth: +3.9% vs prior quarter YoY: -1.1% (accel: +5.1%)",
      "severity": "MEDIUM"
    },
    {
      "quarter": "2024-12 (Q4)",
      "signal": "INCREMENTAL MARGIN (YoY)",
      "detail": "YoY Incr OPM: +39.3% vs year-ago OPM: +15.0%",
      "severity": "HIGH"
    },
    {
      "quarter": "2024-09 (Q3)",
      "signal": "OPERATING LEVERAGE",
      "detail": "Rev growth +8.1% vs OpEx growth +2.9% (leverage: 2.8x)",
      "severity": "MEDIUM"
    },
    {
      "quarter": "2024-09 (Q3)",
      "signal": "YoY REVENUE GROWTH DECELERATION",
      "detail": "YoY growth: -1.1% vs prior quarter YoY: +4.7% (decel: -5.8%)",
      "severity": "WARNING"
    },
    {
      "quarter": "2024-06 (Q2)",
      "signal": "GROSS MARGIN INFLECTION",
      "detail": "GM: +31.6% -> +29.5% -> +38.3% (reversal +8.8%)",
      "severity": "HIGH"
    },
    {
      "quarter": "2024-03 (Q1)",
      "signal": "YoY REVENUE GROWTH ACCELERATION",
      "detail": "YoY growth: +0.9% vs prior quarter YoY: -6.9% (accel: +7.8%)",
      "severity": "MEDIUM"
    },
    {
      "quarter": "2023-12 (Q4)",
      "signal": "FCF TURNED POSITIVE",
      "detail": "FCF margin: -4.7% -> +5.6%",
      "severity": "HIGH"
    },
    {
      "quarter": "2023-12 (Q4)",
      "signal": "OPERATING LEVERAGE",
      "detail": "Rev growth +8.8% vs OpEx growth +0.6% (leverage: 14.7x)",
      "severity": "MEDIUM"
    },
    {
      "quarter": "2023-12 (Q4)",
      "signal": "YoY REVENUE GROWTH ACCELERATION",
      "detail": "YoY growth: -6.9% vs prior quarter YoY: -27.3% (accel: +20.4%)",
      "severity": "HIGH"
    },
    {
      "quarter": "2023-09 (Q3)",
      "signal": "OPERATING LEVERAGE",
      "detail": "Rev growth +14.5% vs OpEx growth +2.3% (leverage: 6.3x)",
      "severity": "MEDIUM"
    },
    {
      "quarter": "2023-09 (Q3)",
      "signal": "YoY REVENUE GROWTH ACCELERATION",
      "detail": "YoY growth: -27.3% vs prior quarter YoY: -43.8% (accel: +16.5%)",
      "severity": "HIGH"
    },
    {
      "quarter": "2023-06 (Q2)",
      "signal": "YoY REVENUE GROWTH DECELERATION",
      "detail": "YoY growth: -43.8% vs prior quarter YoY: -8.8% (decel: -35.0%)",
      "severity": "WARNING"
    },
    {
      "quarter": "2023-03 (Q1)",
      "signal": "FCF MARGIN EXPANSION",
      "detail": "FCF margin: +0.4% -> +15.4% (+14.9%)",
      "severity": "MEDIUM"
    },
    {
      "quarter": "2023-03 (Q1)",
      "signal": "YoY REVENUE GROWTH ACCELERATION",
      "detail": "YoY growth: -8.8% vs prior quarter YoY: -16.3% (accel: +7.5%)",
      "severity": "MEDIUM"
    },
    {
      "quarter": "2022-12 (Q4)",
      "signal": "YoY REVENUE GROWTH DECELERATION",
      "detail": "YoY growth: -16.3% vs prior quarter YoY: +20.2% (decel: -36.5%)",
      "severity": "WARNING"
    },
    {
      "quarter": "2022-12 (Q4)",
      "signal": "OP MARGIN TURNED POSITIVE (YoY)",
      "detail": "Op margin: -1.7% (year-ago) -> +12.1%",
      "severity": "HIGH"
    },
    {
      "quarter": "2022-09 (Q3)",
      "signal": "YoY REVENUE GROWTH DECELERATION",
      "detail": "YoY growth: +20.2% vs prior quarter YoY: +77.3% (decel: -57.1%)",
      "severity": "WARNING"
    },
    {
      "quarter": "2022-06 (Q2)",
      "signal": "YoY REVENUE GROWTH ACCELERATION",
      "detail": "YoY growth: +77.3% vs prior quarter YoY: +36.5% (accel: +40.8%)",
      "severity": "HIGH"
    },
    {
      "quarter": "2022-03 (Q1)",
      "signal": "FCF MARGIN EXPANSION",
      "detail": "FCF margin: +5.9% -> +11.0% (+5.1%)",
      "severity": "MEDIUM"
    },
    {
      "quarter": "2022-03 (Q1)",
      "signal": "YoY REVENUE GROWTH DECELERATION",
      "detail": "YoY growth: +36.5% vs prior quarter YoY: +111.5% (decel: -75.0%)",
      "severity": "WARNING"
    },
    {
      "quarter": "2022-03 (Q1)",
      "signal": "OP MARGIN TURNED POSITIVE (QoQ)",
      "detail": "Op margin: -1.7% -> +6.0%",
      "severity": "HIGH"
    },
    {
      "quarter": "2021-09 (Q3)",
      "signal": "OPERATING LEVERAGE",
      "detail": "Rev growth +30.6% vs OpEx growth +3.8% (leverage: 8.1x)",
      "severity": "MEDIUM"
    }
  ],
  "data_quality": {
    "n_quarters": 20,
    "coverage": {
      "revenue": [
        20,
        20
      ],
      "gross_profit": [
        20,
        20
      ],
      "op_income": [
        20,
        20
      ],
      "fcf": [
        20,
        20
      ]
    },
    "gaps": [],
    "warnings": []
  },
  "market_cap": null,
  "source": "SEC EDGAR",
  "last_updated": "2026-02-02T20:02:21.190536"
}