{
  "ticker": "TRIP",
  "name": "TRIPADVISOR, INC.",
  "quarters": [
    {
      "date": "2020-12-31T00:00:00",
      "quarter_label": "2020-12 (Q4)",
      "revenue": 116000000,
      "gross_profit": 103000000,
      "operating_income": -92000000,
      "net_income": -72000000,
      "opex": 208000000,
      "cogs": 13000000,
      "rd": null,
      "sga": null,
      "fcf": -23000000,
      "ocf": -14000000,
      "capex": -9000000,
      "gross_margin": 0.8879310344827587,
      "op_margin": -0.7931034482758621,
      "fcf_margin": -0.19827586206896552
    },
    {
      "date": "2021-03-31T00:00:00",
      "quarter_label": "2021-03 (Q1)",
      "revenue": 123000000,
      "gross_profit": 111000000,
      "operating_income": -84000000,
      "net_income": -80000000,
      "opex": 207000000,
      "cogs": 12000000,
      "rd": null,
      "sga": null,
      "fcf": -29000000,
      "ocf": -19000000,
      "capex": -10000000,
      "gross_margin": 0.9024390243902439,
      "op_margin": -0.6829268292682927,
      "fcf_margin": -0.23577235772357724,
      "op_leverage_ratio": Infinity,
      "fcf_margin_change": -0.03749649565461172
    },
    {
      "date": "2021-06-30T00:00:00",
      "quarter_label": "2021-06 (Q2)",
      "revenue": 235000000,
      "gross_profit": 216000000,
      "operating_income": -35000000,
      "net_income": -40000000,
      "opex": 270000000,
      "cogs": 19000000,
      "rd": null,
      "sga": null,
      "fcf": 110000000,
      "ocf": 125000000,
      "capex": -15000000,
      "gross_margin": 0.9191489361702128,
      "op_margin": -0.14893617021276595,
      "fcf_margin": 0.46808510638297873,
      "op_leverage_ratio": 2.991869918699187,
      "fcf_margin_change": 0.703857464106556
    },
    {
      "date": "2021-09-30T00:00:00",
      "quarter_label": "2021-09 (Q3)",
      "revenue": 303000000,
      "gross_profit": 280000000,
      "operating_income": 16000000,
      "net_income": 1000000,
      "opex": 287000000,
      "cogs": 23000000,
      "rd": null,
      "sga": null,
      "fcf": -78000000,
      "ocf": -63000000,
      "capex": -15000000,
      "gross_margin": 0.9240924092409241,
      "op_margin": 0.052805280528052806,
      "fcf_margin": -0.25742574257425743,
      "op_leverage_ratio": 4.595744680851064,
      "fcf_margin_change": -0.7255108489572362
    },
    {
      "date": "2021-12-31T00:00:00",
      "quarter_label": "2021-12 (Q4)",
      "revenue": 241000000,
      "gross_profit": 221000000,
      "operating_income": -28000000,
      "net_income": -29000000,
      "opex": 269000000,
      "cogs": 20000000,
      "rd": null,
      "sga": null,
      "fcf": 65000000,
      "ocf": 65000000,
      "capex": null,
      "gross_margin": 0.91701244813278,
      "op_margin": -0.11618257261410789,
      "fcf_margin": 0.2697095435684647,
      "incr_op_margin_yoy": 0.512,
      "rev_growth_yoy": 1.0775862068965518,
      "fcf_margin_change": 0.5271352861427221
    },
    {
      "date": "2022-03-31T00:00:00",
      "quarter_label": "2022-03 (Q1)",
      "revenue": 262000000,
      "gross_profit": 240000000,
      "operating_income": -20000000,
      "net_income": -34000000,
      "opex": 282000000,
      "cogs": 22000000,
      "rd": null,
      "sga": null,
      "fcf": 86000000,
      "ocf": 86000000,
      "capex": null,
      "gross_margin": 0.916030534351145,
      "op_margin": -0.07633587786259542,
      "fcf_margin": 0.3282442748091603,
      "incr_op_margin_yoy": 0.460431654676259,
      "rev_growth_yoy": 1.1300813008130082,
      "rev_growth_yoy_accel": 0.05249509391645635,
      "op_leverage_ratio": 1.803064155761251,
      "fcf_margin_change": 0.05853473124069558
    },
    {
      "date": "2022-06-30T00:00:00",
      "quarter_label": "2022-06 (Q2)",
      "revenue": 417000000,
      "gross_profit": 386000000,
      "operating_income": 63000000,
      "net_income": 31000000,
      "opex": 354000000,
      "cogs": 31000000,
      "rd": null,
      "sga": null,
      "fcf": 294000000,
      "ocf": 294000000,
      "capex": null,
      "gross_margin": 0.9256594724220624,
      "op_margin": 0.1510791366906475,
      "fcf_margin": 0.7050359712230215,
      "incr_op_margin_yoy": 0.5384615384615384,
      "rev_growth_yoy": 0.774468085106383,
      "rev_growth_yoy_accel": -0.3556132157066252,
      "op_leverage_ratio": 2.317111959287532,
      "fcf_margin_change": 0.37679169641386123
    },
    {
      "date": "2022-09-30T00:00:00",
      "quarter_label": "2022-09 (Q3)",
      "revenue": 459000000,
      "gross_profit": 427000000,
      "operating_income": 70000000,
      "net_income": 25000000,
      "opex": 389000000,
      "cogs": 32000000,
      "rd": null,
      "sga": null,
      "fcf": 60000000,
      "ocf": 60000000,
      "capex": null,
      "gross_margin": 0.9302832244008714,
      "op_margin": 0.15250544662309368,
      "fcf_margin": 0.13071895424836602,
      "incr_op_margin_yoy": 0.34615384615384615,
      "rev_growth_yoy": 0.5148514851485149,
      "rev_growth_yoy_accel": -0.2596165999578681,
      "op_leverage_ratio": 1.0187050359712229,
      "fcf_margin_change": -0.5743170169746555
    },
    {
      "date": "2022-12-31T00:00:00",
      "quarter_label": "2022-12 (Q4)",
      "revenue": 354000000,
      "gross_profit": 361000000,
      "operating_income": -12000000,
      "net_income": -2000000,
      "opex": 366000000,
      "cogs": -7000000,
      "rd": null,
      "sga": null,
      "fcf": -40000000,
      "ocf": -40000000,
      "capex": null,
      "gross_margin": 1.0197740112994351,
      "op_margin": -0.03389830508474576,
      "fcf_margin": -0.11299435028248588,
      "incr_op_margin_yoy": 0.1415929203539823,
      "rev_growth_yoy": 0.46887966804979253,
      "rev_growth_yoy_accel": -0.045971817098722334,
      "fcf_margin_change": -0.24371330453085188
    },
    {
      "date": "2023-03-31T00:00:00",
      "quarter_label": "2023-03 (Q1)",
      "revenue": 371000000,
      "gross_profit": 342000000,
      "operating_income": -14000000,
      "net_income": -73000000,
      "opex": 385000000,
      "cogs": 29000000,
      "rd": null,
      "sga": null,
      "fcf": 135000000,
      "ocf": 135000000,
      "capex": null,
      "gross_margin": 0.921832884097035,
      "op_margin": -0.03773584905660377,
      "fcf_margin": 0.3638814016172507,
      "incr_op_margin_yoy": 0.05504587155963303,
      "rev_growth_yoy": 0.41603053435114506,
      "rev_growth_yoy_accel": -0.052849133698647466,
      "op_leverage_ratio": 0.9250669045495094,
      "fcf_margin_change": 0.4768757518997366
    },
    {
      "date": "2023-06-30T00:00:00",
      "quarter_label": "2023-06 (Q2)",
      "revenue": 494000000,
      "gross_profit": 453000000,
      "operating_income": 44000000,
      "net_income": 24000000,
      "opex": 450000000,
      "cogs": 41000000,
      "rd": null,
      "sga": null,
      "fcf": 105000000,
      "ocf": 105000000,
      "capex": null,
      "gross_margin": 0.917004048582996,
      "op_margin": 0.08906882591093117,
      "fcf_margin": 0.2125506072874494,
      "incr_op_margin_yoy": -0.24675324675324675,
      "rev_growth_yoy": 0.18465227817745802,
      "rev_growth_yoy_accel": -0.23137825617368704,
      "op_leverage_ratio": 1.9637155297532656,
      "fcf_margin_change": -0.1513307943298013
    },
    {
      "date": "2023-09-30T00:00:00",
      "quarter_label": "2023-09 (Q3)",
      "revenue": 533000000,
      "gross_profit": 490000000,
      "operating_income": 64000000,
      "net_income": 27000000,
      "opex": 469000000,
      "cogs": 43000000,
      "rd": null,
      "sga": null,
      "fcf": 14000000,
      "ocf": 14000000,
      "capex": null,
      "gross_margin": 0.9193245778611632,
      "op_margin": 0.1200750469043152,
      "fcf_margin": 0.02626641651031895,
      "incr_op_margin_yoy": -0.08108108108108109,
      "rev_growth_yoy": 0.16122004357298475,
      "rev_growth_yoy_accel": -0.023432234604473273,
      "op_leverage_ratio": 1.8698060941828254,
      "fcf_margin_change": -0.18628419077713046
    },
    {
      "date": "2023-12-31T00:00:00",
      "quarter_label": "2023-12 (Q4)",
      "revenue": 390000000,
      "gross_profit": 384000000,
      "operating_income": 32000000,
      "net_income": 32000000,
      "opex": 358000000,
      "cogs": 6000000,
      "rd": null,
      "sga": null,
      "fcf": -19000000,
      "ocf": -19000000,
      "capex": null,
      "gross_margin": 0.9846153846153847,
      "op_margin": 0.08205128205128205,
      "fcf_margin": -0.04871794871794872,
      "incr_op_margin_yoy": 1.2222222222222223,
      "rev_growth_yoy": 0.1016949152542373,
      "rev_growth_yoy_accel": -0.059525128318747456,
      "fcf_margin_change": -0.07498436522826767
    },
    {
      "date": "2024-03-31T00:00:00",
      "quarter_label": "2024-03 (Q1)",
      "revenue": 395000000,
      "gross_profit": 370000000,
      "operating_income": -15000000,
      "net_income": -59000000,
      "opex": 410000000,
      "cogs": 25000000,
      "rd": null,
      "sga": null,
      "fcf": 139000000,
      "ocf": 139000000,
      "capex": null,
      "gross_margin": 0.9367088607594937,
      "op_margin": -0.0379746835443038,
      "fcf_margin": 0.3518987341772152,
      "incr_op_margin_yoy": -0.041666666666666664,
      "rev_growth_yoy": 0.0646900269541779,
      "rev_growth_yoy_accel": -0.037004888300059394,
      "op_leverage_ratio": 0.08826429980276133,
      "fcf_margin_change": 0.4006166828951639
    },
    {
      "date": "2024-06-30T00:00:00",
      "quarter_label": "2024-06 (Q2)",
      "revenue": 497000000,
      "gross_profit": 461000000,
      "operating_income": 36000000,
      "net_income": 24000000,
      "opex": 461000000,
      "cogs": 36000000,
      "rd": null,
      "sga": null,
      "fcf": 51000000,
      "ocf": 51000000,
      "capex": null,
      "gross_margin": 0.9275653923541247,
      "op_margin": 0.07243460764587525,
      "fcf_margin": 0.10261569416498995,
      "incr_op_margin_yoy": -2.6666666666666665,
      "rev_growth_yoy": 0.006072874493927126,
      "rev_growth_yoy_accel": -0.058617152460250774,
      "op_leverage_ratio": 2.0759493670886076,
      "fcf_margin_change": -0.24928304001222523
    },
    {
      "date": "2024-09-30T00:00:00",
      "quarter_label": "2024-09 (Q3)",
      "revenue": 532000000,
      "gross_profit": 492000000,
      "operating_income": 70000000,
      "net_income": 39000000,
      "opex": 462000000,
      "cogs": 40000000,
      "rd": null,
      "sga": null,
      "fcf": -43000000,
      "ocf": -43000000,
      "capex": null,
      "gross_margin": 0.924812030075188,
      "op_margin": 0.13157894736842105,
      "fcf_margin": -0.08082706766917293,
      "rev_growth_yoy": -0.001876172607879925,
      "rev_growth_yoy_accel": -0.00794904710180705,
      "op_leverage_ratio": 32.46478873239437,
      "fcf_margin_change": -0.18344276183416286
    },
    {
      "date": "2024-12-31T00:00:00",
      "quarter_label": "2024-12 (Q4)",
      "revenue": 411000000,
      "gross_profit": 383000000,
      "operating_income": 0,
      "net_income": 1000000,
      "opex": 411000000,
      "cogs": 28000000,
      "rd": null,
      "sga": null,
      "fcf": -3000000,
      "ocf": -3000000,
      "capex": null,
      "gross_margin": 0.9318734793187348,
      "op_margin": 0.0,
      "fcf_margin": -0.0072992700729927005,
      "incr_op_margin_yoy": -1.5238095238095237,
      "rev_growth_yoy": 0.05384615384615385,
      "rev_growth_yoy_accel": 0.05572232645403377,
      "fcf_margin_change": 0.07352779759618022
    },
    {
      "date": "2025-03-31T00:00:00",
      "quarter_label": "2025-03 (Q1)",
      "revenue": 398000000,
      "gross_profit": 371000000,
      "operating_income": -15000000,
      "net_income": -11000000,
      "opex": 413000000,
      "cogs": 27000000,
      "rd": null,
      "sga": null,
      "fcf": 102000000,
      "ocf": 102000000,
      "capex": null,
      "gross_margin": 0.9321608040201005,
      "op_margin": -0.03768844221105527,
      "fcf_margin": 0.2562814070351759,
      "incr_op_margin_yoy": 0.0,
      "rev_growth_yoy": 0.007594936708860759,
      "rev_growth_yoy_accel": -0.04625121713729309,
      "fcf_margin_change": 0.26358067710816857
    },
    {
      "date": "2025-06-30T00:00:00",
      "quarter_label": "2025-06 (Q2)",
      "revenue": 529000000,
      "gross_profit": 487000000,
      "operating_income": 59000000,
      "net_income": 36000000,
      "opex": 470000000,
      "cogs": 42000000,
      "rd": null,
      "sga": null,
      "fcf": 202000000,
      "ocf": 202000000,
      "capex": null,
      "gross_margin": 0.9206049149338374,
      "op_margin": 0.11153119092627599,
      "fcf_margin": 0.3818525519848771,
      "incr_op_margin_yoy": 0.71875,
      "rev_growth_yoy": 0.06438631790744467,
      "rev_growth_yoy_accel": 0.056791381198583915,
      "op_leverage_ratio": 2.38486291104646,
      "fcf_margin_change": 0.12557114494970123
    },
    {
      "date": "2025-09-30T00:00:00",
      "quarter_label": "2025-09 (Q3)",
      "revenue": 553000000,
      "gross_profit": 512000000,
      "operating_income": 70000000,
      "net_income": 53000000,
      "opex": 483000000,
      "cogs": 41000000,
      "rd": null,
      "sga": null,
      "fcf": 44000000,
      "ocf": 44000000,
      "capex": null,
      "gross_margin": 0.9258589511754068,
      "op_margin": 0.12658227848101267,
      "fcf_margin": 0.07956600361663653,
      "incr_op_margin_yoy": 0.0,
      "rev_growth_yoy": 0.039473684210526314,
      "rev_growth_yoy_accel": -0.02491263369691836,
      "op_leverage_ratio": 1.640250109059183,
      "fcf_margin_change": -0.3022865483682406
    }
  ],
  "signals": [
    {
      "quarter": "2025-09 (Q3)",
      "signal": "OPERATING LEVERAGE",
      "detail": "Rev growth +4.5% vs OpEx growth +2.8% (leverage: 1.6x)",
      "severity": "MEDIUM"
    },
    {
      "quarter": "2025-06 (Q2)",
      "signal": "FCF MARGIN EXPANSION",
      "detail": "FCF margin: +25.6% -> +38.2% (+12.6%)",
      "severity": "MEDIUM"
    },
    {
      "quarter": "2025-06 (Q2)",
      "signal": "OPERATING LEVERAGE",
      "detail": "Rev growth +32.9% vs OpEx growth +13.8% (leverage: 2.4x)",
      "severity": "MEDIUM"
    },
    {
      "quarter": "2025-06 (Q2)",
      "signal": "YoY REVENUE GROWTH ACCELERATION",
      "detail": "YoY growth: +6.4% vs prior quarter YoY: +0.8% (accel: +5.7%)",
      "severity": "MEDIUM"
    },
    {
      "quarter": "2025-06 (Q2)",
      "signal": "INCREMENTAL MARGIN (YoY)",
      "detail": "YoY Incr OPM: +71.9% vs year-ago OPM: +7.2%",
      "severity": "HIGH"
    },
    {
      "quarter": "2025-06 (Q2)",
      "signal": "OP MARGIN TURNED POSITIVE (QoQ)",
      "detail": "Op margin: -3.8% -> +11.2%",
      "severity": "HIGH"
    },
    {
      "quarter": "2025-03 (Q1)",
      "signal": "FCF TURNED POSITIVE",
      "detail": "FCF margin: -0.7% -> +25.6%",
      "severity": "HIGH"
    },
    {
      "quarter": "2024-12 (Q4)",
      "signal": "FCF MARGIN EXPANSION",
      "detail": "FCF margin: -8.1% -> -0.7% (+7.4%)",
      "severity": "MEDIUM"
    },
    {
      "quarter": "2024-12 (Q4)",
      "signal": "YoY REVENUE GROWTH ACCELERATION",
      "detail": "YoY growth: +5.4% vs prior quarter YoY: -0.2% (accel: +5.6%)",
      "severity": "MEDIUM"
    },
    {
      "quarter": "2024-09 (Q3)",
      "signal": "OPERATING LEVERAGE",
      "detail": "Rev growth +7.0% vs OpEx growth +0.2% (leverage: 32.5x)",
      "severity": "MEDIUM"
    },
    {
      "quarter": "2024-06 (Q2)",
      "signal": "OPERATING LEVERAGE",
      "detail": "Rev growth +25.8% vs OpEx growth +12.4% (leverage: 2.1x)",
      "severity": "MEDIUM"
    },
    {
      "quarter": "2024-06 (Q2)",
      "signal": "YoY REVENUE GROWTH DECELERATION",
      "detail": "YoY growth: +0.6% vs prior quarter YoY: +6.5% (decel: -5.9%)",
      "severity": "WARNING"
    },
    {
      "quarter": "2024-06 (Q2)",
      "signal": "OP MARGIN TURNED POSITIVE (QoQ)",
      "detail": "Op margin: -3.8% -> +7.2%",
      "severity": "HIGH"
    },
    {
      "quarter": "2024-03 (Q1)",
      "signal": "FCF TURNED POSITIVE",
      "detail": "FCF margin: -4.9% -> +35.2%",
      "severity": "HIGH"
    },
    {
      "quarter": "2023-12 (Q4)",
      "signal": "YoY REVENUE GROWTH DECELERATION",
      "detail": "YoY growth: +10.2% vs prior quarter YoY: +16.1% (decel: -6.0%)",
      "severity": "WARNING"
    },
    {
      "quarter": "2023-12 (Q4)",
      "signal": "OP MARGIN TURNED POSITIVE (YoY)",
      "detail": "Op margin: -3.4% (year-ago) -> +8.2%",
      "severity": "HIGH"
    },
    {
      "quarter": "2023-09 (Q3)",
      "signal": "OPERATING LEVERAGE",
      "detail": "Rev growth +7.9% vs OpEx growth +4.2% (leverage: 1.9x)",
      "severity": "MEDIUM"
    },
    {
      "quarter": "2023-06 (Q2)",
      "signal": "OPERATING LEVERAGE",
      "detail": "Rev growth +33.2% vs OpEx growth +16.9% (leverage: 2.0x)",
      "severity": "MEDIUM"
    },
    {
      "quarter": "2023-06 (Q2)",
      "signal": "YoY REVENUE GROWTH DECELERATION",
      "detail": "YoY growth: +18.5% vs prior quarter YoY: +41.6% (decel: -23.1%)",
      "severity": "WARNING"
    },
    {
      "quarter": "2023-06 (Q2)",
      "signal": "OP MARGIN TURNED POSITIVE (QoQ)",
      "detail": "Op margin: -3.8% -> +8.9%",
      "severity": "HIGH"
    },
    {
      "quarter": "2023-03 (Q1)",
      "signal": "FCF TURNED POSITIVE",
      "detail": "FCF margin: -11.3% -> +36.4%",
      "severity": "HIGH"
    },
    {
      "quarter": "2023-03 (Q1)",
      "signal": "YoY REVENUE GROWTH DECELERATION",
      "detail": "YoY growth: +41.6% vs prior quarter YoY: +46.9% (decel: -5.3%)",
      "severity": "WARNING"
    },
    {
      "quarter": "2022-09 (Q3)",
      "signal": "YoY REVENUE GROWTH DECELERATION",
      "detail": "YoY growth: +51.5% vs prior quarter YoY: +77.4% (decel: -26.0%)",
      "severity": "WARNING"
    },
    {
      "quarter": "2022-09 (Q3)",
      "signal": "INCREMENTAL MARGIN (YoY)",
      "detail": "YoY Incr OPM: +34.6% vs year-ago OPM: +5.3%",
      "severity": "HIGH"
    },
    {
      "quarter": "2022-06 (Q2)",
      "signal": "FCF MARGIN EXPANSION",
      "detail": "FCF margin: +32.8% -> +70.5% (+37.7%)",
      "severity": "MEDIUM"
    },
    {
      "quarter": "2022-06 (Q2)",
      "signal": "OPERATING LEVERAGE",
      "detail": "Rev growth +59.2% vs OpEx growth +25.5% (leverage: 2.3x)",
      "severity": "MEDIUM"
    },
    {
      "quarter": "2022-06 (Q2)",
      "signal": "YoY REVENUE GROWTH DECELERATION",
      "detail": "YoY growth: +77.4% vs prior quarter YoY: +113.0% (decel: -35.6%)",
      "severity": "WARNING"
    },
    {
      "quarter": "2022-06 (Q2)",
      "signal": "OP MARGIN TURNED POSITIVE (YoY)",
      "detail": "Op margin: -14.9% (year-ago) -> +15.1%",
      "severity": "HIGH"
    },
    {
      "quarter": "2022-06 (Q2)",
      "signal": "OP MARGIN TURNED POSITIVE (QoQ)",
      "detail": "Op margin: -7.6% -> +15.1%",
      "severity": "HIGH"
    },
    {
      "quarter": "2022-03 (Q1)",
      "signal": "FCF MARGIN EXPANSION",
      "detail": "FCF margin: +27.0% -> +32.8% (+5.9%)",
      "severity": "MEDIUM"
    },
    {
      "quarter": "2022-03 (Q1)",
      "signal": "OPERATING LEVERAGE",
      "detail": "Rev growth +8.7% vs OpEx growth +4.8% (leverage: 1.8x)",
      "severity": "MEDIUM"
    },
    {
      "quarter": "2022-03 (Q1)",
      "signal": "YoY REVENUE GROWTH ACCELERATION",
      "detail": "YoY growth: +113.0% vs prior quarter YoY: +107.8% (accel: +5.2%)",
      "severity": "MEDIUM"
    },
    {
      "quarter": "2021-12 (Q4)",
      "signal": "FCF TURNED POSITIVE",
      "detail": "FCF margin: -25.7% -> +27.0%",
      "severity": "HIGH"
    },
    {
      "quarter": "2021-09 (Q3)",
      "signal": "OPERATING LEVERAGE",
      "detail": "Rev growth +28.9% vs OpEx growth +6.3% (leverage: 4.6x)",
      "severity": "MEDIUM"
    },
    {
      "quarter": "2021-09 (Q3)",
      "signal": "OP MARGIN TURNED POSITIVE (QoQ)",
      "detail": "Op margin: -14.9% -> +5.3%",
      "severity": "HIGH"
    },
    {
      "quarter": "2021-06 (Q2)",
      "signal": "FCF TURNED POSITIVE",
      "detail": "FCF margin: -23.6% -> +46.8%",
      "severity": "HIGH"
    },
    {
      "quarter": "2021-06 (Q2)",
      "signal": "OPERATING LEVERAGE",
      "detail": "Rev growth +91.1% vs OpEx growth +30.4% (leverage: 3.0x)",
      "severity": "MEDIUM"
    }
  ],
  "data_quality": {
    "n_quarters": 20,
    "coverage": {
      "revenue": [
        20,
        20
      ],
      "gross_profit": [
        20,
        20
      ],
      "op_income": [
        20,
        20
      ],
      "fcf": [
        20,
        20
      ]
    },
    "gaps": [],
    "warnings": []
  },
  "market_cap": null,
  "source": "SEC EDGAR",
  "last_updated": "2026-02-02T21:47:34.056027"
}