{
  "ticker": "TRMB",
  "name": "TRIMBLE INC.",
  "quarters": [
    {
      "date": "2021-01-01T00:00:00",
      "quarter_label": "2021-01 (Q1)",
      "revenue": 830000000,
      "gross_profit": 468500000,
      "operating_income": 121900000,
      "net_income": 180300000,
      "opex": 346600000,
      "cogs": 361200000,
      "rd": 125800000,
      "sga": null,
      "fcf": 176600000,
      "ocf": 188300000,
      "capex": -11700000,
      "gross_margin": 0.5644578313253013,
      "op_margin": 0.14686746987951807,
      "fcf_margin": 0.2127710843373494
    },
    {
      "date": "2021-04-02T00:00:00",
      "quarter_label": "2021-04 (Q2)",
      "revenue": 886700000,
      "gross_profit": 493300000,
      "operating_income": 140900000,
      "net_income": 114500000,
      "opex": 352400000,
      "cogs": 393200000,
      "rd": 129400000,
      "sga": null,
      "fcf": 217600000,
      "ocf": 228200000,
      "capex": -10600000,
      "gross_margin": 0.5563324687041841,
      "op_margin": 0.15890380060899967,
      "fcf_margin": 0.24540430810871772,
      "op_leverage_ratio": 4.082305774823431,
      "fcf_margin_change": 0.03263322377136832
    },
    {
      "date": "2021-07-02T00:00:00",
      "quarter_label": "2021-07 (Q3)",
      "revenue": 945300000,
      "gross_profit": 525400000,
      "operating_income": 144800000,
      "net_income": 138900000,
      "opex": 380600000,
      "cogs": 419800000,
      "rd": 138300000,
      "sga": null,
      "fcf": 189800000,
      "ocf": 200600000,
      "capex": -10800000,
      "gross_margin": 0.5558023907754153,
      "op_margin": 0.15317888501004973,
      "fcf_margin": 0.20078282026869776,
      "op_leverage_ratio": 0.8258624095878655,
      "fcf_margin_change": -0.04462148784001996
    },
    {
      "date": "2021-10-01T00:00:00",
      "quarter_label": "2021-10 (Q4)",
      "revenue": 901400000,
      "gross_profit": 504500000,
      "operating_income": 147500000,
      "net_income": 124000000,
      "opex": 357000000,
      "cogs": 396900000,
      "rd": 132500000,
      "sga": null,
      "fcf": 156400000,
      "ocf": 166400000,
      "capex": -10000000,
      "gross_margin": 0.5596849345462613,
      "op_margin": 0.1636343465719991,
      "fcf_margin": 0.17350787663634346,
      "fcf_margin_change": -0.027274943632354304
    },
    {
      "date": "2021-12-31T00:00:00",
      "quarter_label": "2021-12 (Q4)",
      "revenue": 926000000,
      "gross_profit": 511500000,
      "operating_income": 127800000,
      "net_income": 115300000,
      "opex": 383700000,
      "cogs": 414500000,
      "rd": 136400000,
      "sga": null,
      "fcf": 140600000,
      "ocf": 155300000,
      "capex": -14700000,
      "gross_margin": 0.5523758099352052,
      "op_margin": 0.13801295896328294,
      "fcf_margin": 0.15183585313174947,
      "incr_op_margin_yoy": 0.06145833333333333,
      "rev_growth_yoy": 0.11566265060240964,
      "op_leverage_ratio": 0.3649005417290956,
      "fcf_margin_change": -0.02167202350459399
    },
    {
      "date": "2022-04-01T00:00:00",
      "quarter_label": "2022-04 (Q2)",
      "revenue": 993700000,
      "gross_profit": 549600000,
      "operating_income": 156900000,
      "net_income": 110300000,
      "opex": 392700000,
      "cogs": 444100000,
      "rd": 140300000,
      "sga": null,
      "fcf": 138500000,
      "ocf": 153000000,
      "capex": -14500000,
      "gross_margin": 0.5530844319211029,
      "op_margin": 0.15789473684210525,
      "fcf_margin": 0.13937808191607126,
      "incr_op_margin_yoy": 0.14953271028037382,
      "rev_growth_yoy": 0.120672155182136,
      "rev_growth_yoy_accel": 0.005009504579726362,
      "op_leverage_ratio": 3.1169294456443484,
      "fcf_margin_change": -0.012457771215678204
    },
    {
      "date": "2022-07-01T00:00:00",
      "quarter_label": "2022-07 (Q3)",
      "revenue": 941200000,
      "gross_profit": 537500000,
      "operating_income": 134900000,
      "net_income": 168000000,
      "opex": 402600000,
      "cogs": 403700000,
      "rd": 140100000,
      "sga": null,
      "fcf": 34800000,
      "ocf": 48800000,
      "capex": -14000000,
      "gross_margin": 0.5710794730131746,
      "op_margin": 0.14332766680832978,
      "fcf_margin": 0.0369740756481088,
      "incr_op_margin_yoy": 2.4146341463414633,
      "rev_growth_yoy": -0.004337247434676822,
      "rev_growth_yoy_accel": -0.12500940261681281,
      "fcf_margin_change": -0.10240400626796246
    },
    {
      "date": "2022-09-30T00:00:00",
      "quarter_label": "2022-09 (Q3)",
      "revenue": 884900000,
      "gross_profit": 515400000,
      "operating_income": 122400000,
      "net_income": 85800000,
      "opex": 393000000,
      "cogs": 369500000,
      "rd": 127000000,
      "sga": null,
      "fcf": 75200000,
      "ocf": 83300000,
      "capex": -8100000,
      "gross_margin": 0.5824386936376992,
      "op_margin": 0.13832071420499492,
      "fcf_margin": 0.084981353825291,
      "incr_op_margin_yoy": 1.5212121212121212,
      "rev_growth_yoy": -0.01830485910805414,
      "rev_growth_yoy_accel": -0.013967611673377317,
      "fcf_margin_change": 0.0480072781771822
    },
    {
      "date": "2022-12-30T00:00:00",
      "quarter_label": "2022-12 (Q4)",
      "revenue": 856500000,
      "gross_profit": 503100000,
      "operating_income": 96700000,
      "net_income": 85600000,
      "opex": 406400000,
      "cogs": 353400000,
      "rd": 134700000,
      "sga": null,
      "fcf": 99500000,
      "ocf": 106100000,
      "capex": -6600000,
      "gross_margin": 0.5873905429071804,
      "op_margin": 0.11290134267367193,
      "fcf_margin": 0.11617046117921774,
      "incr_op_margin_yoy": 0.4474820143884892,
      "rev_growth_yoy": -0.07505399568034557,
      "rev_growth_yoy_accel": -0.05674913657229143,
      "fcf_margin_change": 0.031189107353926743
    },
    {
      "date": "2023-03-31T00:00:00",
      "quarter_label": "2023-03 (Q1)",
      "revenue": 915400000,
      "gross_profit": 560800000,
      "operating_income": 137000000,
      "net_income": 128800000,
      "opex": 423800000,
      "cogs": 354600000,
      "rd": 159300000,
      "sga": null,
      "fcf": 202300000,
      "ocf": 208700000,
      "capex": -6400000,
      "gross_margin": 0.6126283591872406,
      "op_margin": 0.1496613502294079,
      "fcf_margin": 0.22099628577670963,
      "incr_op_margin_yoy": 0.2541507024265645,
      "rev_growth_yoy": -0.0787964174298078,
      "rev_growth_yoy_accel": -0.003742421749462224,
      "op_leverage_ratio": 1.6061732122846926,
      "fcf_margin_change": 0.10482582459749189
    },
    {
      "date": "2023-06-30T00:00:00",
      "quarter_label": "2023-06 (Q2)",
      "revenue": 993600000,
      "gross_profit": 604500000,
      "operating_income": 93600000,
      "net_income": 44600000,
      "opex": 510900000,
      "cogs": 389100000,
      "rd": 174800000,
      "sga": null,
      "fcf": 129800000,
      "ocf": 142400000,
      "capex": -12600000,
      "gross_margin": 0.6083937198067633,
      "op_margin": 0.09420289855072464,
      "fcf_margin": 0.13063607085346216,
      "incr_op_margin_yoy": -0.7881679389312977,
      "rev_growth_yoy": 0.055673608159796,
      "rev_growth_yoy_accel": 0.1344700255896038,
      "op_leverage_ratio": 0.41566039150978773,
      "fcf_margin_change": -0.09036021492324747
    },
    {
      "date": "2023-09-29T00:00:00",
      "quarter_label": "2023-09 (Q3)",
      "revenue": 957300000,
      "gross_profit": 590200000,
      "operating_income": 121300000,
      "net_income": 74900000,
      "opex": 468900000,
      "cogs": 367100000,
      "rd": 162500000,
      "sga": null,
      "fcf": 133900000,
      "ocf": 147100000,
      "capex": -13200000,
      "gross_margin": 0.6165256450433511,
      "op_margin": 0.12671054006058707,
      "fcf_margin": 0.1398725582367074,
      "incr_op_margin_yoy": -0.015193370165745856,
      "rev_growth_yoy": 0.08181715448073229,
      "rev_growth_yoy_accel": 0.026143546320936288,
      "fcf_margin_change": 0.009236487383245257
    },
    {
      "date": "2023-12-29T00:00:00",
      "quarter_label": "2023-12 (Q4)",
      "revenue": 932400000,
      "gross_profit": 577300000,
      "operating_income": 96900000,
      "net_income": 63000000,
      "opex": 480400000,
      "cogs": 355100000,
      "rd": 167700000,
      "sga": null,
      "fcf": 89100000,
      "ocf": 98900000,
      "capex": -9800000,
      "gross_margin": 0.6191548691548692,
      "op_margin": 0.10392535392535393,
      "fcf_margin": 0.09555984555984556,
      "incr_op_margin_yoy": 0.002635046113306983,
      "rev_growth_yoy": 0.08861646234676007,
      "rev_growth_yoy_accel": 0.006799307866027782,
      "fcf_margin_change": -0.04431271267686185
    },
    {
      "date": "2024-03-29T00:00:00",
      "quarter_label": "2024-03 (Q1)",
      "revenue": 953300000,
      "gross_profit": 593600000,
      "operating_income": 109200000,
      "net_income": 57200000,
      "opex": 484400000,
      "cogs": 359700000,
      "rd": 170200000,
      "sga": null,
      "fcf": 227000000,
      "ocf": 233800000,
      "capex": -6800000,
      "gross_margin": 0.6226791146543585,
      "op_margin": 0.11454945977132068,
      "fcf_margin": 0.23812021399349628,
      "incr_op_margin_yoy": -0.7335092348284961,
      "rev_growth_yoy": 0.04140266550142015,
      "rev_growth_yoy_accel": -0.047213796845339925,
      "op_leverage_ratio": 2.692074217074217,
      "fcf_margin_change": 0.14256036843365072
    },
    {
      "date": "2024-06-28T00:00:00",
      "quarter_label": "2024-06 (Q2)",
      "revenue": 870800000,
      "gross_profit": 545900000,
      "operating_income": 61600000,
      "net_income": 1316400000,
      "opex": 484300000,
      "cogs": 324900000,
      "rd": 161500000,
      "sga": null,
      "fcf": 73300000,
      "ocf": 87600000,
      "capex": -14300000,
      "gross_margin": 0.6268948093706936,
      "op_margin": 0.0707395498392283,
      "fcf_margin": 0.08417547083141938,
      "incr_op_margin_yoy": 0.26058631921824105,
      "rev_growth_yoy": -0.12359098228663445,
      "rev_growth_yoy_accel": -0.1649936477880546,
      "fcf_margin_change": -0.1539447431620769
    },
    {
      "date": "2024-09-27T00:00:00",
      "quarter_label": "2024-09 (Q3)",
      "revenue": 875800000,
      "gross_profit": 575600000,
      "operating_income": 116400000,
      "net_income": 40600000,
      "opex": 459200000,
      "cogs": 300200000,
      "rd": 155600000,
      "sga": null,
      "fcf": 88500000,
      "ocf": 94900000,
      "capex": -6400000,
      "gross_margin": 0.6572276775519525,
      "op_margin": 0.13290705640557204,
      "fcf_margin": 0.10105046814341173,
      "incr_op_margin_yoy": 0.06012269938650307,
      "rev_growth_yoy": -0.08513527629792124,
      "rev_growth_yoy_accel": 0.038455705988713215,
      "fcf_margin_change": 0.01687499731199235
    },
    {
      "date": "2025-01-03T00:00:00",
      "quarter_label": "2025-01 (Q1)",
      "revenue": 983400000,
      "gross_profit": 681200000,
      "operating_income": 173500000,
      "net_income": 90200000,
      "opex": 507700000,
      "cogs": 302200000,
      "rd": 175000000,
      "sga": null,
      "fcf": 109000000,
      "ocf": 115100000,
      "capex": -6100000,
      "gross_margin": 0.6926988000813504,
      "op_margin": 0.17642871669717308,
      "fcf_margin": 0.11083994305470815,
      "incr_op_margin_yoy": 1.5019607843137255,
      "rev_growth_yoy": 0.0546975546975547,
      "rev_growth_yoy_accel": 0.13983283099547594,
      "op_leverage_ratio": 1.1632350275330008,
      "fcf_margin_change": 0.00978947491129642
    },
    {
      "date": "2025-04-04T00:00:00",
      "quarter_label": "2025-04 (Q2)",
      "revenue": 840600000,
      "gross_profit": 560800000,
      "operating_income": 97500000,
      "net_income": 66700000,
      "opex": 463300000,
      "cogs": 279800000,
      "rd": 158500000,
      "sga": null,
      "fcf": 149000000,
      "ocf": 155600000,
      "capex": -6600000,
      "gross_margin": 0.6671425172495836,
      "op_margin": 0.11598857958601,
      "fcf_margin": 0.17725434213656913,
      "incr_op_margin_yoy": 0.10381543921916593,
      "rev_growth_yoy": -0.11822091681527326,
      "rev_growth_yoy_accel": -0.17291847151282796,
      "fcf_margin_change": 0.06641439908186098
    },
    {
      "date": "2025-07-04T00:00:00",
      "quarter_label": "2025-07 (Q3)",
      "revenue": 875700000,
      "gross_profit": 597900000,
      "operating_income": 127800000,
      "net_income": 89200000,
      "opex": 470100000,
      "cogs": 277800000,
      "rd": 163300000,
      "sga": null,
      "fcf": -59400000,
      "ocf": -53500000,
      "capex": -5900000,
      "gross_margin": 0.6827680712572799,
      "op_margin": 0.1459403905447071,
      "fcf_margin": -0.06783144912641316,
      "incr_op_margin_yoy": 13.510204081632653,
      "rev_growth_yoy": 0.005627009646302251,
      "rev_growth_yoy_accel": 0.12384792646157551,
      "op_leverage_ratio": 2.8449269429399173,
      "fcf_margin_change": -0.2450857912629823
    },
    {
      "date": "2025-10-03T00:00:00",
      "quarter_label": "2025-10 (Q4)",
      "revenue": 901200000,
      "gross_profit": 621100000,
      "operating_income": 150500000,
      "net_income": 111500000,
      "opex": 470600000,
      "cogs": 280100000,
      "rd": 152900000,
      "sga": null,
      "fcf": 116600000,
      "ocf": 123800000,
      "capex": -7200000,
      "gross_margin": 0.6891921881935198,
      "op_margin": 0.1669995561473591,
      "fcf_margin": 0.12938304482911672,
      "incr_op_margin_yoy": 1.3425196850393701,
      "rev_growth_yoy": 0.02900205526375885,
      "rev_growth_yoy_accel": 0.0233750456174566,
      "op_leverage_ratio": 27.378211716341216,
      "fcf_margin_change": 0.19721449395552987
    }
  ],
  "signals": [
    {
      "quarter": "2025-10 (Q4)",
      "signal": "FCF TURNED POSITIVE",
      "detail": "FCF margin: -6.8% -> +12.9%",
      "severity": "HIGH"
    },
    {
      "quarter": "2025-10 (Q4)",
      "signal": "OPERATING LEVERAGE",
      "detail": "Rev growth +2.9% vs OpEx growth +0.1% (leverage: 27.4x)",
      "severity": "MEDIUM"
    },
    {
      "quarter": "2025-10 (Q4)",
      "signal": "INCREMENTAL MARGIN (YoY)",
      "detail": "YoY Incr OPM: +134.3% vs year-ago OPM: +13.3%",
      "severity": "HIGH"
    },
    {
      "quarter": "2025-07 (Q3)",
      "signal": "OPERATING LEVERAGE",
      "detail": "Rev growth +4.2% vs OpEx growth +1.5% (leverage: 2.8x)",
      "severity": "MEDIUM"
    },
    {
      "quarter": "2025-07 (Q3)",
      "signal": "YoY REVENUE GROWTH ACCELERATION",
      "detail": "YoY growth: +0.6% vs prior quarter YoY: -11.8% (accel: +12.4%)",
      "severity": "MEDIUM"
    },
    {
      "quarter": "2025-07 (Q3)",
      "signal": "INCREMENTAL MARGIN (YoY)",
      "detail": "YoY Incr OPM: +1351.0% vs year-ago OPM: +7.1%",
      "severity": "HIGH"
    },
    {
      "quarter": "2025-04 (Q2)",
      "signal": "FCF MARGIN EXPANSION",
      "detail": "FCF margin: +11.1% -> +17.7% (+6.6%)",
      "severity": "MEDIUM"
    },
    {
      "quarter": "2025-04 (Q2)",
      "signal": "YoY REVENUE GROWTH DECELERATION",
      "detail": "YoY growth: -11.8% vs prior quarter YoY: +5.5% (decel: -17.3%)",
      "severity": "WARNING"
    },
    {
      "quarter": "2025-01 (Q1)",
      "signal": "YoY REVENUE GROWTH ACCELERATION",
      "detail": "YoY growth: +5.5% vs prior quarter YoY: -8.5% (accel: +14.0%)",
      "severity": "MEDIUM"
    },
    {
      "quarter": "2025-01 (Q1)",
      "signal": "INCREMENTAL MARGIN (YoY)",
      "detail": "YoY Incr OPM: +150.2% vs year-ago OPM: +10.4%",
      "severity": "HIGH"
    },
    {
      "quarter": "2024-06 (Q2)",
      "signal": "YoY REVENUE GROWTH DECELERATION",
      "detail": "YoY growth: -12.4% vs prior quarter YoY: +4.1% (decel: -16.5%)",
      "severity": "WARNING"
    },
    {
      "quarter": "2024-06 (Q2)",
      "signal": "INCREMENTAL MARGIN (YoY)",
      "detail": "YoY Incr OPM: +26.1% vs year-ago OPM: +9.4%",
      "severity": "MEDIUM"
    },
    {
      "quarter": "2024-03 (Q1)",
      "signal": "FCF MARGIN EXPANSION",
      "detail": "FCF margin: +9.6% -> +23.8% (+14.3%)",
      "severity": "MEDIUM"
    },
    {
      "quarter": "2024-03 (Q1)",
      "signal": "OPERATING LEVERAGE",
      "detail": "Rev growth +2.2% vs OpEx growth +0.8% (leverage: 2.7x)",
      "severity": "MEDIUM"
    },
    {
      "quarter": "2023-06 (Q2)",
      "signal": "YoY REVENUE GROWTH ACCELERATION",
      "detail": "YoY growth: +5.6% vs prior quarter YoY: -7.9% (accel: +13.4%)",
      "severity": "MEDIUM"
    },
    {
      "quarter": "2023-03 (Q1)",
      "signal": "FCF MARGIN EXPANSION",
      "detail": "FCF margin: +11.6% -> +22.1% (+10.5%)",
      "severity": "MEDIUM"
    },
    {
      "quarter": "2023-03 (Q1)",
      "signal": "OPERATING LEVERAGE",
      "detail": "Rev growth +6.9% vs OpEx growth +4.3% (leverage: 1.6x)",
      "severity": "MEDIUM"
    },
    {
      "quarter": "2022-12 (Q4)",
      "signal": "YoY REVENUE GROWTH DECELERATION",
      "detail": "YoY growth: -7.5% vs prior quarter YoY: -1.8% (decel: -5.7%)",
      "severity": "WARNING"
    },
    {
      "quarter": "2022-12 (Q4)",
      "signal": "INCREMENTAL MARGIN (YoY)",
      "detail": "YoY Incr OPM: +44.7% vs year-ago OPM: +13.8%",
      "severity": "HIGH"
    },
    {
      "quarter": "2022-09 (Q3)",
      "signal": "INCREMENTAL MARGIN (YoY)",
      "detail": "YoY Incr OPM: +152.1% vs year-ago OPM: +16.4%",
      "severity": "HIGH"
    },
    {
      "quarter": "2022-07 (Q3)",
      "signal": "YoY REVENUE GROWTH DECELERATION",
      "detail": "YoY growth: -0.4% vs prior quarter YoY: +12.1% (decel: -12.5%)",
      "severity": "WARNING"
    },
    {
      "quarter": "2022-07 (Q3)",
      "signal": "INCREMENTAL MARGIN (YoY)",
      "detail": "YoY Incr OPM: +241.5% vs year-ago OPM: +15.3%",
      "severity": "HIGH"
    },
    {
      "quarter": "2022-04 (Q2)",
      "signal": "OPERATING LEVERAGE",
      "detail": "Rev growth +7.3% vs OpEx growth +2.3% (leverage: 3.1x)",
      "severity": "MEDIUM"
    },
    {
      "quarter": "2021-04 (Q2)",
      "signal": "OPERATING LEVERAGE",
      "detail": "Rev growth +6.8% vs OpEx growth +1.7% (leverage: 4.1x)",
      "severity": "MEDIUM"
    }
  ],
  "data_quality": {
    "n_quarters": 20,
    "coverage": {
      "revenue": [
        20,
        20
      ],
      "gross_profit": [
        20,
        20
      ],
      "op_income": [
        20,
        20
      ],
      "fcf": [
        20,
        20
      ]
    },
    "gaps": [],
    "warnings": []
  },
  "market_cap": null,
  "source": "SEC EDGAR",
  "last_updated": "2026-02-02T20:23:11.545817"
}