{
  "ticker": "TRN",
  "name": "TRINITY INDUSTRIES INC",
  "quarters": [
    {
      "date": "2020-12-31T00:00:00",
      "quarter_label": "2020-12 (Q4)",
      "revenue": 359700000,
      "gross_profit": 105300000,
      "operating_income": 30400000,
      "net_income": -127200000,
      "opex": 74900000,
      "cogs": 254400000,
      "rd": null,
      "sga": 47500000,
      "fcf": 169900000,
      "ocf": 195100000,
      "capex": -25200000,
      "gross_margin": 0.292743953294412,
      "op_margin": 0.0845148735056992,
      "fcf_margin": 0.4723380594940228
    },
    {
      "date": "2021-03-31T00:00:00",
      "quarter_label": "2021-03 (Q1)",
      "revenue": 398800000,
      "gross_profit": 102800000,
      "operating_income": 60200000,
      "net_income": 3300000,
      "opex": 42600000,
      "cogs": 296000000,
      "rd": null,
      "sga": 54400000,
      "fcf": 62300000,
      "ocf": 69700000,
      "capex": -7400000,
      "gross_margin": 0.2577733199598796,
      "op_margin": 0.15095285857572718,
      "fcf_margin": 0.1562186559679037,
      "op_leverage_ratio": Infinity,
      "fcf_margin_change": -0.3161194035261191
    },
    {
      "date": "2021-06-30T00:00:00",
      "quarter_label": "2021-06 (Q2)",
      "revenue": 371500000,
      "gross_profit": 112300000,
      "operating_income": 67400000,
      "net_income": 12700000,
      "opex": 44900000,
      "cogs": 259200000,
      "rd": null,
      "sga": 57700000,
      "fcf": 258100000,
      "ocf": 265000000,
      "capex": -6900000,
      "gross_margin": 0.30228802153432033,
      "op_margin": 0.18142664872139974,
      "fcf_margin": 0.6947510094212651,
      "fcf_margin_change": 0.5385323534533614
    },
    {
      "date": "2021-09-30T00:00:00",
      "quarter_label": "2021-09 (Q3)",
      "revenue": 503500000,
      "gross_profit": 104800000,
      "operating_income": 92200000,
      "net_income": 32000000,
      "opex": 12600000,
      "cogs": 398700000,
      "rd": null,
      "sga": 54300000,
      "fcf": 89900000,
      "ocf": 92500000,
      "capex": -2600000,
      "gross_margin": 0.20814299900695135,
      "op_margin": 0.18311817279046674,
      "fcf_margin": 0.1785501489572989,
      "op_leverage_ratio": Infinity,
      "fcf_margin_change": -0.5162008604639662
    },
    {
      "date": "2021-12-31T00:00:00",
      "quarter_label": "2021-12 (Q4)",
      "revenue": 472200000,
      "gross_profit": 96500000,
      "operating_income": 69200000,
      "net_income": 134000000,
      "opex": 27300000,
      "cogs": 375700000,
      "rd": null,
      "sga": 42900000,
      "fcf": 177900000,
      "ocf": 184600000,
      "capex": -6700000,
      "gross_margin": 0.20436255823803473,
      "op_margin": 0.14654807285048707,
      "fcf_margin": 0.3767471410419314,
      "incr_op_margin_yoy": 0.3448888888888889,
      "rev_growth_yoy": 0.3127606338615513,
      "fcf_margin_change": 0.1981969920846325
    },
    {
      "date": "2022-03-31T00:00:00",
      "quarter_label": "2022-03 (Q1)",
      "revenue": 472700000,
      "gross_profit": 74200000,
      "operating_income": 54800000,
      "net_income": -700000,
      "opex": 19400000,
      "cogs": 398500000,
      "rd": null,
      "sga": 44700000,
      "fcf": 18200000,
      "ocf": 20500000,
      "capex": -2300000,
      "gross_margin": 0.15697059445737255,
      "op_margin": 0.11592976517876032,
      "fcf_margin": 0.03850222128199704,
      "incr_op_margin_yoy": -0.07307171853856563,
      "rev_growth_yoy": 0.18530591775325977,
      "rev_growth_yoy_accel": -0.1274547161082915,
      "fcf_margin_change": -0.33824491975993437
    },
    {
      "date": "2022-06-30T00:00:00",
      "quarter_label": "2022-06 (Q2)",
      "revenue": 416800000,
      "gross_profit": 91200000,
      "operating_income": 73000000,
      "net_income": 3700000,
      "opex": 18200000,
      "cogs": 325600000,
      "rd": null,
      "sga": 45000000,
      "fcf": -110300000,
      "ocf": -93800000,
      "capex": -16500000,
      "gross_margin": 0.21880998080614203,
      "op_margin": 0.1751439539347409,
      "fcf_margin": -0.2646353166986564,
      "incr_op_margin_yoy": 0.12362030905077263,
      "rev_growth_yoy": 0.12193808882907133,
      "rev_growth_yoy_accel": -0.06336782892418845,
      "fcf_margin_change": -0.30313753798065346
    },
    {
      "date": "2022-09-30T00:00:00",
      "quarter_label": "2022-09 (Q3)",
      "revenue": 496600000,
      "gross_profit": 101300000,
      "operating_income": 92700000,
      "net_income": 25800000,
      "opex": 8600000,
      "cogs": 395300000,
      "rd": null,
      "sga": 48000000,
      "fcf": -1600000,
      "ocf": 5300000,
      "capex": -6900000,
      "gross_margin": 0.2039871123640757,
      "op_margin": 0.18666935159081757,
      "fcf_margin": -0.003221908981071285,
      "incr_op_margin_yoy": -0.07246376811594203,
      "rev_growth_yoy": -0.013704071499503475,
      "rev_growth_yoy_accel": -0.1356421603285748,
      "op_leverage_ratio": Infinity,
      "fcf_margin_change": 0.26141340771758514
    },
    {
      "date": "2022-12-31T00:00:00",
      "quarter_label": "2022-12 (Q4)",
      "revenue": 591200000,
      "gross_profit": 101000000,
      "operating_income": 113500000,
      "net_income": 31300000,
      "opex": -12500000,
      "cogs": 490200000,
      "rd": null,
      "sga": 47700000,
      "fcf": 42900000,
      "ocf": 55200000,
      "capex": -12300000,
      "gross_margin": 0.17083897158322056,
      "op_margin": 0.19198240866035182,
      "fcf_margin": 0.07256427604871447,
      "incr_op_margin_yoy": 0.3722689075630252,
      "rev_growth_yoy": 0.25201185938161796,
      "rev_growth_yoy_accel": 0.26571593088112144,
      "op_leverage_ratio": Infinity,
      "fcf_margin_change": 0.07578618502978576
    },
    {
      "date": "2023-03-31T00:00:00",
      "quarter_label": "2023-03 (Q1)",
      "revenue": 641700000,
      "gross_profit": 103200000,
      "operating_income": 69000000,
      "net_income": 4400000,
      "opex": 34200000,
      "cogs": 538500000,
      "rd": null,
      "sga": 49900000,
      "fcf": 92300000,
      "ocf": 99400000,
      "capex": -7100000,
      "gross_margin": 0.16082281439925197,
      "op_margin": 0.10752688172043011,
      "fcf_margin": 0.14383668380863332,
      "incr_op_margin_yoy": 0.08402366863905325,
      "rev_growth_yoy": 0.3575206261899725,
      "rev_growth_yoy_accel": 0.10550876680835453,
      "op_leverage_ratio": Infinity,
      "fcf_margin_change": 0.07127240775991885
    },
    {
      "date": "2023-06-30T00:00:00",
      "quarter_label": "2023-06 (Q2)",
      "revenue": 722400000,
      "gross_profit": 121200000,
      "operating_income": 99100000,
      "net_income": 17000000,
      "opex": 22100000,
      "cogs": 601200000,
      "rd": null,
      "sga": 54300000,
      "fcf": 21800000,
      "ocf": 35500000,
      "capex": -13700000,
      "gross_margin": 0.16777408637873753,
      "op_margin": 0.13718161683277963,
      "fcf_margin": 0.03017718715393134,
      "incr_op_margin_yoy": 0.08540575916230367,
      "rev_growth_yoy": 0.7332053742802304,
      "rev_growth_yoy_accel": 0.37568474809025787,
      "op_leverage_ratio": Infinity,
      "fcf_margin_change": -0.11365949665470199
    },
    {
      "date": "2023-09-30T00:00:00",
      "quarter_label": "2023-09 (Q3)",
      "revenue": 821300000,
      "gross_profit": 141800000,
      "operating_income": 100200000,
      "net_income": 21800000,
      "opex": 41600000,
      "cogs": 679500000,
      "rd": null,
      "sga": 49100000,
      "fcf": 64200000,
      "ocf": 72800000,
      "capex": -8600000,
      "gross_margin": 0.17265311092170949,
      "op_margin": 0.12200170461463533,
      "fcf_margin": 0.07816875684889808,
      "incr_op_margin_yoy": 0.02309824453341546,
      "rev_growth_yoy": 0.6538461538461539,
      "rev_growth_yoy_accel": -0.0793592204340765,
      "op_leverage_ratio": 0.1551587301587302,
      "fcf_margin_change": 0.04799156969496674
    },
    {
      "date": "2023-12-31T00:00:00",
      "quarter_label": "2023-12 (Q4)",
      "revenue": 797900000,
      "gross_profit": 160900000,
      "operating_income": 148700000,
      "net_income": 62800000,
      "opex": 12200000,
      "cogs": 637000000,
      "rd": null,
      "sga": 48600000,
      "fcf": 76000000,
      "ocf": 87900000,
      "capex": -11900000,
      "gross_margin": 0.2016543426494548,
      "op_margin": 0.18636420604085724,
      "fcf_margin": 0.09525003133224715,
      "incr_op_margin_yoy": 0.1702951136913401,
      "rev_growth_yoy": 0.3496278755074425,
      "rev_growth_yoy_accel": -0.30421827833871135,
      "fcf_margin_change": 0.017081274483349063
    },
    {
      "date": "2024-03-31T00:00:00",
      "quarter_label": "2024-03 (Q1)",
      "revenue": 809600000,
      "gross_profit": 164700000,
      "operating_income": 115200000,
      "net_income": 23700000,
      "opex": 49500000,
      "cogs": 644900000,
      "rd": null,
      "sga": 52300000,
      "fcf": 47600000,
      "ocf": 52200000,
      "capex": -4600000,
      "gross_margin": 0.20343379446640317,
      "op_margin": 0.1422924901185771,
      "fcf_margin": 0.058794466403162056,
      "incr_op_margin_yoy": 0.2751637879690292,
      "rev_growth_yoy": 0.2616487455197133,
      "rev_growth_yoy_accel": -0.08797912998772922,
      "op_leverage_ratio": 0.0047961018316512475,
      "fcf_margin_change": -0.03645556492908509
    },
    {
      "date": "2024-06-30T00:00:00",
      "quarter_label": "2024-06 (Q2)",
      "revenue": 841400000,
      "gross_profit": 179000000,
      "operating_income": 141900000,
      "net_income": 54400000,
      "opex": 37100000,
      "cogs": 662400000,
      "rd": null,
      "sga": 61300000,
      "fcf": 230200000,
      "ocf": 241500000,
      "capex": -11300000,
      "gross_margin": 0.2127406703113858,
      "op_margin": 0.16864749227478013,
      "fcf_margin": 0.27359163299263134,
      "incr_op_margin_yoy": 0.3596638655462185,
      "rev_growth_yoy": 0.16472868217054262,
      "rev_growth_yoy_accel": -0.09692006334917067,
      "op_leverage_ratio": Infinity,
      "fcf_margin_change": 0.2147971665894693
    },
    {
      "date": "2024-09-30T00:00:00",
      "quarter_label": "2024-09 (Q3)",
      "revenue": 798800000,
      "gross_profit": 169500000,
      "operating_income": 122400000,
      "net_income": 31400000,
      "opex": 47100000,
      "cogs": 629300000,
      "rd": null,
      "sga": 60500000,
      "fcf": 62100000,
      "ocf": 78500000,
      "capex": -16400000,
      "gross_margin": 0.21219328993490236,
      "op_margin": 0.15322984476715074,
      "fcf_margin": 0.07774161241862794,
      "incr_op_margin_yoy": -0.9866666666666667,
      "rev_growth_yoy": -0.02739559235358578,
      "rev_growth_yoy_accel": -0.1921242745241284,
      "fcf_margin_change": -0.19585002057400341
    },
    {
      "date": "2024-12-31T00:00:00",
      "quarter_label": "2024-12 (Q4)",
      "revenue": 629400000,
      "gross_profit": 155000000,
      "operating_income": 112000000,
      "net_income": 28900000,
      "opex": 43000000,
      "cogs": 474400000,
      "rd": null,
      "sga": 61600000,
      "fcf": 180100000,
      "ocf": 201600000,
      "capex": -21500000,
      "gross_margin": 0.24626628535112804,
      "op_margin": 0.17794725135049252,
      "fcf_margin": 0.2861455354305688,
      "incr_op_margin_yoy": 0.2178041543026706,
      "rev_growth_yoy": -0.21117934578267952,
      "rev_growth_yoy_accel": -0.18378375342909375,
      "fcf_margin_change": 0.20840392301194088
    },
    {
      "date": "2025-03-31T00:00:00",
      "quarter_label": "2025-03 (Q1)",
      "revenue": 585400000,
      "gross_profit": 142200000,
      "operating_income": 99800000,
      "net_income": 22100000,
      "opex": 42400000,
      "cogs": 443200000,
      "rd": null,
      "sga": 50000000,
      "fcf": 67300000,
      "ocf": 76500000,
      "capex": -9200000,
      "gross_margin": 0.2429108302015716,
      "op_margin": 0.17048172189955585,
      "fcf_margin": 0.11496412709258627,
      "incr_op_margin_yoy": 0.06868867082961641,
      "rev_growth_yoy": -0.2769268774703557,
      "rev_growth_yoy_accel": -0.06574753168767619,
      "fcf_margin_change": -0.17118140833798254
    },
    {
      "date": "2025-06-30T00:00:00",
      "quarter_label": "2025-06 (Q2)",
      "revenue": 506200000,
      "gross_profit": 133400000,
      "operating_income": 95400000,
      "net_income": 14100000,
      "opex": 38000000,
      "cogs": 372800000,
      "rd": null,
      "sga": 49400000,
      "fcf": 52900000,
      "ocf": 61600000,
      "capex": -8700000,
      "gross_margin": 0.26353220071118133,
      "op_margin": 0.18846305807981034,
      "fcf_margin": 0.10450414855788226,
      "incr_op_margin_yoy": 0.13872315035799523,
      "rev_growth_yoy": -0.3983836463037794,
      "rev_growth_yoy_accel": -0.12145676883342371,
      "fcf_margin_change": -0.010459978534704012
    },
    {
      "date": "2025-09-30T00:00:00",
      "quarter_label": "2025-09 (Q3)",
      "revenue": 454100000,
      "gross_profit": 141400000,
      "operating_income": 118600000,
      "net_income": 30300000,
      "opex": 22800000,
      "cogs": 312700000,
      "rd": null,
      "sga": 45200000,
      "fcf": 35300000,
      "ocf": 44200000,
      "capex": -8900000,
      "gross_margin": 0.31138515745430523,
      "op_margin": 0.2611759524333847,
      "fcf_margin": 0.07773618145782867,
      "incr_op_margin_yoy": 0.011024078909196402,
      "rev_growth_yoy": -0.4315222834251377,
      "rev_growth_yoy_accel": -0.03313863712135828,
      "fcf_margin_change": -0.026767967100053594
    }
  ],
  "signals": [
    {
      "quarter": "2025-06 (Q2)",
      "signal": "GROSS MARGIN INFLECTION",
      "detail": "GM: +24.6% -> +24.3% -> +26.4% (reversal +2.1%)",
      "severity": "MEDIUM"
    },
    {
      "quarter": "2025-06 (Q2)",
      "signal": "YoY REVENUE GROWTH DECELERATION",
      "detail": "YoY growth: -39.8% vs prior quarter YoY: -27.7% (decel: -12.1%)",
      "severity": "WARNING"
    },
    {
      "quarter": "2025-03 (Q1)",
      "signal": "YoY REVENUE GROWTH DECELERATION",
      "detail": "YoY growth: -27.7% vs prior quarter YoY: -21.1% (decel: -6.6%)",
      "severity": "WARNING"
    },
    {
      "quarter": "2024-12 (Q4)",
      "signal": "FCF MARGIN EXPANSION",
      "detail": "FCF margin: +7.8% -> +28.6% (+20.8%)",
      "severity": "MEDIUM"
    },
    {
      "quarter": "2024-12 (Q4)",
      "signal": "GROSS MARGIN INFLECTION",
      "detail": "GM: +21.3% -> +21.2% -> +24.6% (reversal +3.4%)",
      "severity": "MEDIUM"
    },
    {
      "quarter": "2024-12 (Q4)",
      "signal": "YoY REVENUE GROWTH DECELERATION",
      "detail": "YoY growth: -21.1% vs prior quarter YoY: -2.7% (decel: -18.4%)",
      "severity": "WARNING"
    },
    {
      "quarter": "2024-09 (Q3)",
      "signal": "YoY REVENUE GROWTH DECELERATION",
      "detail": "YoY growth: -2.7% vs prior quarter YoY: +16.5% (decel: -19.2%)",
      "severity": "WARNING"
    },
    {
      "quarter": "2024-06 (Q2)",
      "signal": "FCF MARGIN EXPANSION",
      "detail": "FCF margin: +5.9% -> +27.4% (+21.5%)",
      "severity": "MEDIUM"
    },
    {
      "quarter": "2024-06 (Q2)",
      "signal": "YoY REVENUE GROWTH DECELERATION",
      "detail": "YoY growth: +16.5% vs prior quarter YoY: +26.2% (decel: -9.7%)",
      "severity": "WARNING"
    },
    {
      "quarter": "2024-06 (Q2)",
      "signal": "INCREMENTAL MARGIN (YoY)",
      "detail": "YoY Incr OPM: +36.0% vs year-ago OPM: +13.7%",
      "severity": "HIGH"
    },
    {
      "quarter": "2024-03 (Q1)",
      "signal": "YoY REVENUE GROWTH DECELERATION",
      "detail": "YoY growth: +26.2% vs prior quarter YoY: +35.0% (decel: -8.8%)",
      "severity": "WARNING"
    },
    {
      "quarter": "2024-03 (Q1)",
      "signal": "INCREMENTAL MARGIN (YoY)",
      "detail": "YoY Incr OPM: +27.5% vs year-ago OPM: +10.8%",
      "severity": "MEDIUM"
    },
    {
      "quarter": "2023-12 (Q4)",
      "signal": "YoY REVENUE GROWTH DECELERATION",
      "detail": "YoY growth: +35.0% vs prior quarter YoY: +65.4% (decel: -30.4%)",
      "severity": "WARNING"
    },
    {
      "quarter": "2023-09 (Q3)",
      "signal": "YoY REVENUE GROWTH DECELERATION",
      "detail": "YoY growth: +65.4% vs prior quarter YoY: +73.3% (decel: -7.9%)",
      "severity": "WARNING"
    },
    {
      "quarter": "2023-06 (Q2)",
      "signal": "YoY REVENUE GROWTH ACCELERATION",
      "detail": "YoY growth: +73.3% vs prior quarter YoY: +35.8% (accel: +37.6%)",
      "severity": "HIGH"
    },
    {
      "quarter": "2023-03 (Q1)",
      "signal": "FCF MARGIN EXPANSION",
      "detail": "FCF margin: +7.3% -> +14.4% (+7.1%)",
      "severity": "MEDIUM"
    },
    {
      "quarter": "2023-03 (Q1)",
      "signal": "YoY REVENUE GROWTH ACCELERATION",
      "detail": "YoY growth: +35.8% vs prior quarter YoY: +25.2% (accel: +10.6%)",
      "severity": "MEDIUM"
    },
    {
      "quarter": "2022-12 (Q4)",
      "signal": "FCF TURNED POSITIVE",
      "detail": "FCF margin: -0.3% -> +7.3%",
      "severity": "HIGH"
    },
    {
      "quarter": "2022-12 (Q4)",
      "signal": "YoY REVENUE GROWTH ACCELERATION",
      "detail": "YoY growth: +25.2% vs prior quarter YoY: -1.4% (accel: +26.6%)",
      "severity": "HIGH"
    },
    {
      "quarter": "2022-12 (Q4)",
      "signal": "INCREMENTAL MARGIN (YoY)",
      "detail": "YoY Incr OPM: +37.2% vs year-ago OPM: +14.7%",
      "severity": "HIGH"
    },
    {
      "quarter": "2022-09 (Q3)",
      "signal": "FCF MARGIN EXPANSION",
      "detail": "FCF margin: -26.5% -> -0.3% (+26.1%)",
      "severity": "MEDIUM"
    },
    {
      "quarter": "2022-09 (Q3)",
      "signal": "YoY REVENUE GROWTH DECELERATION",
      "detail": "YoY growth: -1.4% vs prior quarter YoY: +12.2% (decel: -13.6%)",
      "severity": "WARNING"
    },
    {
      "quarter": "2022-06 (Q2)",
      "signal": "GROSS MARGIN INFLECTION",
      "detail": "GM: +20.4% -> +15.7% -> +21.9% (reversal +6.2%)",
      "severity": "HIGH"
    },
    {
      "quarter": "2022-06 (Q2)",
      "signal": "YoY REVENUE GROWTH DECELERATION",
      "detail": "YoY growth: +12.2% vs prior quarter YoY: +18.5% (decel: -6.3%)",
      "severity": "WARNING"
    },
    {
      "quarter": "2022-03 (Q1)",
      "signal": "YoY REVENUE GROWTH DECELERATION",
      "detail": "YoY growth: +18.5% vs prior quarter YoY: +31.3% (decel: -12.7%)",
      "severity": "WARNING"
    },
    {
      "quarter": "2021-12 (Q4)",
      "signal": "FCF MARGIN EXPANSION",
      "detail": "FCF margin: +17.9% -> +37.7% (+19.8%)",
      "severity": "MEDIUM"
    },
    {
      "quarter": "2021-12 (Q4)",
      "signal": "INCREMENTAL MARGIN (YoY)",
      "detail": "YoY Incr OPM: +34.5% vs year-ago OPM: +8.5%",
      "severity": "HIGH"
    },
    {
      "quarter": "2021-06 (Q2)",
      "signal": "FCF MARGIN EXPANSION",
      "detail": "FCF margin: +15.6% -> +69.5% (+53.9%)",
      "severity": "MEDIUM"
    },
    {
      "quarter": "2021-06 (Q2)",
      "signal": "GROSS MARGIN INFLECTION",
      "detail": "GM: +29.3% -> +25.8% -> +30.2% (reversal +4.5%)",
      "severity": "MEDIUM"
    }
  ],
  "data_quality": {
    "n_quarters": 20,
    "coverage": {
      "revenue": [
        20,
        20
      ],
      "gross_profit": [
        20,
        20
      ],
      "op_income": [
        20,
        20
      ],
      "fcf": [
        20,
        20
      ]
    },
    "gaps": [],
    "warnings": []
  },
  "market_cap": null,
  "source": "SEC EDGAR",
  "last_updated": "2026-02-02T21:32:27.352946"
}