{
  "ticker": "TROLB",
  "name": "TOOTSIE ROLL INDUSTRIES INC",
  "quarters": [
    {
      "date": "2020-12-31T00:00:00",
      "quarter_label": "2020-12 (Q4)",
      "revenue": 128864000,
      "gross_profit": 44896000,
      "operating_income": 11478000,
      "net_income": 14952000,
      "opex": 33418000,
      "cogs": 83968000,
      "rd": null,
      "sga": 33418000,
      "fcf": 44077000,
      "ocf": 50622000,
      "capex": -6545000,
      "gross_margin": 0.3483983113980631,
      "op_margin": 0.08907064812515521,
      "fcf_margin": 0.3420427737770052
    },
    {
      "date": "2021-03-31T00:00:00",
      "quarter_label": "2021-03 (Q1)",
      "revenue": 103229000,
      "gross_profit": 37219000,
      "operating_income": 10410000,
      "net_income": 10767000,
      "opex": 26809000,
      "cogs": 66010000,
      "rd": null,
      "sga": 26809000,
      "fcf": 11550000,
      "ocf": 15337000,
      "capex": -3787000,
      "gross_margin": 0.36054790804909476,
      "op_margin": 0.10084375514632517,
      "fcf_margin": 0.1118871634908795,
      "fcf_margin_change": -0.2301556102861257
    },
    {
      "date": "2021-06-30T00:00:00",
      "quarter_label": "2021-06 (Q2)",
      "revenue": 115458000,
      "gross_profit": 39282000,
      "operating_income": 6904000,
      "net_income": 9794000,
      "opex": 32378000,
      "cogs": 76176000,
      "rd": null,
      "sga": 32378000,
      "fcf": -13099000,
      "ocf": -4559000,
      "capex": -8540000,
      "gross_margin": 0.34022761523670947,
      "op_margin": 0.05979663600616675,
      "fcf_margin": -0.1134525108697535,
      "op_leverage_ratio": 0.5702858836142879,
      "fcf_margin_change": -0.225339674360633
    },
    {
      "date": "2021-09-30T00:00:00",
      "quarter_label": "2021-09 (Q3)",
      "revenue": 184165000,
      "gross_profit": 65387000,
      "operating_income": 29644000,
      "net_income": 24733000,
      "opex": 35743000,
      "cogs": 118778000,
      "rd": null,
      "sga": 35743000,
      "fcf": 10772000,
      "ocf": 21375000,
      "capex": -10603000,
      "gross_margin": 0.35504574702033503,
      "op_margin": 0.16096435261857572,
      "fcf_margin": 0.05849102706811826,
      "op_leverage_ratio": 5.7258755690914995,
      "fcf_margin_change": 0.17194353793787176
    },
    {
      "date": "2021-12-31T00:00:00",
      "quarter_label": "2021-12 (Q4)",
      "revenue": 167924000,
      "gross_profit": 57353000,
      "operating_income": 20175000,
      "net_income": 20032000,
      "opex": 37178000,
      "cogs": 110571000,
      "rd": null,
      "sga": 37178000,
      "fcf": 44649000,
      "ocf": 53145000,
      "capex": -8496000,
      "gross_margin": 0.3415414115909578,
      "op_margin": 0.120143636406946,
      "fcf_margin": 0.2658881398727996,
      "incr_op_margin_yoy": 0.2226574500768049,
      "rev_growth_yoy": 0.3031102557735287,
      "fcf_margin_change": 0.20739711280468132
    },
    {
      "date": "2022-03-31T00:00:00",
      "quarter_label": "2022-03 (Q1)",
      "revenue": 140637000,
      "gross_profit": 47908000,
      "operating_income": 20835000,
      "net_income": 12027000,
      "opex": 27073000,
      "cogs": 92729000,
      "rd": null,
      "sga": 27073000,
      "fcf": 10859000,
      "ocf": 16807000,
      "capex": -5948000,
      "gross_margin": 0.34065004230750084,
      "op_margin": 0.14814735809210947,
      "fcf_margin": 0.07721296671572915,
      "incr_op_margin_yoy": 0.2786837040205304,
      "rev_growth_yoy": 0.3623787889062182,
      "rev_growth_yoy_accel": 0.05926853313268954,
      "fcf_margin_change": -0.18867517315707044
    },
    {
      "date": "2022-06-30T00:00:00",
      "quarter_label": "2022-06 (Q2)",
      "revenue": 143440000,
      "gross_profit": 47652000,
      "operating_income": 26978000,
      "net_income": 11989000,
      "opex": 20674000,
      "cogs": 95788000,
      "rd": null,
      "sga": 20674000,
      "fcf": -20436000,
      "ocf": -16190000,
      "capex": -4246000,
      "gross_margin": 0.33220858895705524,
      "op_margin": 0.18807863915225878,
      "fcf_margin": -0.1424707194645845,
      "incr_op_margin_yoy": 0.7173897505539275,
      "rev_growth_yoy": 0.24235652791491277,
      "rev_growth_yoy_accel": -0.12002226099130545,
      "op_leverage_ratio": Infinity,
      "fcf_margin_change": -0.21968368618031364
    },
    {
      "date": "2022-09-30T00:00:00",
      "quarter_label": "2022-09 (Q3)",
      "revenue": 213173000,
      "gross_profit": 71542000,
      "operating_income": 35585000,
      "net_income": 26577000,
      "opex": 35957000,
      "cogs": 141631000,
      "rd": null,
      "sga": 35957000,
      "fcf": 22621000,
      "ocf": 29979000,
      "capex": -7358000,
      "gross_margin": 0.3356053533984135,
      "op_margin": 0.1669301459378064,
      "fcf_margin": 0.10611569007332074,
      "incr_op_margin_yoy": 0.20480557087699944,
      "rev_growth_yoy": 0.15751092770070318,
      "rev_growth_yoy_accel": -0.08484560021420959,
      "op_leverage_ratio": 0.6576335660366335,
      "fcf_margin_change": 0.24858640953790523
    },
    {
      "date": "2022-12-31T00:00:00",
      "quarter_label": "2022-12 (Q4)",
      "revenue": 189720000,
      "gross_profit": 65629000,
      "operating_income": 27357000,
      "net_income": 25344000,
      "opex": 38272000,
      "cogs": 124091000,
      "rd": null,
      "sga": 38272000,
      "fcf": 35651000,
      "ocf": 41455000,
      "capex": -5804000,
      "gross_margin": 0.3459255745308876,
      "op_margin": 0.1441967109424415,
      "fcf_margin": 0.18791376765760068,
      "incr_op_margin_yoy": 0.32951000183519913,
      "rev_growth_yoy": 0.12979681284390557,
      "rev_growth_yoy_accel": -0.027714114856797617,
      "fcf_margin_change": 0.08179807758427994
    },
    {
      "date": "2023-03-31T00:00:00",
      "quarter_label": "2023-03 (Q1)",
      "revenue": 162092000,
      "gross_profit": 50295000,
      "operating_income": 12796000,
      "net_income": 13401000,
      "opex": 37499000,
      "cogs": 111797000,
      "rd": null,
      "sga": 37499000,
      "fcf": -12531000,
      "ocf": -7482000,
      "capex": -5049000,
      "gross_margin": 0.31028675073415096,
      "op_margin": 0.07894282259457593,
      "fcf_margin": -0.07730794857241567,
      "incr_op_margin_yoy": -0.3746912141691913,
      "rev_growth_yoy": 0.152555870787915,
      "rev_growth_yoy_accel": 0.022759057944009425,
      "fcf_margin_change": -0.26522171623001634
    },
    {
      "date": "2023-06-30T00:00:00",
      "quarter_label": "2023-06 (Q2)",
      "revenue": 160145000,
      "gross_profit": 52610000,
      "operating_income": 14753000,
      "net_income": 14726000,
      "opex": 37857000,
      "cogs": 107535000,
      "rd": null,
      "sga": 37857000,
      "fcf": -3334000,
      "ocf": 2340000,
      "capex": -5674000,
      "gross_margin": 0.32851478347747354,
      "op_margin": 0.09212276374535577,
      "fcf_margin": -0.020818633113740673,
      "incr_op_margin_yoy": -0.7318168213109847,
      "rev_growth_yoy": 0.11645984383714444,
      "rev_growth_yoy_accel": -0.03609602695077055,
      "fcf_margin_change": 0.056489315458675
    },
    {
      "date": "2023-09-30T00:00:00",
      "quarter_label": "2023-09 (Q3)",
      "revenue": 249852000,
      "gross_profit": 85200000,
      "operating_income": 45900000,
      "net_income": 34382000,
      "opex": 39300000,
      "cogs": 164652000,
      "rd": null,
      "sga": 39300000,
      "fcf": 36013000,
      "ocf": 44748000,
      "capex": -8735000,
      "gross_margin": 0.34100187310888047,
      "op_margin": 0.18370875558330532,
      "fcf_margin": 0.144137329298945,
      "incr_op_margin_yoy": 0.28122358842934647,
      "rev_growth_yoy": 0.1720621279430322,
      "rev_growth_yoy_accel": 0.055602284105887745,
      "op_leverage_ratio": 14.695785803263403,
      "fcf_margin_change": 0.16495596241268567
    },
    {
      "date": "2023-12-31T00:00:00",
      "quarter_label": "2023-12 (Q4)",
      "revenue": 197276000,
      "gross_profit": 68735000,
      "operating_income": 28379000,
      "net_income": 29403000,
      "opex": 40356000,
      "cogs": 128541000,
      "rd": null,
      "sga": 40356000,
      "fcf": 47667000,
      "ocf": 55005000,
      "capex": -7338000,
      "gross_margin": 0.34842048703339484,
      "op_margin": 0.14385429550477505,
      "fcf_margin": 0.24162594537602142,
      "incr_op_margin_yoy": 0.13525674960296452,
      "rev_growth_yoy": 0.03982711364115539,
      "rev_growth_yoy_accel": -0.13223501430187679,
      "fcf_margin_change": 0.09748861607707643
    },
    {
      "date": "2024-03-31T00:00:00",
      "quarter_label": "2024-03 (Q1)",
      "revenue": 153175000,
      "gross_profit": 50028000,
      "operating_income": 11110000,
      "net_income": 15834000,
      "opex": 38918000,
      "cogs": 103147000,
      "rd": null,
      "sga": 38918000,
      "fcf": 16907000,
      "ocf": 21401000,
      "capex": -4494000,
      "gross_margin": 0.3266068222621185,
      "op_margin": 0.0725314183123878,
      "fcf_margin": 0.11037701974865351,
      "incr_op_margin_yoy": 0.1890770438488281,
      "rev_growth_yoy": -0.0550119685117094,
      "rev_growth_yoy_accel": -0.0948390821528648,
      "fcf_margin_change": -0.1312489256273679
    },
    {
      "date": "2024-06-30T00:00:00",
      "quarter_label": "2024-06 (Q2)",
      "revenue": 150736000,
      "gross_profit": 50475000,
      "operating_income": 15435000,
      "net_income": 15640000,
      "opex": 35040000,
      "cogs": 100261000,
      "rd": null,
      "sga": 35040000,
      "fcf": -16551000,
      "ocf": -12624000,
      "capex": -3927000,
      "gross_margin": 0.3348569684746842,
      "op_margin": 0.10239756926016347,
      "fcf_margin": -0.10980124190637937,
      "incr_op_margin_yoy": -0.07248379211393347,
      "rev_growth_yoy": -0.05875300508913797,
      "rev_growth_yoy_accel": -0.0037410365774285734,
      "fcf_margin_change": -0.22017826165503288
    },
    {
      "date": "2024-09-30T00:00:00",
      "quarter_label": "2024-09 (Q3)",
      "revenue": 225934000,
      "gross_profit": 77069000,
      "operating_income": 35244000,
      "net_income": 32844000,
      "opex": 41825000,
      "cogs": 148865000,
      "rd": null,
      "sga": 41825000,
      "fcf": 55835000,
      "ocf": 61325000,
      "capex": -5490000,
      "gross_margin": 0.3411128913753574,
      "op_margin": 0.15599245797445271,
      "fcf_margin": 0.24712969274212823,
      "incr_op_margin_yoy": 0.4455222008529141,
      "rev_growth_yoy": -0.09572867137345309,
      "rev_growth_yoy_accel": -0.03697566628431512,
      "op_leverage_ratio": 2.5763422110734755,
      "fcf_margin_change": 0.3569309346485076
    },
    {
      "date": "2024-12-31T00:00:00",
      "quarter_label": "2024-12 (Q4)",
      "revenue": 193372000,
      "gross_profit": 75608000,
      "operating_income": 38716000,
      "net_income": 22509000,
      "opex": 36892000,
      "cogs": 117764000,
      "rd": null,
      "sga": 36892000,
      "fcf": 64701000,
      "ocf": 68787000,
      "capex": -4086000,
      "gross_margin": 0.39099766253645823,
      "op_margin": 0.20021512938791552,
      "fcf_margin": 0.3345934261423577,
      "incr_op_margin_yoy": -2.647797131147541,
      "rev_growth_yoy": -0.01978953344552809,
      "rev_growth_yoy_accel": 0.075939137927925,
      "fcf_margin_change": 0.08746373340022948
    },
    {
      "date": "2025-03-31T00:00:00",
      "quarter_label": "2025-03 (Q1)",
      "revenue": 148455000,
      "gross_profit": 52450000,
      "operating_income": 23060000,
      "net_income": 18058000,
      "opex": 29390000,
      "cogs": 96005000,
      "rd": null,
      "sga": 29390000,
      "fcf": 750000,
      "ocf": 3602000,
      "capex": -2852000,
      "gross_margin": 0.3533057155366946,
      "op_margin": 0.15533326597285374,
      "fcf_margin": 0.0050520359704961096,
      "incr_op_margin_yoy": -2.531779661016949,
      "rev_growth_yoy": -0.030814427941896524,
      "rev_growth_yoy_accel": -0.011024894496368433,
      "fcf_margin_change": -0.3295413901718616
    },
    {
      "date": "2025-06-30T00:00:00",
      "quarter_label": "2025-06 (Q2)",
      "revenue": 155088000,
      "gross_profit": 56483000,
      "operating_income": 12121000,
      "net_income": 17544000,
      "opex": 44362000,
      "cogs": 98605000,
      "rd": null,
      "sga": 44362000,
      "fcf": -16048000,
      "ocf": -8537000,
      "capex": -7511000,
      "gross_margin": 0.36419968018157434,
      "op_margin": 0.07815562777261942,
      "fcf_margin": -0.10347673578871351,
      "incr_op_margin_yoy": -0.7614889705882353,
      "rev_growth_yoy": 0.028871669674132256,
      "rev_growth_yoy_accel": 0.05968609761602878,
      "op_leverage_ratio": 0.08770713718654534,
      "fcf_margin_change": -0.10852877175920962
    },
    {
      "date": "2025-09-30T00:00:00",
      "quarter_label": "2025-09 (Q3)",
      "revenue": 232705000,
      "gross_profit": 79398000,
      "operating_income": 32367000,
      "net_income": 35659000,
      "opex": 47031000,
      "cogs": 153307000,
      "rd": null,
      "sga": 47031000,
      "fcf": 50672000,
      "ocf": 62223000,
      "capex": -11551000,
      "gross_margin": 0.3411959347671945,
      "op_margin": 0.13909026449796955,
      "fcf_margin": 0.21775208955544573,
      "incr_op_margin_yoy": -0.42490031014621177,
      "rev_growth_yoy": 0.02996892897925943,
      "rev_growth_yoy_accel": 0.0010972593051271733,
      "op_leverage_ratio": 8.318426832456296,
      "fcf_margin_change": 0.32122882534415925
    }
  ],
  "signals": [
    {
      "quarter": "2025-09 (Q3)",
      "signal": "FCF TURNED POSITIVE",
      "detail": "FCF margin: -10.3% -> +21.8%",
      "severity": "HIGH"
    },
    {
      "quarter": "2025-09 (Q3)",
      "signal": "OPERATING LEVERAGE",
      "detail": "Rev growth +50.0% vs OpEx growth +6.0% (leverage: 8.3x)",
      "severity": "MEDIUM"
    },
    {
      "quarter": "2025-06 (Q2)",
      "signal": "YoY REVENUE GROWTH ACCELERATION",
      "detail": "YoY growth: +2.9% vs prior quarter YoY: -3.1% (accel: +6.0%)",
      "severity": "MEDIUM"
    },
    {
      "quarter": "2024-12 (Q4)",
      "signal": "FCF MARGIN EXPANSION",
      "detail": "FCF margin: +24.7% -> +33.5% (+8.7%)",
      "severity": "MEDIUM"
    },
    {
      "quarter": "2024-12 (Q4)",
      "signal": "YoY REVENUE GROWTH ACCELERATION",
      "detail": "YoY growth: -2.0% vs prior quarter YoY: -9.6% (accel: +7.6%)",
      "severity": "MEDIUM"
    },
    {
      "quarter": "2024-09 (Q3)",
      "signal": "FCF TURNED POSITIVE",
      "detail": "FCF margin: -11.0% -> +24.7%",
      "severity": "HIGH"
    },
    {
      "quarter": "2024-09 (Q3)",
      "signal": "OPERATING LEVERAGE",
      "detail": "Rev growth +49.9% vs OpEx growth +19.4% (leverage: 2.6x)",
      "severity": "MEDIUM"
    },
    {
      "quarter": "2024-09 (Q3)",
      "signal": "INCREMENTAL MARGIN (YoY)",
      "detail": "YoY Incr OPM: +44.6% vs year-ago OPM: +18.4%",
      "severity": "HIGH"
    },
    {
      "quarter": "2024-03 (Q1)",
      "signal": "YoY REVENUE GROWTH DECELERATION",
      "detail": "YoY growth: -5.5% vs prior quarter YoY: +4.0% (decel: -9.5%)",
      "severity": "WARNING"
    },
    {
      "quarter": "2024-03 (Q1)",
      "signal": "INCREMENTAL MARGIN (YoY)",
      "detail": "YoY Incr OPM: +18.9% vs year-ago OPM: +7.9%",
      "severity": "MEDIUM"
    },
    {
      "quarter": "2023-12 (Q4)",
      "signal": "FCF MARGIN EXPANSION",
      "detail": "FCF margin: +14.4% -> +24.2% (+9.7%)",
      "severity": "MEDIUM"
    },
    {
      "quarter": "2023-12 (Q4)",
      "signal": "YoY REVENUE GROWTH DECELERATION",
      "detail": "YoY growth: +4.0% vs prior quarter YoY: +17.2% (decel: -13.2%)",
      "severity": "WARNING"
    },
    {
      "quarter": "2023-09 (Q3)",
      "signal": "FCF TURNED POSITIVE",
      "detail": "FCF margin: -2.1% -> +14.4%",
      "severity": "HIGH"
    },
    {
      "quarter": "2023-09 (Q3)",
      "signal": "OPERATING LEVERAGE",
      "detail": "Rev growth +56.0% vs OpEx growth +3.8% (leverage: 14.7x)",
      "severity": "MEDIUM"
    },
    {
      "quarter": "2023-09 (Q3)",
      "signal": "YoY REVENUE GROWTH ACCELERATION",
      "detail": "YoY growth: +17.2% vs prior quarter YoY: +11.6% (accel: +5.6%)",
      "severity": "MEDIUM"
    },
    {
      "quarter": "2023-09 (Q3)",
      "signal": "INCREMENTAL MARGIN (YoY)",
      "detail": "YoY Incr OPM: +28.1% vs year-ago OPM: +16.7%",
      "severity": "MEDIUM"
    },
    {
      "quarter": "2023-06 (Q2)",
      "signal": "FCF MARGIN EXPANSION",
      "detail": "FCF margin: -7.7% -> -2.1% (+5.6%)",
      "severity": "MEDIUM"
    },
    {
      "quarter": "2022-12 (Q4)",
      "signal": "FCF MARGIN EXPANSION",
      "detail": "FCF margin: +10.6% -> +18.8% (+8.2%)",
      "severity": "MEDIUM"
    },
    {
      "quarter": "2022-12 (Q4)",
      "signal": "INCREMENTAL MARGIN (YoY)",
      "detail": "YoY Incr OPM: +33.0% vs year-ago OPM: +12.0%",
      "severity": "HIGH"
    },
    {
      "quarter": "2022-09 (Q3)",
      "signal": "FCF TURNED POSITIVE",
      "detail": "FCF margin: -14.2% -> +10.6%",
      "severity": "HIGH"
    },
    {
      "quarter": "2022-09 (Q3)",
      "signal": "YoY REVENUE GROWTH DECELERATION",
      "detail": "YoY growth: +15.8% vs prior quarter YoY: +24.2% (decel: -8.5%)",
      "severity": "WARNING"
    },
    {
      "quarter": "2022-06 (Q2)",
      "signal": "YoY REVENUE GROWTH DECELERATION",
      "detail": "YoY growth: +24.2% vs prior quarter YoY: +36.2% (decel: -12.0%)",
      "severity": "WARNING"
    },
    {
      "quarter": "2022-06 (Q2)",
      "signal": "INCREMENTAL MARGIN (YoY)",
      "detail": "YoY Incr OPM: +71.7% vs year-ago OPM: +6.0%",
      "severity": "HIGH"
    },
    {
      "quarter": "2022-03 (Q1)",
      "signal": "YoY REVENUE GROWTH ACCELERATION",
      "detail": "YoY growth: +36.2% vs prior quarter YoY: +30.3% (accel: +5.9%)",
      "severity": "MEDIUM"
    },
    {
      "quarter": "2022-03 (Q1)",
      "signal": "INCREMENTAL MARGIN (YoY)",
      "detail": "YoY Incr OPM: +27.9% vs year-ago OPM: +10.1%",
      "severity": "MEDIUM"
    },
    {
      "quarter": "2021-12 (Q4)",
      "signal": "FCF MARGIN EXPANSION",
      "detail": "FCF margin: +5.8% -> +26.6% (+20.7%)",
      "severity": "MEDIUM"
    },
    {
      "quarter": "2021-12 (Q4)",
      "signal": "INCREMENTAL MARGIN (YoY)",
      "detail": "YoY Incr OPM: +22.3% vs year-ago OPM: +8.9%",
      "severity": "MEDIUM"
    },
    {
      "quarter": "2021-09 (Q3)",
      "signal": "FCF TURNED POSITIVE",
      "detail": "FCF margin: -11.3% -> +5.8%",
      "severity": "HIGH"
    },
    {
      "quarter": "2021-09 (Q3)",
      "signal": "OPERATING LEVERAGE",
      "detail": "Rev growth +59.5% vs OpEx growth +10.4% (leverage: 5.7x)",
      "severity": "MEDIUM"
    }
  ],
  "data_quality": {
    "n_quarters": 20,
    "coverage": {
      "revenue": [
        20,
        20
      ],
      "gross_profit": [
        20,
        20
      ],
      "op_income": [
        20,
        20
      ],
      "fcf": [
        20,
        20
      ]
    },
    "gaps": [],
    "warnings": []
  },
  "market_cap": null,
  "source": "SEC EDGAR",
  "last_updated": "2026-02-03T00:56:09.458634"
}