{
  "ticker": "TROX",
  "name": "TRONOX HOLDINGS PLC",
  "sector": "Basic Materials",
  "industry": "Chemicals",
  "quarters": [
    {
      "date": "2021-03-31T00:00:00",
      "quarter_label": "2021-03 (Q1)",
      "revenue": 891000000,
      "gross_profit": 206000000,
      "operating_income": 125000000,
      "net_income": 19000000,
      "opex": 81000000,
      "cogs": null,
      "rd": null,
      "sga": 81000000,
      "fcf": 135000000,
      "ocf": 135000000,
      "capex": null,
      "gross_margin": 0.23120089786756454,
      "op_margin": 0.14029180695847362,
      "fcf_margin": 0.15151515151515152
    },
    {
      "date": "2021-06-30T00:00:00",
      "quarter_label": "2021-06 (Q2)",
      "revenue": 927000000,
      "gross_profit": 227000000,
      "operating_income": 150000000,
      "net_income": 73000000,
      "opex": 77000000,
      "cogs": null,
      "rd": null,
      "sga": 77000000,
      "fcf": 210000000,
      "ocf": 210000000,
      "capex": null,
      "gross_margin": 0.24487594390507011,
      "op_margin": 0.16181229773462782,
      "fcf_margin": 0.22653721682847897,
      "op_leverage_ratio": null,
      "fcf_margin_change": 0.07502206531332745
    },
    {
      "date": "2021-09-30T00:00:00",
      "quarter_label": "2021-09 (Q3)",
      "revenue": 870000000,
      "gross_profit": 244000000,
      "operating_income": 168000000,
      "net_income": 111000000,
      "opex": 76000000,
      "cogs": null,
      "rd": null,
      "sga": 76000000,
      "fcf": 256000000,
      "ocf": 256000000,
      "capex": null,
      "gross_margin": 0.28045977011494255,
      "op_margin": 0.19310344827586207,
      "fcf_margin": 0.2942528735632184,
      "fcf_margin_change": 0.06771565673473942
    },
    {
      "date": "2021-12-31T00:00:00",
      "quarter_label": "2021-12 (Q4)",
      "revenue": 884000000,
      "gross_profit": 218000000,
      "operating_income": 134000000,
      "net_income": 83000000,
      "opex": 84000000,
      "cogs": null,
      "rd": null,
      "sga": 84000000,
      "fcf": 139000000,
      "ocf": 139000000,
      "capex": null,
      "gross_margin": 0.24660633484162897,
      "op_margin": 0.1515837104072398,
      "fcf_margin": 0.15723981900452488,
      "op_leverage_ratio": 0.15287356321839082,
      "fcf_margin_change": -0.1370130545586935
    },
    {
      "date": "2022-03-31T00:00:00",
      "quarter_label": "2022-03 (Q1)",
      "revenue": 965000000,
      "gross_profit": 232000000,
      "operating_income": 69000000,
      "net_income": 16000000,
      "opex": 163000000,
      "cogs": null,
      "rd": null,
      "sga": 78000000,
      "fcf": 189000000,
      "ocf": 189000000,
      "capex": null,
      "gross_margin": 0.24041450777202072,
      "op_margin": 0.07150259067357513,
      "fcf_margin": 0.19585492227979276,
      "incr_op_margin_yoy": -0.7567567567567568,
      "rev_growth_yoy": 0.08305274971941638,
      "op_leverage_ratio": 0.09742826049601924,
      "fcf_margin_change": 0.038615103275267876
    },
    {
      "date": "2022-06-30T00:00:00",
      "quarter_label": "2022-06 (Q2)",
      "revenue": 945000000,
      "gross_profit": 263000000,
      "operating_income": 190000000,
      "net_income": 375000000,
      "opex": 73000000,
      "cogs": null,
      "rd": null,
      "sga": 73000000,
      "fcf": 32000000,
      "ocf": 32000000,
      "capex": null,
      "gross_margin": 0.2783068783068783,
      "op_margin": 0.20105820105820105,
      "fcf_margin": 0.033862433862433865,
      "incr_op_margin_yoy": 2.2222222222222223,
      "rev_growth_yoy": 0.019417475728155338,
      "rev_growth_yoy_accel": -0.06363527399126104,
      "fcf_margin_change": -0.1619924884173589
    },
    {
      "date": "2022-09-30T00:00:00",
      "quarter_label": "2022-09 (Q3)",
      "revenue": 895000000,
      "gross_profit": 232000000,
      "operating_income": 163000000,
      "net_income": 121000000,
      "opex": 69000000,
      "cogs": null,
      "rd": null,
      "sga": 69000000,
      "fcf": 137000000,
      "ocf": 137000000,
      "capex": null,
      "gross_margin": 0.25921787709497207,
      "op_margin": 0.18212290502793296,
      "fcf_margin": 0.15307262569832403,
      "incr_op_margin_yoy": -0.2,
      "rev_growth_yoy": 0.028735632183908046,
      "rev_growth_yoy_accel": 0.009318156455752707,
      "fcf_margin_change": 0.11921019183589016
    },
    {
      "date": "2022-12-31T00:00:00",
      "quarter_label": "2022-12 (Q4)",
      "revenue": 649000000,
      "gross_profit": 105000000,
      "operating_income": 36000000,
      "net_income": -15000000,
      "opex": 69000000,
      "cogs": null,
      "rd": null,
      "sga": 69000000,
      "fcf": 240000000,
      "ocf": 240000000,
      "capex": null,
      "gross_margin": 0.1617873651771957,
      "op_margin": 0.05546995377503852,
      "fcf_margin": 0.3697996918335901,
      "incr_op_margin_yoy": 0.41702127659574467,
      "rev_growth_yoy": -0.2658371040723982,
      "rev_growth_yoy_accel": -0.29457273625630626,
      "fcf_margin_change": 0.2167270661352661
    },
    {
      "date": "2023-03-31T00:00:00",
      "quarter_label": "2023-03 (Q1)",
      "revenue": 708000000,
      "gross_profit": 133000000,
      "operating_income": 62000000,
      "net_income": 23000000,
      "opex": 71000000,
      "cogs": null,
      "rd": null,
      "sga": 71000000,
      "fcf": -79000000,
      "ocf": -79000000,
      "capex": null,
      "gross_margin": 0.18785310734463276,
      "op_margin": 0.08757062146892655,
      "fcf_margin": -0.1115819209039548,
      "incr_op_margin_yoy": 0.027237354085603113,
      "rev_growth_yoy": -0.26632124352331604,
      "rev_growth_yoy_accel": -0.00048413945091785315,
      "op_leverage_ratio": 3.1363636363636362,
      "fcf_margin_change": -0.48138161273754493
    },
    {
      "date": "2023-06-30T00:00:00",
      "quarter_label": "2023-06 (Q2)",
      "revenue": 794000000,
      "gross_profit": 157000000,
      "operating_income": 84000000,
      "net_income": -269000000,
      "opex": 73000000,
      "cogs": null,
      "rd": null,
      "sga": 73000000,
      "fcf": 136000000,
      "ocf": 136000000,
      "capex": null,
      "gross_margin": 0.1977329974811083,
      "op_margin": 0.10579345088161209,
      "fcf_margin": 0.1712846347607053,
      "incr_op_margin_yoy": 0.7019867549668874,
      "rev_growth_yoy": -0.15978835978835979,
      "rev_growth_yoy_accel": 0.10653288373495626,
      "op_leverage_ratio": 4.312146892655368,
      "fcf_margin_change": 0.2828665556646601
    },
    {
      "date": "2023-09-30T00:00:00",
      "quarter_label": "2023-09 (Q3)",
      "revenue": 662000000,
      "gross_profit": 94000000,
      "operating_income": 32000000,
      "net_income": -14000000,
      "opex": 62000000,
      "cogs": null,
      "rd": null,
      "sga": 62000000,
      "fcf": 17000000,
      "ocf": 17000000,
      "capex": null,
      "gross_margin": 0.1419939577039275,
      "op_margin": 0.04833836858006042,
      "fcf_margin": 0.0256797583081571,
      "incr_op_margin_yoy": 0.5622317596566524,
      "rev_growth_yoy": -0.26033519553072626,
      "rev_growth_yoy_accel": -0.10054683574236647,
      "fcf_margin_change": -0.1456048764525482
    },
    {
      "date": "2023-12-31T00:00:00",
      "quarter_label": "2023-12 (Q4)",
      "revenue": 686000000,
      "gross_profit": 78000000,
      "operating_income": 8000000,
      "net_income": -56000000,
      "opex": 70000000,
      "cogs": null,
      "rd": null,
      "sga": 70000000,
      "fcf": 110000000,
      "ocf": 110000000,
      "capex": null,
      "gross_margin": 0.11370262390670553,
      "op_margin": 0.011661807580174927,
      "fcf_margin": 0.16034985422740525,
      "incr_op_margin_yoy": -0.7567567567567568,
      "rev_growth_yoy": 0.05701078582434515,
      "rev_growth_yoy_accel": 0.3173459813550714,
      "op_leverage_ratio": 0.28096676737160126,
      "fcf_margin_change": 0.13467009591924814
    },
    {
      "date": "2024-03-31T00:00:00",
      "quarter_label": "2024-03 (Q1)",
      "revenue": 774000000,
      "gross_profit": 120000000,
      "operating_income": 41000000,
      "net_income": -9000000,
      "opex": 79000000,
      "cogs": null,
      "rd": null,
      "sga": 79000000,
      "fcf": -29000000,
      "ocf": -29000000,
      "capex": null,
      "gross_margin": 0.15503875968992248,
      "op_margin": 0.05297157622739018,
      "fcf_margin": -0.037467700258397935,
      "incr_op_margin_yoy": -0.3181818181818182,
      "rev_growth_yoy": 0.09322033898305085,
      "rev_growth_yoy_accel": 0.0362095531587057,
      "op_leverage_ratio": 0.997732426303855,
      "fcf_margin_change": -0.19781755448580318
    },
    {
      "date": "2024-06-30T00:00:00",
      "quarter_label": "2024-06 (Q2)",
      "revenue": 820000000,
      "gross_profit": 150000000,
      "operating_income": 76000000,
      "net_income": 16000000,
      "opex": 74000000,
      "cogs": null,
      "rd": null,
      "sga": 74000000,
      "fcf": 160000000,
      "ocf": 160000000,
      "capex": null,
      "gross_margin": 0.18292682926829268,
      "op_margin": 0.09268292682926829,
      "fcf_margin": 0.1951219512195122,
      "incr_op_margin_yoy": -0.3076923076923077,
      "rev_growth_yoy": 0.0327455919395466,
      "rev_growth_yoy_accel": -0.06047474704350425,
      "op_leverage_ratio": null,
      "fcf_margin_change": 0.23258965147791014
    },
    {
      "date": "2024-09-30T00:00:00",
      "quarter_label": "2024-09 (Q3)",
      "revenue": 804000000,
      "gross_profit": 128000000,
      "operating_income": 54000000,
      "net_income": -25000000,
      "opex": 74000000,
      "cogs": null,
      "rd": null,
      "sga": 74000000,
      "fcf": 87000000,
      "ocf": 87000000,
      "capex": null,
      "gross_margin": 0.15920398009950248,
      "op_margin": 0.06716417910447761,
      "fcf_margin": 0.10820895522388059,
      "incr_op_margin_yoy": 0.15492957746478872,
      "rev_growth_yoy": 0.21450151057401812,
      "rev_growth_yoy_accel": 0.18175591863447152,
      "fcf_margin_change": -0.08691299599563161
    },
    {
      "date": "2024-12-31T00:00:00",
      "quarter_label": "2024-12 (Q4)",
      "revenue": 676000000,
      "gross_profit": 117000000,
      "operating_income": 48000000,
      "net_income": -30000000,
      "opex": 69000000,
      "cogs": null,
      "rd": null,
      "sga": 69000000,
      "fcf": 82000000,
      "ocf": 82000000,
      "capex": null,
      "gross_margin": 0.17307692307692307,
      "op_margin": 0.07100591715976332,
      "fcf_margin": 0.12130177514792899,
      "incr_op_margin_yoy": -4.0,
      "rev_growth_yoy": -0.014577259475218658,
      "rev_growth_yoy_accel": -0.22907877004923677,
      "fcf_margin_change": 0.013092819924048399
    },
    {
      "date": "2025-03-31T00:00:00",
      "quarter_label": "2025-03 (Q1)",
      "revenue": 738000000,
      "gross_profit": 99000000,
      "operating_income": -61000000,
      "net_income": -111000000,
      "opex": 160000000,
      "cogs": null,
      "rd": null,
      "sga": 74000000,
      "fcf": -32000000,
      "ocf": -32000000,
      "capex": null,
      "gross_margin": 0.13414634146341464,
      "op_margin": -0.08265582655826559,
      "fcf_margin": -0.04336043360433604,
      "incr_op_margin_yoy": 2.8333333333333335,
      "rev_growth_yoy": -0.046511627906976744,
      "rev_growth_yoy_accel": -0.031934368431758085,
      "op_leverage_ratio": 0.0695428831523506,
      "fcf_margin_change": -0.16466220875226503
    },
    {
      "date": "2025-06-30T00:00:00",
      "quarter_label": "2025-06 (Q2)",
      "revenue": 731000000,
      "gross_profit": 79000000,
      "operating_income": -35000000,
      "net_income": -84000000,
      "opex": 114000000,
      "cogs": null,
      "rd": null,
      "sga": 72000000,
      "fcf": 28000000,
      "ocf": 28000000,
      "capex": null,
      "gross_margin": 0.10807113543091655,
      "op_margin": -0.047879616963064295,
      "fcf_margin": 0.038303693570451436,
      "incr_op_margin_yoy": 1.247191011235955,
      "rev_growth_yoy": -0.10853658536585366,
      "rev_growth_yoy_accel": -0.062024957458876914,
      "fcf_margin_change": 0.08166412717478748
    },
    {
      "date": "2025-09-30T00:00:00",
      "quarter_label": "2025-09 (Q3)",
      "revenue": 699000000,
      "gross_profit": 52000000,
      "operating_income": -43000000,
      "net_income": -99000000,
      "opex": 95000000,
      "cogs": null,
      "rd": null,
      "sga": 70000000,
      "fcf": -57000000,
      "ocf": -57000000,
      "capex": null,
      "gross_margin": 0.07439198855507868,
      "op_margin": -0.06151645207439199,
      "fcf_margin": -0.0815450643776824,
      "incr_op_margin_yoy": 0.9238095238095239,
      "rev_growth_yoy": -0.13059701492537312,
      "rev_growth_yoy_accel": -0.022060429559519465,
      "fcf_margin_change": -0.11984875794813384
    },
    {
      "date": "2025-12-31T00:00:00",
      "quarter_label": "2025-12 (Q4)",
      "revenue": 730000000,
      "gross_profit": 39000000,
      "operating_income": -114000000,
      "net_income": -176000000,
      "opex": 153000000,
      "cogs": null,
      "rd": null,
      "sga": 74000000,
      "fcf": 121000000,
      "ocf": 121000000,
      "capex": null,
      "gross_margin": 0.05342465753424658,
      "op_margin": -0.15616438356164383,
      "fcf_margin": 0.16575342465753426,
      "incr_op_margin_yoy": -3.0,
      "rev_growth_yoy": 0.07988165680473373,
      "rev_growth_yoy_accel": 0.21047867173010687,
      "op_leverage_ratio": 0.07264071826747572,
      "fcf_margin_change": 0.24729848903521667
    }
  ],
  "signals": [
    {
      "quarter": "2025-12 (Q4)",
      "signal": "FCF TURNED POSITIVE",
      "detail": "FCF margin: -8.2% -> +16.6%",
      "severity": "HIGH"
    },
    {
      "quarter": "2025-12 (Q4)",
      "signal": "YoY REVENUE GROWTH ACCELERATION",
      "detail": "YoY growth: +8.0% vs prior quarter YoY: -13.1% (accel: +21.0%)",
      "severity": "HIGH"
    },
    {
      "quarter": "2025-06 (Q2)",
      "signal": "FCF TURNED POSITIVE",
      "detail": "FCF margin: -4.3% -> +3.8%",
      "severity": "HIGH"
    },
    {
      "quarter": "2025-06 (Q2)",
      "signal": "YoY REVENUE GROWTH DECELERATION",
      "detail": "YoY growth: -10.9% vs prior quarter YoY: -4.7% (decel: -6.2%)",
      "severity": "WARNING"
    },
    {
      "quarter": "2024-12 (Q4)",
      "signal": "YoY REVENUE GROWTH DECELERATION",
      "detail": "YoY growth: -1.5% vs prior quarter YoY: +21.5% (decel: -22.9%)",
      "severity": "WARNING"
    },
    {
      "quarter": "2024-09 (Q3)",
      "signal": "YoY REVENUE GROWTH ACCELERATION",
      "detail": "YoY growth: +21.5% vs prior quarter YoY: +3.3% (accel: +18.2%)",
      "severity": "HIGH"
    },
    {
      "quarter": "2024-09 (Q3)",
      "signal": "INCREMENTAL MARGIN (YoY)",
      "detail": "YoY Incr OPM: +15.5% vs year-ago OPM: +4.8%",
      "severity": "MEDIUM"
    },
    {
      "quarter": "2024-06 (Q2)",
      "signal": "FCF TURNED POSITIVE",
      "detail": "FCF margin: -3.7% -> +19.5%",
      "severity": "HIGH"
    },
    {
      "quarter": "2024-06 (Q2)",
      "signal": "YoY REVENUE GROWTH DECELERATION",
      "detail": "YoY growth: +3.3% vs prior quarter YoY: +9.3% (decel: -6.0%)",
      "severity": "WARNING"
    },
    {
      "quarter": "2024-03 (Q1)",
      "signal": "GROSS MARGIN INFLECTION",
      "detail": "GM: +14.2% -> +11.4% -> +15.5% (reversal +4.1%)",
      "severity": "MEDIUM"
    },
    {
      "quarter": "2023-12 (Q4)",
      "signal": "FCF MARGIN EXPANSION",
      "detail": "FCF margin: +2.6% -> +16.0% (+13.5%)",
      "severity": "MEDIUM"
    },
    {
      "quarter": "2023-12 (Q4)",
      "signal": "YoY REVENUE GROWTH ACCELERATION",
      "detail": "YoY growth: +5.7% vs prior quarter YoY: -26.0% (accel: +31.7%)",
      "severity": "HIGH"
    },
    {
      "quarter": "2023-09 (Q3)",
      "signal": "YoY REVENUE GROWTH DECELERATION",
      "detail": "YoY growth: -26.0% vs prior quarter YoY: -16.0% (decel: -10.1%)",
      "severity": "WARNING"
    },
    {
      "quarter": "2023-09 (Q3)",
      "signal": "INCREMENTAL MARGIN (YoY)",
      "detail": "YoY Incr OPM: +56.2% vs year-ago OPM: +18.2%",
      "severity": "HIGH"
    },
    {
      "quarter": "2023-06 (Q2)",
      "signal": "FCF TURNED POSITIVE",
      "detail": "FCF margin: -11.2% -> +17.1%",
      "severity": "HIGH"
    },
    {
      "quarter": "2023-06 (Q2)",
      "signal": "OPERATING LEVERAGE",
      "detail": "Rev growth +12.1% vs OpEx growth +2.8% (leverage: 4.3x)",
      "severity": "MEDIUM"
    },
    {
      "quarter": "2023-06 (Q2)",
      "signal": "YoY REVENUE GROWTH ACCELERATION",
      "detail": "YoY growth: -16.0% vs prior quarter YoY: -26.6% (accel: +10.7%)",
      "severity": "MEDIUM"
    },
    {
      "quarter": "2023-06 (Q2)",
      "signal": "INCREMENTAL MARGIN (YoY)",
      "detail": "YoY Incr OPM: +70.2% vs year-ago OPM: +20.1%",
      "severity": "HIGH"
    },
    {
      "quarter": "2023-03 (Q1)",
      "signal": "OPERATING LEVERAGE",
      "detail": "Rev growth +9.1% vs OpEx growth +2.9% (leverage: 3.1x)",
      "severity": "MEDIUM"
    },
    {
      "quarter": "2023-03 (Q1)",
      "signal": "GROSS MARGIN INFLECTION",
      "detail": "GM: +25.9% -> +16.2% -> +18.8% (reversal +2.6%)",
      "severity": "MEDIUM"
    },
    {
      "quarter": "2022-12 (Q4)",
      "signal": "FCF MARGIN EXPANSION",
      "detail": "FCF margin: +15.3% -> +37.0% (+21.7%)",
      "severity": "MEDIUM"
    },
    {
      "quarter": "2022-12 (Q4)",
      "signal": "YoY REVENUE GROWTH DECELERATION",
      "detail": "YoY growth: -26.6% vs prior quarter YoY: +2.9% (decel: -29.5%)",
      "severity": "WARNING"
    },
    {
      "quarter": "2022-12 (Q4)",
      "signal": "INCREMENTAL MARGIN (YoY)",
      "detail": "YoY Incr OPM: +41.7% vs year-ago OPM: +15.2%",
      "severity": "HIGH"
    },
    {
      "quarter": "2022-09 (Q3)",
      "signal": "FCF MARGIN EXPANSION",
      "detail": "FCF margin: +3.4% -> +15.3% (+11.9%)",
      "severity": "MEDIUM"
    },
    {
      "quarter": "2022-06 (Q2)",
      "signal": "GROSS MARGIN INFLECTION",
      "detail": "GM: +24.7% -> +24.0% -> +27.8% (reversal +3.8%)",
      "severity": "MEDIUM"
    },
    {
      "quarter": "2022-06 (Q2)",
      "signal": "YoY REVENUE GROWTH DECELERATION",
      "detail": "YoY growth: +1.9% vs prior quarter YoY: +8.3% (decel: -6.4%)",
      "severity": "WARNING"
    },
    {
      "quarter": "2022-06 (Q2)",
      "signal": "INCREMENTAL MARGIN (YoY)",
      "detail": "YoY Incr OPM: +222.2% vs year-ago OPM: +16.2%",
      "severity": "HIGH"
    },
    {
      "quarter": "2021-09 (Q3)",
      "signal": "FCF MARGIN EXPANSION",
      "detail": "FCF margin: +22.7% -> +29.4% (+6.8%)",
      "severity": "MEDIUM"
    },
    {
      "quarter": "2021-06 (Q2)",
      "signal": "FCF MARGIN EXPANSION",
      "detail": "FCF margin: +15.2% -> +22.7% (+7.5%)",
      "severity": "MEDIUM"
    }
  ],
  "data_quality": {
    "n_quarters": 20,
    "coverage": {
      "revenue": [
        20,
        20
      ],
      "gross_profit": [
        20,
        20
      ],
      "op_income": [
        20,
        20
      ],
      "fcf": [
        20,
        20
      ]
    },
    "gaps": [],
    "warnings": []
  },
  "market_cap": null,
  "source": "SEC EDGAR",
  "last_updated": "2026-02-24T10:16:10.598904"
}