{
  "ticker": "TRT",
  "name": "TRIO-TECH INTERNATIONAL",
  "sector": "Technology",
  "industry": "Semiconductor Equipment & Materials",
  "quarters": [
    {
      "date": "2021-03-31T00:00:00",
      "quarter_label": "2021-03 (Q1)",
      "revenue": 8112000,
      "gross_profit": 2060000,
      "operating_income": -65000,
      "net_income": 178000,
      "opex": 2125000,
      "cogs": 6052000,
      "rd": 79000,
      "sga": null,
      "fcf": 181000,
      "ocf": 585000,
      "capex": -404000,
      "gross_margin": 0.2539447731755424,
      "op_margin": -0.008012820512820512,
      "fcf_margin": 0.022312623274161735
    },
    {
      "date": "2021-06-30T00:00:00",
      "quarter_label": "2021-06 (Q2)",
      "revenue": 9308000,
      "gross_profit": 2222000,
      "operating_income": -146000,
      "net_income": -996000,
      "opex": 1863000,
      "cogs": 7086000,
      "rd": 80000,
      "sga": null,
      "fcf": 247000,
      "ocf": 738000,
      "capex": -491000,
      "gross_margin": 0.23871938117748173,
      "op_margin": -0.015685431886549205,
      "fcf_margin": 0.02653631284916201,
      "op_leverage_ratio": null,
      "fcf_margin_change": 0.004223689575000276
    },
    {
      "date": "2021-09-30T00:00:00",
      "quarter_label": "2021-09 (Q3)",
      "revenue": 10171000,
      "gross_profit": 3179000,
      "operating_income": 970000,
      "net_income": 917000,
      "opex": 2209000,
      "cogs": 6992000,
      "rd": 82000,
      "sga": null,
      "fcf": -1149000,
      "ocf": -711000,
      "capex": -438000,
      "gross_margin": 0.31255530429652933,
      "op_margin": 0.09536918690394258,
      "fcf_margin": -0.11296824304394848,
      "op_leverage_ratio": 0.4992190818514001,
      "fcf_margin_change": -0.1395045558931105
    },
    {
      "date": "2021-12-31T00:00:00",
      "quarter_label": "2021-12 (Q4)",
      "revenue": 10922000,
      "gross_profit": 2890000,
      "operating_income": 656000,
      "net_income": 855000,
      "opex": 2234000,
      "cogs": 8032000,
      "rd": 131000,
      "sga": null,
      "fcf": 1191000,
      "ocf": 1548000,
      "capex": -357000,
      "gross_margin": 0.2646035524629189,
      "op_margin": 0.06006225965940304,
      "fcf_margin": 0.10904596227797107,
      "op_leverage_ratio": 6.524270966473307,
      "fcf_margin_change": 0.22201420532191957
    },
    {
      "date": "2022-03-31T00:00:00",
      "quarter_label": "2022-03 (Q1)",
      "revenue": 11138000,
      "gross_profit": 2474000,
      "operating_income": -130000,
      "net_income": -167000,
      "opex": 2604000,
      "cogs": 8664000,
      "rd": 80000,
      "sga": null,
      "fcf": -607000,
      "ocf": -258000,
      "capex": -349000,
      "gross_margin": 0.22212246363799604,
      "op_margin": -0.011671754354462202,
      "fcf_margin": -0.054498114562758125,
      "incr_op_margin_yoy": -0.021480502313284865,
      "rev_growth_yoy": 0.3730276134122288,
      "op_leverage_ratio": 0.1194078898528633,
      "fcf_margin_change": -0.1635440768407292
    },
    {
      "date": "2022-06-30T00:00:00",
      "quarter_label": "2022-06 (Q2)",
      "revenue": 11834000,
      "gross_profit": 3190000,
      "operating_income": 857000,
      "net_income": 790000,
      "opex": 2333000,
      "cogs": 8644000,
      "rd": 82000,
      "sga": null,
      "fcf": 1220000,
      "ocf": 1544000,
      "capex": -324000,
      "gross_margin": 0.2695622781815109,
      "op_margin": 0.07241845529829305,
      "fcf_margin": 0.10309278350515463,
      "incr_op_margin_yoy": 0.39707046714172606,
      "rev_growth_yoy": 0.27137945853029655,
      "rev_growth_yoy_accel": -0.10164815488193224,
      "op_leverage_ratio": null,
      "fcf_margin_change": 0.15759089806791277
    },
    {
      "date": "2022-09-30T00:00:00",
      "quarter_label": "2022-09 (Q3)",
      "revenue": 11939000,
      "gross_profit": 3622000,
      "operating_income": 1067000,
      "net_income": 882000,
      "opex": 2555000,
      "cogs": 8317000,
      "rd": 73000,
      "sga": null,
      "fcf": 405000,
      "ocf": 1561000,
      "capex": -1156000,
      "gross_margin": 0.3033754920847642,
      "op_margin": 0.08937096909288886,
      "fcf_margin": 0.03392243906524835,
      "incr_op_margin_yoy": 0.05486425339366516,
      "rev_growth_yoy": 0.17382754891357782,
      "rev_growth_yoy_accel": -0.09755190961671872,
      "fcf_margin_change": -0.06917034443990629
    },
    {
      "date": "2022-12-31T00:00:00",
      "quarter_label": "2022-12 (Q4)",
      "revenue": 12390000,
      "gross_profit": 3335000,
      "operating_income": 1069000,
      "net_income": 507000,
      "opex": 2266000,
      "cogs": 9055000,
      "rd": 151000,
      "sga": null,
      "fcf": -620000,
      "ocf": 2218000,
      "capex": -2838000,
      "gross_margin": 0.2691686844229217,
      "op_margin": 0.08627925746569814,
      "fcf_margin": -0.05004035512510089,
      "incr_op_margin_yoy": 0.28133514986376024,
      "rev_growth_yoy": 0.1344076176524446,
      "rev_growth_yoy_accel": -0.03941993126113322,
      "op_leverage_ratio": null,
      "fcf_margin_change": -0.08396279419034924
    },
    {
      "date": "2023-03-31T00:00:00",
      "quarter_label": "2023-03 (Q1)",
      "revenue": 9842000,
      "gross_profit": 2458000,
      "operating_income": -37000,
      "net_income": -7000,
      "opex": 2495000,
      "cogs": 7384000,
      "rd": 87000,
      "sga": null,
      "fcf": 2549000,
      "ocf": 2632000,
      "capex": -83000,
      "gross_margin": 0.24974598658809186,
      "op_margin": -0.0037593984962406013,
      "fcf_margin": 0.25899207478154845,
      "incr_op_margin_yoy": -0.07175925925925926,
      "rev_growth_yoy": -0.1163584126414078,
      "rev_growth_yoy_accel": -0.2507660302938524,
      "fcf_margin_change": 0.30903242990664936
    },
    {
      "date": "2023-06-30T00:00:00",
      "quarter_label": "2023-06 (Q2)",
      "revenue": 9079000,
      "gross_profit": 2290000,
      "operating_income": 129000,
      "net_income": 162000,
      "opex": 2161000,
      "cogs": 6789000,
      "rd": 86000,
      "sga": null,
      "fcf": 1278000,
      "ocf": 1699000,
      "capex": -421000,
      "gross_margin": 0.25223042185262695,
      "op_margin": 0.014208613283401256,
      "fcf_margin": 0.1407644013657892,
      "incr_op_margin_yoy": 0.26424682395644283,
      "rev_growth_yoy": -0.23280378570221397,
      "rev_growth_yoy_accel": -0.11644537306080617,
      "fcf_margin_change": -0.11822767341575927
    },
    {
      "date": "2023-09-30T00:00:00",
      "quarter_label": "2023-09 (Q3)",
      "revenue": 9966000,
      "gross_profit": 2520000,
      "operating_income": -1000,
      "net_income": 230000,
      "opex": 2521000,
      "cogs": 7446000,
      "rd": 85000,
      "sga": null,
      "fcf": -53000,
      "ocf": 24000,
      "capex": -77000,
      "gross_margin": 0.25285972305839854,
      "op_margin": -0.00010034115994380895,
      "fcf_margin": -0.005318081477021875,
      "incr_op_margin_yoy": 0.5413076533198176,
      "rev_growth_yoy": -0.16525672166848146,
      "rev_growth_yoy_accel": 0.0675470640337325,
      "op_leverage_ratio": 0.5864592894469534,
      "fcf_margin_change": -0.14608248284281106
    },
    {
      "date": "2023-12-31T00:00:00",
      "quarter_label": "2023-12 (Q4)",
      "revenue": 12202000,
      "gross_profit": 2854000,
      "operating_income": 677000,
      "net_income": 507000,
      "opex": 2177000,
      "cogs": 9348000,
      "rd": 131000,
      "sga": null,
      "fcf": 1262000,
      "ocf": 1343000,
      "capex": -81000,
      "gross_margin": 0.2338960826094083,
      "op_margin": 0.055482707752827404,
      "fcf_margin": 0.10342566792329126,
      "rev_growth_yoy": -0.015173527037933818,
      "rev_growth_yoy_accel": 0.15008319463054764,
      "op_leverage_ratio": null,
      "fcf_margin_change": 0.10874374940031313
    },
    {
      "date": "2024-03-31T00:00:00",
      "quarter_label": "2024-03 (Q1)",
      "revenue": 10398000,
      "gross_profit": 2703000,
      "operating_income": 59000,
      "net_income": 70000,
      "opex": 2644000,
      "cogs": 7695000,
      "rd": 89000,
      "sga": null,
      "fcf": 1101000,
      "ocf": 1151000,
      "capex": -50000,
      "gross_margin": 0.2599538372763993,
      "op_margin": 0.005674168109251779,
      "fcf_margin": 0.10588574725908828,
      "rev_growth_yoy": 0.056492582808372285,
      "rev_growth_yoy_accel": 0.0716661098463061,
      "fcf_margin_change": 0.002460079335797019
    },
    {
      "date": "2024-06-30T00:00:00",
      "quarter_label": "2024-06 (Q2)",
      "revenue": 9746000,
      "gross_profit": 2685000,
      "operating_income": 358000,
      "net_income": 243000,
      "opex": 2327000,
      "cogs": 7061000,
      "rd": 87000,
      "sga": null,
      "fcf": -135000,
      "ocf": 199000,
      "capex": -334000,
      "gross_margin": 0.27549764005745947,
      "op_margin": 0.036733018674327926,
      "fcf_margin": -0.013851836650933716,
      "rev_growth_yoy": 0.07346624077541579,
      "rev_growth_yoy_accel": 0.016973657967043504,
      "fcf_margin_change": -0.119737583910022
    },
    {
      "date": "2024-09-30T00:00:00",
      "quarter_label": "2024-09 (Q3)",
      "revenue": 9799000,
      "gross_profit": 2322000,
      "operating_income": 133000,
      "net_income": -236000,
      "opex": 2189000,
      "cogs": 7477000,
      "rd": 88000,
      "sga": null,
      "fcf": -1926000,
      "ocf": -1857000,
      "capex": -69000,
      "gross_margin": 0.23696295540361262,
      "op_margin": 0.013572813552403307,
      "fcf_margin": -0.19655066843555466,
      "rev_growth_yoy": -0.016756973710616095,
      "rev_growth_yoy_accel": -0.09022321448603188,
      "fcf_margin_change": -0.18269883178462093
    },
    {
      "date": "2024-12-31T00:00:00",
      "quarter_label": "2024-12 (Q4)",
      "revenue": 8619000,
      "gross_profit": 2218000,
      "operating_income": -3000,
      "net_income": 507000,
      "opex": 2221000,
      "cogs": 6401000,
      "rd": 114000,
      "sga": null,
      "fcf": 1928000,
      "ocf": 2111000,
      "capex": -183000,
      "gross_margin": 0.25733843833391346,
      "op_margin": -0.0003480682213713888,
      "fcf_margin": 0.22369184360134586,
      "incr_op_margin_yoy": 0.18978509628802678,
      "rev_growth_yoy": -0.29364038682183247,
      "rev_growth_yoy_accel": -0.2768834131112164,
      "fcf_margin_change": 0.42024251203690055
    },
    {
      "date": "2025-03-31T00:00:00",
      "quarter_label": "2025-03 (Q1)",
      "revenue": 7384000,
      "gross_profit": 1976000,
      "operating_income": -343000,
      "net_income": -495000,
      "opex": 2319000,
      "cogs": 5408000,
      "rd": 90000,
      "sga": null,
      "fcf": 623000,
      "ocf": 781000,
      "capex": -158000,
      "gross_margin": 0.2676056338028169,
      "op_margin": -0.046451787648970747,
      "fcf_margin": 0.08437161430119176,
      "incr_op_margin_yoy": 0.1333775713337757,
      "rev_growth_yoy": -0.2898634352760146,
      "rev_growth_yoy_accel": 0.0037769515458178637,
      "fcf_margin_change": -0.13932022930015409
    },
    {
      "date": "2025-06-30T00:00:00",
      "quarter_label": "2025-06 (Q2)",
      "revenue": 10671000,
      "gross_profit": 2628000,
      "operating_income": 467000,
      "net_income": 183000,
      "opex": 2161000,
      "cogs": 8043000,
      "rd": 92000,
      "sga": null,
      "fcf": -1221000,
      "ocf": -664000,
      "capex": -557000,
      "gross_margin": 0.24627495080123699,
      "op_margin": 0.04376347108986974,
      "fcf_margin": -0.114422265954456,
      "rev_growth_yoy": 0.09491073260824953,
      "rev_growth_yoy_accel": 0.3847741678842641,
      "op_leverage_ratio": null,
      "fcf_margin_change": -0.19879388025564776
    },
    {
      "date": "2025-09-30T00:00:00",
      "quarter_label": "2025-09 (Q3)",
      "revenue": 15514000,
      "gross_profit": 2585000,
      "operating_income": 46000,
      "net_income": 77000,
      "opex": 2539000,
      "cogs": 12929000,
      "rd": 94000,
      "sga": null,
      "fcf": 887000,
      "ocf": 933000,
      "capex": -46000,
      "gross_margin": 0.16662369472734304,
      "op_margin": 0.0029650638133298956,
      "fcf_margin": 0.05717416527007864,
      "incr_op_margin_yoy": -0.015223097112860892,
      "rev_growth_yoy": 0.583222777834473,
      "rev_growth_yoy_accel": 0.4883120452262234,
      "op_leverage_ratio": 2.594611365719978,
      "fcf_margin_change": 0.17159643122453463
    },
    {
      "date": "2025-12-31T00:00:00",
      "quarter_label": "2025-12 (Q4)",
      "revenue": 15649000,
      "gross_profit": 2499000,
      "operating_income": 97000,
      "net_income": 126000,
      "opex": 2402000,
      "cogs": 13150000,
      "rd": 106000,
      "sga": null,
      "fcf": -152000,
      "ocf": 134000,
      "capex": -286000,
      "gross_margin": 0.1596907150616653,
      "op_margin": 0.006198479136047032,
      "fcf_margin": -0.009713080708032461,
      "incr_op_margin_yoy": 0.01422475106685633,
      "rev_growth_yoy": 0.8156398654136211,
      "rev_growth_yoy_accel": 0.23241708757914814,
      "fcf_margin_change": -0.0668872459781111
    }
  ],
  "signals": [
    {
      "quarter": "2025-12 (Q4)",
      "signal": "YoY REVENUE GROWTH ACCELERATION",
      "detail": "YoY growth: +81.6% vs prior quarter YoY: +58.3% (accel: +23.2%)",
      "severity": "HIGH"
    },
    {
      "quarter": "2025-12 (Q4)",
      "signal": "OP MARGIN TURNED POSITIVE (YoY)",
      "detail": "Op margin: -0.0% (year-ago) -> +0.6%",
      "severity": "HIGH"
    },
    {
      "quarter": "2025-09 (Q3)",
      "signal": "FCF TURNED POSITIVE",
      "detail": "FCF margin: -11.4% -> +5.7%",
      "severity": "HIGH"
    },
    {
      "quarter": "2025-09 (Q3)",
      "signal": "OPERATING LEVERAGE",
      "detail": "Rev growth +45.4% vs OpEx growth +17.5% (leverage: 2.6x)",
      "severity": "MEDIUM"
    },
    {
      "quarter": "2025-09 (Q3)",
      "signal": "YoY REVENUE GROWTH ACCELERATION",
      "detail": "YoY growth: +58.3% vs prior quarter YoY: +9.5% (accel: +48.8%)",
      "severity": "HIGH"
    },
    {
      "quarter": "2025-06 (Q2)",
      "signal": "YoY REVENUE GROWTH ACCELERATION",
      "detail": "YoY growth: +9.5% vs prior quarter YoY: -29.0% (accel: +38.5%)",
      "severity": "HIGH"
    },
    {
      "quarter": "2025-06 (Q2)",
      "signal": "OP MARGIN TURNED POSITIVE (QoQ)",
      "detail": "Op margin: -4.6% -> +4.4%",
      "severity": "HIGH"
    },
    {
      "quarter": "2024-12 (Q4)",
      "signal": "FCF TURNED POSITIVE",
      "detail": "FCF margin: -19.7% -> +22.4%",
      "severity": "HIGH"
    },
    {
      "quarter": "2024-12 (Q4)",
      "signal": "GROSS MARGIN INFLECTION",
      "detail": "GM: +27.5% -> +23.7% -> +25.7% (reversal +2.0%)",
      "severity": "MEDIUM"
    },
    {
      "quarter": "2024-12 (Q4)",
      "signal": "YoY REVENUE GROWTH DECELERATION",
      "detail": "YoY growth: -29.4% vs prior quarter YoY: -1.7% (decel: -27.7%)",
      "severity": "WARNING"
    },
    {
      "quarter": "2024-09 (Q3)",
      "signal": "YoY REVENUE GROWTH DECELERATION",
      "detail": "YoY growth: -1.7% vs prior quarter YoY: +7.3% (decel: -9.0%)",
      "severity": "WARNING"
    },
    {
      "quarter": "2024-09 (Q3)",
      "signal": "OP MARGIN TURNED POSITIVE (YoY)",
      "detail": "Op margin: -0.0% (year-ago) -> +1.4%",
      "severity": "HIGH"
    },
    {
      "quarter": "2024-03 (Q1)",
      "signal": "GROSS MARGIN INFLECTION",
      "detail": "GM: +25.3% -> +23.4% -> +26.0% (reversal +2.6%)",
      "severity": "MEDIUM"
    },
    {
      "quarter": "2024-03 (Q1)",
      "signal": "YoY REVENUE GROWTH ACCELERATION",
      "detail": "YoY growth: +5.6% vs prior quarter YoY: -1.5% (accel: +7.2%)",
      "severity": "MEDIUM"
    },
    {
      "quarter": "2024-03 (Q1)",
      "signal": "OP MARGIN TURNED POSITIVE (YoY)",
      "detail": "Op margin: -0.4% (year-ago) -> +0.6%",
      "severity": "HIGH"
    },
    {
      "quarter": "2023-12 (Q4)",
      "signal": "FCF TURNED POSITIVE",
      "detail": "FCF margin: -0.5% -> +10.3%",
      "severity": "HIGH"
    },
    {
      "quarter": "2023-12 (Q4)",
      "signal": "YoY REVENUE GROWTH ACCELERATION",
      "detail": "YoY growth: -1.5% vs prior quarter YoY: -16.5% (accel: +15.0%)",
      "severity": "HIGH"
    },
    {
      "quarter": "2023-12 (Q4)",
      "signal": "OP MARGIN TURNED POSITIVE (QoQ)",
      "detail": "Op margin: -0.0% -> +5.5%",
      "severity": "HIGH"
    },
    {
      "quarter": "2023-09 (Q3)",
      "signal": "YoY REVENUE GROWTH ACCELERATION",
      "detail": "YoY growth: -16.5% vs prior quarter YoY: -23.3% (accel: +6.8%)",
      "severity": "MEDIUM"
    },
    {
      "quarter": "2023-06 (Q2)",
      "signal": "YoY REVENUE GROWTH DECELERATION",
      "detail": "YoY growth: -23.3% vs prior quarter YoY: -11.6% (decel: -11.6%)",
      "severity": "WARNING"
    },
    {
      "quarter": "2023-06 (Q2)",
      "signal": "INCREMENTAL MARGIN (YoY)",
      "detail": "YoY Incr OPM: +26.4% vs year-ago OPM: +7.2%",
      "severity": "MEDIUM"
    },
    {
      "quarter": "2023-06 (Q2)",
      "signal": "OP MARGIN TURNED POSITIVE (QoQ)",
      "detail": "Op margin: -0.4% -> +1.4%",
      "severity": "HIGH"
    },
    {
      "quarter": "2023-03 (Q1)",
      "signal": "FCF TURNED POSITIVE",
      "detail": "FCF margin: -5.0% -> +25.9%",
      "severity": "HIGH"
    },
    {
      "quarter": "2023-03 (Q1)",
      "signal": "YoY REVENUE GROWTH DECELERATION",
      "detail": "YoY growth: -11.6% vs prior quarter YoY: +13.4% (decel: -25.1%)",
      "severity": "WARNING"
    },
    {
      "quarter": "2022-12 (Q4)",
      "signal": "INCREMENTAL MARGIN (YoY)",
      "detail": "YoY Incr OPM: +28.1% vs year-ago OPM: +6.0%",
      "severity": "HIGH"
    },
    {
      "quarter": "2022-09 (Q3)",
      "signal": "YoY REVENUE GROWTH DECELERATION",
      "detail": "YoY growth: +17.4% vs prior quarter YoY: +27.1% (decel: -9.8%)",
      "severity": "WARNING"
    },
    {
      "quarter": "2022-06 (Q2)",
      "signal": "FCF TURNED POSITIVE",
      "detail": "FCF margin: -5.4% -> +10.3%",
      "severity": "HIGH"
    },
    {
      "quarter": "2022-06 (Q2)",
      "signal": "GROSS MARGIN INFLECTION",
      "detail": "GM: +26.5% -> +22.2% -> +27.0% (reversal +4.7%)",
      "severity": "MEDIUM"
    },
    {
      "quarter": "2022-06 (Q2)",
      "signal": "YoY REVENUE GROWTH DECELERATION",
      "detail": "YoY growth: +27.1% vs prior quarter YoY: +37.3% (decel: -10.2%)",
      "severity": "WARNING"
    },
    {
      "quarter": "2022-06 (Q2)",
      "signal": "OP MARGIN TURNED POSITIVE (YoY)",
      "detail": "Op margin: -1.6% (year-ago) -> +7.2%",
      "severity": "HIGH"
    },
    {
      "quarter": "2022-06 (Q2)",
      "signal": "OP MARGIN TURNED POSITIVE (QoQ)",
      "detail": "Op margin: -1.2% -> +7.2%",
      "severity": "HIGH"
    },
    {
      "quarter": "2021-12 (Q4)",
      "signal": "FCF TURNED POSITIVE",
      "detail": "FCF margin: -11.3% -> +10.9%",
      "severity": "HIGH"
    },
    {
      "quarter": "2021-12 (Q4)",
      "signal": "OPERATING LEVERAGE",
      "detail": "Rev growth +7.4% vs OpEx growth +1.1% (leverage: 6.5x)",
      "severity": "MEDIUM"
    },
    {
      "quarter": "2021-09 (Q3)",
      "signal": "GROSS MARGIN INFLECTION",
      "detail": "GM: +25.4% -> +23.9% -> +31.3% (reversal +7.4%)",
      "severity": "HIGH"
    },
    {
      "quarter": "2021-09 (Q3)",
      "signal": "OP MARGIN TURNED POSITIVE (QoQ)",
      "detail": "Op margin: -1.6% -> +9.5%",
      "severity": "HIGH"
    }
  ],
  "data_quality": {
    "n_quarters": 20,
    "coverage": {
      "revenue": [
        20,
        20
      ],
      "gross_profit": [
        20,
        20
      ],
      "op_income": [
        20,
        20
      ],
      "fcf": [
        20,
        20
      ]
    },
    "gaps": [],
    "warnings": []
  },
  "market_cap": null,
  "source": "SEC EDGAR",
  "last_updated": "2026-02-24T10:41:07.762915"
}