{
  "ticker": "TSCO",
  "name": "TRACTOR SUPPLY CO /DE/",
  "quarters": [
    {
      "date": "2020-12-26T00:00:00",
      "quarter_label": "2020-12 (Q4)",
      "revenue": 10620352000,
      "gross_profit": 995530000,
      "operating_income": 184467000,
      "net_income": 135893000,
      "opex": 811063000,
      "cogs": 1882735000,
      "rd": null,
      "sga": 683600000,
      "fcf": 256830000,
      "ocf": 389540000,
      "capex": -132710000,
      "gross_margin": 0.09373794766877783,
      "op_margin": 0.01736919830905793,
      "fcf_margin": 0.024182814279602033
    },
    {
      "date": "2021-03-27T00:00:00",
      "quarter_label": "2021-03 (Q1)",
      "revenue": 2792336000,
      "gross_profit": 983780000,
      "operating_income": 230536000,
      "net_income": 181354000,
      "opex": 753244000,
      "cogs": 1808556000,
      "rd": null,
      "sga": 693190000,
      "fcf": 76376000,
      "ocf": 177117000,
      "capex": -100741000,
      "gross_margin": 0.3523143346645962,
      "op_margin": 0.0825602649537878,
      "fcf_margin": 0.02735200921379089,
      "fcf_margin_change": 0.0031691949341888584
    },
    {
      "date": "2021-06-26T00:00:00",
      "quarter_label": "2021-06 (Q2)",
      "revenue": 3601559000,
      "gross_profit": 1287485000,
      "operating_income": 485883000,
      "net_income": 370022000,
      "opex": 801602000,
      "cogs": 2314074000,
      "rd": null,
      "sga": 736749000,
      "fcf": 516502000,
      "ocf": 631790000,
      "capex": -115288000,
      "gross_margin": 0.3574799135596557,
      "op_margin": 0.1349090768747645,
      "fcf_margin": 0.1434106729891139,
      "op_leverage_ratio": 4.514065874386648,
      "fcf_margin_change": 0.116058663775323
    },
    {
      "date": "2021-09-25T00:00:00",
      "quarter_label": "2021-09 (Q3)",
      "revenue": 3017926000,
      "gross_profit": 1085310000,
      "operating_income": 297225000,
      "net_income": 224400000,
      "opex": 788085000,
      "cogs": 1932616000,
      "rd": null,
      "sga": 718261000,
      "fcf": -103399000,
      "ocf": 62930000,
      "capex": -166329000,
      "gross_margin": 0.35962114379212745,
      "op_margin": 0.09848651027228633,
      "fcf_margin": -0.034261608800215775,
      "fcf_margin_change": -0.17767228178932967
    },
    {
      "date": "2021-12-25T00:00:00",
      "quarter_label": "2021-12 (Q4)",
      "revenue": 3319284000,
      "gross_profit": 1120578000,
      "operating_income": 293054000,
      "net_income": 221338000,
      "opex": 827524000,
      "cogs": 2198706000,
      "rd": null,
      "sga": 752097000,
      "fcf": 20810000,
      "ocf": 266883000,
      "capex": -246073000,
      "gross_margin": 0.3375963008889869,
      "op_margin": 0.0882883176010248,
      "fcf_margin": 0.006269424369833976,
      "incr_op_margin_yoy": -0.014872755602331056,
      "rev_growth_yoy": -0.6874600766528266,
      "op_leverage_ratio": 1.9953601989977505,
      "fcf_margin_change": 0.04053103317004975
    },
    {
      "date": "2022-03-26T00:00:00",
      "quarter_label": "2022-03 (Q1)",
      "revenue": 3024132000,
      "gross_profit": 1056509000,
      "operating_income": 244286000,
      "net_income": 187227000,
      "opex": 812223000,
      "cogs": 1967623000,
      "rd": null,
      "sga": 734577000,
      "fcf": -53321000,
      "ocf": 59066000,
      "capex": -112387000,
      "gross_margin": 0.34935941949623894,
      "op_margin": 0.08077888134512647,
      "fcf_margin": -0.017631836176463196,
      "incr_op_margin_yoy": 0.05931940154273586,
      "rev_growth_yoy": 0.08301150004870474,
      "rev_growth_yoy_accel": 0.7704715767015313,
      "fcf_margin_change": -0.02390126054629717
    },
    {
      "date": "2022-06-25T00:00:00",
      "quarter_label": "2022-06 (Q2)",
      "revenue": 3903406000,
      "gross_profit": 1386255000,
      "operating_income": 525035000,
      "net_income": 396478000,
      "opex": 861220000,
      "cogs": 2517151000,
      "rd": null,
      "sga": 777860000,
      "fcf": 413618000,
      "ocf": 566539000,
      "capex": -152921000,
      "gross_margin": 0.3551398445357721,
      "op_margin": 0.13450688962408727,
      "fcf_margin": 0.10596335610489915,
      "incr_op_margin_yoy": 0.12970809714855538,
      "rev_growth_yoy": 0.08381009446187054,
      "rev_growth_yoy_accel": 0.0007985944131658068,
      "op_leverage_ratio": 4.819802928797299,
      "fcf_margin_change": 0.12359519228136234
    },
    {
      "date": "2022-09-24T00:00:00",
      "quarter_label": "2022-09 (Q3)",
      "revenue": 3270804000,
      "gross_profit": 1165815000,
      "operating_income": 306412000,
      "net_income": 234137000,
      "opex": 859403000,
      "cogs": 2104989000,
      "rd": null,
      "sga": 772167000,
      "fcf": -185121000,
      "ocf": 725000,
      "capex": -185846000,
      "gross_margin": 0.35643071244868235,
      "op_margin": 0.09368094205583703,
      "fcf_margin": -0.056598010764325836,
      "incr_op_margin_yoy": 0.036329771668551634,
      "rev_growth_yoy": 0.08379198164567322,
      "rev_growth_yoy_accel": -1.811281619731875e-05,
      "fcf_margin_change": -0.16256136686922498
    },
    {
      "date": "2022-12-31T00:00:00",
      "quarter_label": "2022-12 (Q4)",
      "revenue": 4006375000,
      "gross_profit": 1363625000,
      "operating_income": 359210000,
      "net_income": 270870000,
      "opex": 1004415000,
      "cogs": 2642750000,
      "rd": null,
      "sga": 909595000,
      "fcf": 408434000,
      "ocf": 730649000,
      "capex": -322215000,
      "gross_margin": 0.34036379520139776,
      "op_margin": 0.08965960500452404,
      "fcf_margin": 0.10194602352500702,
      "incr_op_margin_yoy": 0.09628418943051212,
      "rev_growth_yoy": 0.20699976259940397,
      "rev_growth_yoy_accel": 0.12320778095373075,
      "op_leverage_ratio": 1.3327939160733981,
      "fcf_margin_change": 0.15854403428933286
    },
    {
      "date": "2023-04-01T00:00:00",
      "quarter_label": "2023-04 (Q2)",
      "revenue": 3299225000,
      "gross_profit": 1169908000,
      "operating_income": 244440000,
      "net_income": 183088000,
      "opex": 925468000,
      "cogs": 2129317000,
      "rd": null,
      "sga": 828235000,
      "fcf": -138389000,
      "ocf": 19554000,
      "capex": -157943000,
      "gross_margin": 0.35460085323068297,
      "op_margin": 0.07409012722684873,
      "fcf_margin": -0.04194591153983132,
      "incr_op_margin_yoy": 0.000559810682205654,
      "rev_growth_yoy": 0.09096593667207649,
      "rev_growth_yoy_accel": -0.11603382592732749,
      "fcf_margin_change": -0.14389193506483833
    },
    {
      "date": "2023-07-01T00:00:00",
      "quarter_label": "2023-07 (Q3)",
      "revenue": 4184695000,
      "gross_profit": 1514769000,
      "operating_income": 559332000,
      "net_income": 421234000,
      "opex": 955437000,
      "cogs": 2669926000,
      "rd": null,
      "sga": 853158000,
      "fcf": 571124000,
      "ocf": 762767000,
      "capex": -191643000,
      "gross_margin": 0.3619783520662796,
      "op_margin": 0.13366135405328225,
      "fcf_margin": 0.13647924161736996,
      "incr_op_margin_yoy": 0.12192798154211505,
      "rev_growth_yoy": 0.07206245007565187,
      "rev_growth_yoy_accel": -0.018903486596424615,
      "op_leverage_ratio": 8.288025378044482,
      "fcf_margin_change": 0.17842515315720128
    },
    {
      "date": "2023-09-30T00:00:00",
      "quarter_label": "2023-09 (Q3)",
      "revenue": 3411980000,
      "gross_profit": 1250479000,
      "operating_income": 340905000,
      "net_income": 255001000,
      "opex": 909574000,
      "cogs": 2161501000,
      "rd": null,
      "sga": 819311000,
      "fcf": -21532000,
      "ocf": 155605000,
      "capex": -177137000,
      "gross_margin": 0.36649657969859145,
      "op_margin": 0.09991412610859383,
      "fcf_margin": -0.006310705221015364,
      "incr_op_margin_yoy": 0.24432623108743695,
      "rev_growth_yoy": 0.0431624762596597,
      "rev_growth_yoy_accel": -0.028899973815992172,
      "fcf_margin_change": -0.14278994683838533
    },
    {
      "date": "2023-12-30T00:00:00",
      "quarter_label": "2023-12 (Q4)",
      "revenue": 3659841000,
      "gross_profit": 1293063000,
      "operating_income": 334235000,
      "net_income": 247903000,
      "opex": 958828000,
      "cogs": 2366778000,
      "rd": null,
      "sga": 855554000,
      "fcf": 168947000,
      "ocf": 396107000,
      "capex": -227160000,
      "gross_margin": 0.35331125040677996,
      "op_margin": 0.09132500564915252,
      "fcf_margin": 0.046162387928874504,
      "incr_op_margin_yoy": 0.07207085019074608,
      "rev_growth_yoy": -0.08649564756169854,
      "rev_growth_yoy_accel": -0.12965812382135825,
      "op_leverage_ratio": 1.3415233997090674,
      "fcf_margin_change": 0.05247309314988987
    },
    {
      "date": "2024-03-30T00:00:00",
      "quarter_label": "2024-03 (Q1)",
      "revenue": 3394834000,
      "gross_profit": 1220854000,
      "operating_income": 263125000,
      "net_income": 198167000,
      "opex": 957729000,
      "cogs": 2173980000,
      "rd": null,
      "sga": 853436000,
      "fcf": 100209000,
      "ocf": 257408000,
      "capex": -157199000,
      "gross_margin": 0.35962111844054817,
      "op_margin": 0.07750747164662543,
      "fcf_margin": 0.029518085420376962,
      "incr_op_margin_yoy": 0.19543139244213412,
      "rev_growth_yoy": 0.02897922997067493,
      "rev_growth_yoy_accel": 0.11547487753237348,
      "fcf_margin_change": -0.016644302508497542
    },
    {
      "date": "2024-06-29T00:00:00",
      "quarter_label": "2024-06 (Q2)",
      "revenue": 4246622000,
      "gross_profit": 1555626000,
      "operating_income": 561458000,
      "net_income": 425196000,
      "opex": 994168000,
      "cogs": 2690996000,
      "rd": null,
      "sga": 884903000,
      "fcf": 367316000,
      "ocf": 559935000,
      "capex": -192619000,
      "gross_margin": 0.3663208074559026,
      "op_margin": 0.13221285059042223,
      "fcf_margin": 0.08649604320798979,
      "incr_op_margin_yoy": 0.03433074426340692,
      "rev_growth_yoy": 0.014798450066253336,
      "rev_growth_yoy_accel": -0.014180779904421596,
      "op_leverage_ratio": 6.594610691163365,
      "fcf_margin_change": 0.056977957787612825
    },
    {
      "date": "2024-09-28T00:00:00",
      "quarter_label": "2024-09 (Q3)",
      "revenue": 3468245000,
      "gross_profit": 1290448000,
      "operating_income": 324599000,
      "net_income": 241470000,
      "opex": 965849000,
      "cogs": 2177797000,
      "rd": null,
      "sga": 852299000,
      "fcf": -101933000,
      "ocf": 86267000,
      "capex": -188200000,
      "gross_margin": 0.3720752138329328,
      "op_margin": 0.09359171569482548,
      "fcf_margin": -0.02939036890415758,
      "incr_op_margin_yoy": -0.2898071625344353,
      "rev_growth_yoy": 0.016490424914565736,
      "rev_growth_yoy_accel": 0.0016919748483124,
      "fcf_margin_change": -0.11588641211214737
    },
    {
      "date": "2024-12-28T00:00:00",
      "quarter_label": "2024-12 (Q4)",
      "revenue": 3773531000,
      "gross_profit": 1329630000,
      "operating_income": 318349000,
      "net_income": 236406000,
      "opex": 1011281000,
      "cogs": 2443901000,
      "rd": null,
      "sga": 891226000,
      "fcf": 271196000,
      "ocf": 517225000,
      "capex": -246029000,
      "gross_margin": 0.35235698341950816,
      "op_margin": 0.08436369013531358,
      "fcf_margin": 0.07186796663390337,
      "incr_op_margin_yoy": -0.13973084704019703,
      "rev_growth_yoy": 0.031064191039993267,
      "rev_growth_yoy_accel": 0.014573766125427531,
      "op_leverage_ratio": 1.8713046577872476,
      "fcf_margin_change": 0.10125833553806095
    },
    {
      "date": "2025-03-29T00:00:00",
      "quarter_label": "2025-03 (Q1)",
      "revenue": 3466952000,
      "gross_profit": 1255422000,
      "operating_income": 249137000,
      "net_income": 179369000,
      "opex": 1006285000,
      "cogs": 2211530000,
      "rd": null,
      "sga": 886206000,
      "fcf": 75495000,
      "ocf": 216775000,
      "capex": -141280000,
      "gross_margin": 0.3621111570047696,
      "op_margin": 0.07186052763349478,
      "fcf_margin": 0.02177561154581892,
      "incr_op_margin_yoy": -0.19395989905432762,
      "rev_growth_yoy": 0.021243454024556133,
      "rev_growth_yoy_accel": -0.009820737015437134,
      "fcf_margin_change": -0.05009235508808445
    },
    {
      "date": "2025-06-28T00:00:00",
      "quarter_label": "2025-06 (Q2)",
      "revenue": 4439729000,
      "gross_profit": 1639974000,
      "operating_income": 577812000,
      "net_income": 430043000,
      "opex": 1062162000,
      "cogs": 2799755000,
      "rd": null,
      "sga": 940063000,
      "fcf": 575436000,
      "ocf": 785800000,
      "capex": -210364000,
      "gross_margin": 0.3693860593743447,
      "op_margin": 0.13014578142044256,
      "fcf_margin": 0.12961061362078632,
      "incr_op_margin_yoy": 0.08468879947386682,
      "rev_growth_yoy": 0.04547308425379042,
      "rev_growth_yoy_accel": 0.02422963022923429,
      "op_leverage_ratio": 5.053047523809449,
      "fcf_margin_change": 0.1078350020749674
    },
    {
      "date": "2025-09-27T00:00:00",
      "quarter_label": "2025-09 (Q3)",
      "revenue": 3719044000,
      "gross_profit": 1389232000,
      "operating_income": 342709000,
      "net_income": 259268000,
      "opex": 1046523000,
      "cogs": 2329812000,
      "rd": null,
      "sga": 922454000,
      "fcf": 30281000,
      "ocf": 307850000,
      "capex": -277569000,
      "gross_margin": 0.3735454595320733,
      "op_margin": 0.09214975676544833,
      "fcf_margin": 0.008142146207466219,
      "incr_op_margin_yoy": 0.07220921933500532,
      "rev_growth_yoy": 0.07231294213644077,
      "rev_growth_yoy_accel": 0.026839857882650343,
      "fcf_margin_change": -0.12146846741332011
    }
  ],
  "signals": [
    {
      "quarter": "2025-06 (Q2)",
      "signal": "FCF MARGIN EXPANSION",
      "detail": "FCF margin: +2.2% -> +13.0% (+10.8%)",
      "severity": "MEDIUM"
    },
    {
      "quarter": "2025-06 (Q2)",
      "signal": "OPERATING LEVERAGE",
      "detail": "Rev growth +28.1% vs OpEx growth +5.6% (leverage: 5.1x)",
      "severity": "MEDIUM"
    },
    {
      "quarter": "2024-12 (Q4)",
      "signal": "FCF TURNED POSITIVE",
      "detail": "FCF margin: -2.9% -> +7.2%",
      "severity": "HIGH"
    },
    {
      "quarter": "2024-12 (Q4)",
      "signal": "OPERATING LEVERAGE",
      "detail": "Rev growth +8.8% vs OpEx growth +4.7% (leverage: 1.9x)",
      "severity": "MEDIUM"
    },
    {
      "quarter": "2024-06 (Q2)",
      "signal": "FCF MARGIN EXPANSION",
      "detail": "FCF margin: +3.0% -> +8.6% (+5.7%)",
      "severity": "MEDIUM"
    },
    {
      "quarter": "2024-06 (Q2)",
      "signal": "OPERATING LEVERAGE",
      "detail": "Rev growth +25.1% vs OpEx growth +3.8% (leverage: 6.6x)",
      "severity": "MEDIUM"
    },
    {
      "quarter": "2024-03 (Q1)",
      "signal": "YoY REVENUE GROWTH ACCELERATION",
      "detail": "YoY growth: +2.9% vs prior quarter YoY: -8.6% (accel: +11.5%)",
      "severity": "MEDIUM"
    },
    {
      "quarter": "2024-03 (Q1)",
      "signal": "INCREMENTAL MARGIN (YoY)",
      "detail": "YoY Incr OPM: +19.5% vs year-ago OPM: +7.4%",
      "severity": "MEDIUM"
    },
    {
      "quarter": "2023-12 (Q4)",
      "signal": "FCF TURNED POSITIVE",
      "detail": "FCF margin: -0.6% -> +4.6%",
      "severity": "HIGH"
    },
    {
      "quarter": "2023-12 (Q4)",
      "signal": "YoY REVENUE GROWTH DECELERATION",
      "detail": "YoY growth: -8.6% vs prior quarter YoY: +4.3% (decel: -13.0%)",
      "severity": "WARNING"
    },
    {
      "quarter": "2023-09 (Q3)",
      "signal": "INCREMENTAL MARGIN (YoY)",
      "detail": "YoY Incr OPM: +24.4% vs year-ago OPM: +9.4%",
      "severity": "MEDIUM"
    },
    {
      "quarter": "2023-07 (Q3)",
      "signal": "FCF TURNED POSITIVE",
      "detail": "FCF margin: -4.2% -> +13.6%",
      "severity": "HIGH"
    },
    {
      "quarter": "2023-07 (Q3)",
      "signal": "OPERATING LEVERAGE",
      "detail": "Rev growth +26.8% vs OpEx growth +3.2% (leverage: 8.3x)",
      "severity": "MEDIUM"
    },
    {
      "quarter": "2023-04 (Q2)",
      "signal": "YoY REVENUE GROWTH DECELERATION",
      "detail": "YoY growth: +9.1% vs prior quarter YoY: +20.7% (decel: -11.6%)",
      "severity": "WARNING"
    },
    {
      "quarter": "2022-12 (Q4)",
      "signal": "FCF TURNED POSITIVE",
      "detail": "FCF margin: -5.7% -> +10.2%",
      "severity": "HIGH"
    },
    {
      "quarter": "2022-12 (Q4)",
      "signal": "YoY REVENUE GROWTH ACCELERATION",
      "detail": "YoY growth: +20.7% vs prior quarter YoY: +8.4% (accel: +12.3%)",
      "severity": "MEDIUM"
    },
    {
      "quarter": "2022-06 (Q2)",
      "signal": "FCF TURNED POSITIVE",
      "detail": "FCF margin: -1.8% -> +10.6%",
      "severity": "HIGH"
    },
    {
      "quarter": "2022-06 (Q2)",
      "signal": "OPERATING LEVERAGE",
      "detail": "Rev growth +29.1% vs OpEx growth +6.0% (leverage: 4.8x)",
      "severity": "MEDIUM"
    },
    {
      "quarter": "2022-03 (Q1)",
      "signal": "YoY REVENUE GROWTH ACCELERATION",
      "detail": "YoY growth: +8.3% vs prior quarter YoY: -68.7% (accel: +77.0%)",
      "severity": "HIGH"
    },
    {
      "quarter": "2021-12 (Q4)",
      "signal": "FCF TURNED POSITIVE",
      "detail": "FCF margin: -3.4% -> +0.6%",
      "severity": "HIGH"
    },
    {
      "quarter": "2021-12 (Q4)",
      "signal": "OPERATING LEVERAGE",
      "detail": "Rev growth +10.0% vs OpEx growth +5.0% (leverage: 2.0x)",
      "severity": "MEDIUM"
    },
    {
      "quarter": "2021-06 (Q2)",
      "signal": "FCF MARGIN EXPANSION",
      "detail": "FCF margin: +2.7% -> +14.3% (+11.6%)",
      "severity": "MEDIUM"
    },
    {
      "quarter": "2021-06 (Q2)",
      "signal": "OPERATING LEVERAGE",
      "detail": "Rev growth +29.0% vs OpEx growth +6.4% (leverage: 4.5x)",
      "severity": "MEDIUM"
    }
  ],
  "data_quality": {
    "n_quarters": 20,
    "coverage": {
      "revenue": [
        20,
        20
      ],
      "gross_profit": [
        20,
        20
      ],
      "op_income": [
        20,
        20
      ],
      "fcf": [
        20,
        20
      ]
    },
    "gaps": [],
    "warnings": []
  },
  "market_cap": null,
  "source": "SEC EDGAR",
  "last_updated": "2026-02-02T20:09:19.848633"
}