{
  "ticker": "TSEM",
  "name": "TOWER SEMICONDUCTOR LTD.",
  "quarters": [
    {
      "date": "2011-06-30T00:00:00",
      "quarter_label": "2011-06 (Q2)",
      "revenue": 139707000,
      "gross_profit": 20374000,
      "operating_income": 2476000,
      "net_income": 1743000,
      "opex": 17898000,
      "cogs": 119333000,
      "rd": 5457000,
      "sga": 10948000,
      "fcf": null,
      "ocf": null,
      "capex": null,
      "gross_margin": 0.14583378069817546,
      "op_margin": 0.017722805585976366,
      "fcf_margin": null
    },
    {
      "date": "2012-06-30T00:00:00",
      "quarter_label": "2012-06 (Q2)",
      "revenue": 168637000,
      "gross_profit": 28338000,
      "operating_income": 5272000,
      "net_income": -9404000,
      "opex": 23066000,
      "cogs": 140299000,
      "rd": 7582000,
      "sga": 9695000,
      "fcf": null,
      "ocf": null,
      "capex": null,
      "gross_margin": 0.16804141439897533,
      "op_margin": 0.03126241572134229,
      "fcf_margin": null,
      "incr_op_margin_yoy": 0.09664707915658487,
      "rev_growth_yoy": 0.2070762381269371,
      "op_leverage_ratio": 0.7171537364543189
    },
    {
      "date": "2013-06-30T00:00:00",
      "quarter_label": "2013-06 (Q2)",
      "revenue": 125236000,
      "gross_profit": 12222000,
      "operating_income": -7982000,
      "net_income": -22887000,
      "opex": 20204000,
      "cogs": 113014000,
      "rd": 7396000,
      "sga": 10942000,
      "fcf": null,
      "ocf": null,
      "capex": null,
      "gross_margin": 0.09759174678207544,
      "op_margin": -0.06373566706058961,
      "fcf_margin": null,
      "incr_op_margin_yoy": 0.30538466855602403,
      "rev_growth_yoy": -0.25736344930234767,
      "rev_growth_yoy_accel": -0.46443968742928476
    },
    {
      "date": "2014-06-30T00:00:00",
      "quarter_label": "2014-06 (Q2)",
      "revenue": 234072000,
      "gross_profit": 6725000,
      "operating_income": -28233000,
      "net_income": -15746000,
      "opex": 34958000,
      "cogs": 227347000,
      "rd": 14162000,
      "sga": 16527000,
      "fcf": null,
      "ocf": null,
      "capex": null,
      "gross_margin": 0.02873047609282614,
      "op_margin": -0.12061673331282682,
      "fcf_margin": null,
      "incr_op_margin_yoy": -0.1860689477746334,
      "rev_growth_yoy": 0.8690472388131208,
      "rev_growth_yoy_accel": 1.1264106881154685,
      "op_leverage_ratio": 1.1900657728738169
    },
    {
      "date": "2015-06-30T00:00:00",
      "quarter_label": "2015-06 (Q2)",
      "revenue": 235561000,
      "gross_profit": 52460000,
      "operating_income": 21506000,
      "net_income": 7787000,
      "opex": 30954000,
      "cogs": 183101000,
      "rd": 15148000,
      "sga": 15806000,
      "fcf": null,
      "ocf": null,
      "capex": null,
      "gross_margin": 0.22270239980302342,
      "op_margin": 0.09129694643850213,
      "fcf_margin": null,
      "incr_op_margin_yoy": 33.40429818670248,
      "rev_growth_yoy": 0.006361290543080761,
      "rev_growth_yoy_accel": -0.8626859482700401
    },
    {
      "date": "2016-06-30T00:00:00",
      "quarter_label": "2016-06 (Q2)",
      "revenue": 305003000,
      "gross_profit": 72728000,
      "operating_income": 40178000,
      "net_income": 38486000,
      "opex": 32550000,
      "cogs": 232275000,
      "rd": 16030000,
      "sga": 16520000,
      "fcf": null,
      "ocf": null,
      "capex": null,
      "gross_margin": 0.23845011360543994,
      "op_margin": 0.13172985183752292,
      "fcf_margin": null,
      "incr_op_margin_yoy": 0.26888626479652084,
      "rev_growth_yoy": 0.29479412975832164,
      "rev_growth_yoy_accel": 0.2884328392152409,
      "op_leverage_ratio": 5.71745456926008
    },
    {
      "date": "2017-06-30T00:00:00",
      "quarter_label": "2017-06 (Q2)",
      "revenue": 345059000,
      "gross_profit": 91061000,
      "operating_income": 57391000,
      "net_income": 50017000,
      "opex": 33670000,
      "cogs": 253998000,
      "rd": 16432000,
      "sga": 17238000,
      "fcf": null,
      "ocf": null,
      "capex": null,
      "gross_margin": 0.2638997968463364,
      "op_margin": 0.16632228111714228,
      "fcf_margin": null,
      "incr_op_margin_yoy": 0.42972338725783904,
      "rev_growth_yoy": 0.13132985577191045,
      "rev_growth_yoy_accel": -0.1634642739864112,
      "op_leverage_ratio": 3.8167739333711475
    },
    {
      "date": "2018-06-30T00:00:00",
      "quarter_label": "2018-06 (Q2)",
      "revenue": 335138000,
      "gross_profit": 78528000,
      "operating_income": 44240000,
      "net_income": 37742000,
      "opex": 34288000,
      "cogs": 256610000,
      "rd": 18173000,
      "sga": 16115000,
      "fcf": null,
      "ocf": null,
      "capex": null,
      "gross_margin": 0.23431541633595712,
      "op_margin": 0.13200532318030184,
      "fcf_margin": null,
      "incr_op_margin_yoy": 1.3255720189497027,
      "rev_growth_yoy": -0.02875160479802005,
      "rev_growth_yoy_accel": -0.1600814605699305
    },
    {
      "date": "2019-06-30T00:00:00",
      "quarter_label": "2019-06 (Q2)",
      "revenue": 306064000,
      "gross_profit": 53407000,
      "operating_income": 17757000,
      "net_income": 20936000,
      "opex": 35650000,
      "cogs": 252657000,
      "rd": 18812000,
      "sga": 16838000,
      "fcf": null,
      "ocf": null,
      "capex": null,
      "gross_margin": 0.17449618380469445,
      "op_margin": 0.05801727743217105,
      "fcf_margin": null,
      "incr_op_margin_yoy": 0.9108825754970077,
      "rev_growth_yoy": -0.08675232292369113,
      "rev_growth_yoy_accel": -0.05800071812567108
    },
    {
      "date": "2020-06-30T00:00:00",
      "quarter_label": "2020-06 (Q2)",
      "revenue": 310090000,
      "gross_profit": 57705000,
      "operating_income": 22127000,
      "net_income": 19052000,
      "opex": 35578000,
      "cogs": 252385000,
      "rd": 19424000,
      "sga": 16154000,
      "fcf": null,
      "ocf": null,
      "capex": null,
      "gross_margin": 0.18609113483182302,
      "op_margin": 0.07135670289270857,
      "fcf_margin": null,
      "incr_op_margin_yoy": 1.0854446100347739,
      "rev_growth_yoy": 0.013154111558366878,
      "rev_growth_yoy_accel": 0.099906434482058,
      "op_leverage_ratio": Infinity
    },
    {
      "date": "2021-06-30T00:00:00",
      "quarter_label": "2021-06 (Q2)",
      "revenue": 362138000,
      "gross_profit": 73755000,
      "operating_income": 34003000,
      "net_income": 30866000,
      "opex": 39752000,
      "cogs": 288383000,
      "rd": 21081000,
      "sga": 18671000,
      "fcf": null,
      "ocf": null,
      "capex": null,
      "gross_margin": 0.2036654535011515,
      "op_margin": 0.09389514494474482,
      "fcf_margin": null,
      "incr_op_margin_yoy": 0.22817399323701198,
      "rev_growth_yoy": 0.1678480441162243,
      "rev_growth_yoy_accel": 0.15469393255785743,
      "op_leverage_ratio": 1.4306894378454789
    },
    {
      "date": "2022-06-30T00:00:00",
      "quarter_label": "2022-06 (Q2)",
      "revenue": 426168000,
      "gross_profit": 112440000,
      "operating_income": 70674000,
      "net_income": 58077000,
      "opex": 41766000,
      "cogs": 313728000,
      "rd": 20481000,
      "sga": 21285000,
      "fcf": null,
      "ocf": null,
      "capex": null,
      "gross_margin": 0.2638396125471645,
      "op_margin": 0.16583600833474124,
      "fcf_margin": null,
      "incr_op_margin_yoy": 0.5727159144151179,
      "rev_growth_yoy": 0.1768110499312417,
      "rev_growth_yoy_accel": 0.008963005815017383,
      "op_leverage_ratio": 3.489867356934816
    },
    {
      "date": "2023-06-30T00:00:00",
      "quarter_label": "2023-06 (Q2)",
      "revenue": 357191000,
      "gross_profit": 86517000,
      "operating_income": 50529000,
      "net_income": 51190000,
      "opex": 35988000,
      "cogs": 270674000,
      "rd": 19452000,
      "sga": 17387000,
      "fcf": null,
      "ocf": null,
      "capex": null,
      "gross_margin": 0.24221494942481753,
      "op_margin": 0.14146213090475404,
      "fcf_margin": null,
      "incr_op_margin_yoy": 0.29205387303014047,
      "rev_growth_yoy": -0.16185401062491786,
      "rev_growth_yoy_accel": -0.3386650605561595
    },
    {
      "date": "2024-06-30T00:00:00",
      "quarter_label": "2024-06 (Q2)",
      "revenue": 351181000,
      "gross_profit": 86922000,
      "operating_income": 55148000,
      "net_income": 53445000,
      "opex": 31774000,
      "cogs": 264259000,
      "rd": 18994000,
      "sga": 19050000,
      "fcf": null,
      "ocf": null,
      "capex": null,
      "gross_margin": 0.2475133905308089,
      "op_margin": 0.15703583052613895,
      "fcf_margin": null,
      "incr_op_margin_yoy": -0.7685524126455907,
      "rev_growth_yoy": -0.016825731891341046,
      "rev_growth_yoy_accel": 0.14502827873357682
    }
  ],
  "signals": [
    {
      "quarter": "2024-06 (Q2)",
      "signal": "YoY REVENUE GROWTH ACCELERATION",
      "detail": "YoY growth: -1.7% vs prior quarter YoY: -16.2% (accel: +14.5%)",
      "severity": "MEDIUM"
    },
    {
      "quarter": "2023-06 (Q2)",
      "signal": "YoY REVENUE GROWTH DECELERATION",
      "detail": "YoY growth: -16.2% vs prior quarter YoY: +17.7% (decel: -33.9%)",
      "severity": "WARNING"
    },
    {
      "quarter": "2023-06 (Q2)",
      "signal": "INCREMENTAL MARGIN (YoY)",
      "detail": "YoY Incr OPM: +29.2% vs year-ago OPM: +16.6%",
      "severity": "MEDIUM"
    },
    {
      "quarter": "2022-06 (Q2)",
      "signal": "OPERATING LEVERAGE",
      "detail": "Rev growth +17.7% vs OpEx growth +5.1% (leverage: 3.5x)",
      "severity": "MEDIUM"
    },
    {
      "quarter": "2022-06 (Q2)",
      "signal": "INCREMENTAL MARGIN (YoY)",
      "detail": "YoY Incr OPM: +57.3% vs year-ago OPM: +9.4%",
      "severity": "HIGH"
    },
    {
      "quarter": "2021-06 (Q2)",
      "signal": "YoY REVENUE GROWTH ACCELERATION",
      "detail": "YoY growth: +16.8% vs prior quarter YoY: +1.3% (accel: +15.5%)",
      "severity": "HIGH"
    },
    {
      "quarter": "2021-06 (Q2)",
      "signal": "INCREMENTAL MARGIN (YoY)",
      "detail": "YoY Incr OPM: +22.8% vs year-ago OPM: +7.1%",
      "severity": "MEDIUM"
    },
    {
      "quarter": "2020-06 (Q2)",
      "signal": "YoY REVENUE GROWTH ACCELERATION",
      "detail": "YoY growth: +1.3% vs prior quarter YoY: -8.7% (accel: +10.0%)",
      "severity": "MEDIUM"
    },
    {
      "quarter": "2020-06 (Q2)",
      "signal": "INCREMENTAL MARGIN (YoY)",
      "detail": "YoY Incr OPM: +108.5% vs year-ago OPM: +5.8%",
      "severity": "HIGH"
    },
    {
      "quarter": "2019-06 (Q2)",
      "signal": "YoY REVENUE GROWTH DECELERATION",
      "detail": "YoY growth: -8.7% vs prior quarter YoY: -2.9% (decel: -5.8%)",
      "severity": "WARNING"
    },
    {
      "quarter": "2019-06 (Q2)",
      "signal": "INCREMENTAL MARGIN (YoY)",
      "detail": "YoY Incr OPM: +91.1% vs year-ago OPM: +13.2%",
      "severity": "HIGH"
    },
    {
      "quarter": "2018-06 (Q2)",
      "signal": "YoY REVENUE GROWTH DECELERATION",
      "detail": "YoY growth: -2.9% vs prior quarter YoY: +13.1% (decel: -16.0%)",
      "severity": "WARNING"
    },
    {
      "quarter": "2018-06 (Q2)",
      "signal": "INCREMENTAL MARGIN (YoY)",
      "detail": "YoY Incr OPM: +132.6% vs year-ago OPM: +16.6%",
      "severity": "HIGH"
    },
    {
      "quarter": "2017-06 (Q2)",
      "signal": "OPERATING LEVERAGE",
      "detail": "Rev growth +13.1% vs OpEx growth +3.4% (leverage: 3.8x)",
      "severity": "MEDIUM"
    },
    {
      "quarter": "2017-06 (Q2)",
      "signal": "YoY REVENUE GROWTH DECELERATION",
      "detail": "YoY growth: +13.1% vs prior quarter YoY: +29.5% (decel: -16.3%)",
      "severity": "WARNING"
    },
    {
      "quarter": "2017-06 (Q2)",
      "signal": "INCREMENTAL MARGIN (YoY)",
      "detail": "YoY Incr OPM: +43.0% vs year-ago OPM: +13.2%",
      "severity": "HIGH"
    },
    {
      "quarter": "2016-06 (Q2)",
      "signal": "OPERATING LEVERAGE",
      "detail": "Rev growth +29.5% vs OpEx growth +5.2% (leverage: 5.7x)",
      "severity": "MEDIUM"
    },
    {
      "quarter": "2016-06 (Q2)",
      "signal": "YoY REVENUE GROWTH ACCELERATION",
      "detail": "YoY growth: +29.5% vs prior quarter YoY: +0.6% (accel: +28.8%)",
      "severity": "HIGH"
    },
    {
      "quarter": "2016-06 (Q2)",
      "signal": "INCREMENTAL MARGIN (YoY)",
      "detail": "YoY Incr OPM: +26.9% vs year-ago OPM: +9.1%",
      "severity": "MEDIUM"
    },
    {
      "quarter": "2015-06 (Q2)",
      "signal": "GROSS MARGIN INFLECTION",
      "detail": "GM: +9.8% -> +2.9% -> +22.3% (reversal +19.4%)",
      "severity": "HIGH"
    },
    {
      "quarter": "2015-06 (Q2)",
      "signal": "YoY REVENUE GROWTH DECELERATION",
      "detail": "YoY growth: +0.6% vs prior quarter YoY: +86.9% (decel: -86.3%)",
      "severity": "WARNING"
    },
    {
      "quarter": "2015-06 (Q2)",
      "signal": "OP MARGIN TURNED POSITIVE (YoY)",
      "detail": "Op margin: -12.1% (year-ago) -> +9.1%",
      "severity": "HIGH"
    },
    {
      "quarter": "2015-06 (Q2)",
      "signal": "OP MARGIN TURNED POSITIVE (QoQ)",
      "detail": "Op margin: -12.1% -> +9.1%",
      "severity": "HIGH"
    },
    {
      "quarter": "2014-06 (Q2)",
      "signal": "YoY REVENUE GROWTH ACCELERATION",
      "detail": "YoY growth: +86.9% vs prior quarter YoY: -25.7% (accel: +112.6%)",
      "severity": "HIGH"
    },
    {
      "quarter": "2013-06 (Q2)",
      "signal": "YoY REVENUE GROWTH DECELERATION",
      "detail": "YoY growth: -25.7% vs prior quarter YoY: +20.7% (decel: -46.4%)",
      "severity": "WARNING"
    }
  ],
  "data_quality": {
    "n_quarters": 14,
    "coverage": {
      "revenue": [
        14,
        14
      ],
      "gross_profit": [
        14,
        14
      ],
      "op_income": [
        14,
        14
      ],
      "fcf": [
        0,
        14
      ]
    },
    "gaps": [
      [
        "2011-06 (Q2)",
        "2012-06 (Q2)",
        366
      ],
      [
        "2012-06 (Q2)",
        "2013-06 (Q2)",
        365
      ],
      [
        "2013-06 (Q2)",
        "2014-06 (Q2)",
        365
      ],
      [
        "2014-06 (Q2)",
        "2015-06 (Q2)",
        365
      ],
      [
        "2015-06 (Q2)",
        "2016-06 (Q2)",
        366
      ],
      [
        "2016-06 (Q2)",
        "2017-06 (Q2)",
        365
      ],
      [
        "2017-06 (Q2)",
        "2018-06 (Q2)",
        365
      ],
      [
        "2018-06 (Q2)",
        "2019-06 (Q2)",
        365
      ],
      [
        "2019-06 (Q2)",
        "2020-06 (Q2)",
        366
      ],
      [
        "2020-06 (Q2)",
        "2021-06 (Q2)",
        365
      ],
      [
        "2021-06 (Q2)",
        "2022-06 (Q2)",
        365
      ],
      [
        "2022-06 (Q2)",
        "2023-06 (Q2)",
        365
      ],
      [
        "2023-06 (Q2)",
        "2024-06 (Q2)",
        366
      ]
    ],
    "warnings": [
      "fcf: no data",
      "gap: 3Q missing between 2011-06 (Q2) and 2012-06 (Q2)",
      "gap: 3Q missing between 2012-06 (Q2) and 2013-06 (Q2)",
      "gap: 3Q missing between 2013-06 (Q2) and 2014-06 (Q2)",
      "gap: 3Q missing between 2014-06 (Q2) and 2015-06 (Q2)",
      "gap: 3Q missing between 2015-06 (Q2) and 2016-06 (Q2)",
      "gap: 3Q missing between 2016-06 (Q2) and 2017-06 (Q2)",
      "gap: 3Q missing between 2017-06 (Q2) and 2018-06 (Q2)",
      "gap: 3Q missing between 2018-06 (Q2) and 2019-06 (Q2)",
      "gap: 3Q missing between 2019-06 (Q2) and 2020-06 (Q2)",
      "gap: 3Q missing between 2020-06 (Q2) and 2021-06 (Q2)",
      "gap: 3Q missing between 2021-06 (Q2) and 2022-06 (Q2)",
      "gap: 3Q missing between 2022-06 (Q2) and 2023-06 (Q2)",
      "gap: 3Q missing between 2023-06 (Q2) and 2024-06 (Q2)"
    ]
  },
  "market_cap": null,
  "source": "SEC EDGAR",
  "last_updated": "2026-02-02T20:26:26.433348"
}