{
  "ticker": "TSLA",
  "name": "Tesla, Inc.",
  "quarters": [
    {
      "date": "2021-03-31T00:00:00",
      "quarter_label": "2021-03 (Q1)",
      "revenue": 10389000000,
      "gross_profit": 2215000000,
      "operating_income": 594000000,
      "net_income": 438000000,
      "opex": 1621000000,
      "cogs": 8174000000,
      "rd": 666000000,
      "sga": 1056000000,
      "fcf": 293000000,
      "ocf": 1641000000,
      "capex": -1348000000,
      "gross_margin": 0.21320627586870727,
      "op_margin": 0.05717585908172105,
      "fcf_margin": 0.028202906920781597
    },
    {
      "date": "2021-06-30T00:00:00",
      "quarter_label": "2021-06 (Q2)",
      "revenue": 11958000000,
      "gross_profit": 2884000000,
      "operating_income": 1312000000,
      "net_income": 1142000000,
      "opex": 1572000000,
      "cogs": 9074000000,
      "rd": 576000000,
      "sga": 973000000,
      "fcf": 619000000,
      "ocf": 2124000000,
      "capex": -1505000000,
      "gross_margin": 0.2411774544238167,
      "op_margin": 0.10971734403746446,
      "fcf_margin": 0.05176450911523666,
      "op_leverage_ratio": Infinity,
      "fcf_margin_change": 0.023561602194455064
    },
    {
      "date": "2021-09-30T00:00:00",
      "quarter_label": "2021-09 (Q3)",
      "revenue": 13757000000,
      "gross_profit": 3660000000,
      "operating_income": 2004000000,
      "net_income": 1618000000,
      "opex": 1656000000,
      "cogs": 10097000000,
      "rd": 611000000,
      "sga": 994000000,
      "fcf": 1328000000,
      "ocf": 3147000000,
      "capex": -1819000000,
      "gross_margin": 0.26604637639020134,
      "op_margin": 0.14567129461365122,
      "fcf_margin": 0.09653267427491459,
      "op_leverage_ratio": 2.8154373641077104,
      "fcf_margin_change": 0.04476816515967793
    },
    {
      "date": "2021-12-31T00:00:00",
      "quarter_label": "2021-12 (Q4)",
      "revenue": 17719000000,
      "gross_profit": 4847000000,
      "operating_income": 2613000000,
      "net_income": 2321000000,
      "opex": 2234000000,
      "cogs": 12872000000,
      "rd": 740000000,
      "sga": 1494000000,
      "fcf": 2775000000,
      "ocf": 4585000000,
      "capex": -1810000000,
      "gross_margin": 0.27354816863254133,
      "op_margin": 0.1474688187820983,
      "fcf_margin": 0.15661154692702747,
      "op_leverage_ratio": 0.8251316159146913,
      "fcf_margin_change": 0.06007887265211288
    },
    {
      "date": "2022-03-31T00:00:00",
      "quarter_label": "2022-03 (Q1)",
      "revenue": 18756000000,
      "gross_profit": 5460000000,
      "operating_income": 3603000000,
      "net_income": 3318000000,
      "opex": 1857000000,
      "cogs": 13296000000,
      "rd": 865000000,
      "sga": 992000000,
      "fcf": 2228000000,
      "ocf": 3995000000,
      "capex": -1767000000,
      "gross_margin": 0.291106845809341,
      "op_margin": 0.19209852847088932,
      "fcf_margin": 0.11878865429729153,
      "incr_op_margin_yoy": 0.3596271064897813,
      "rev_growth_yoy": 0.8053710655501011,
      "op_leverage_ratio": Infinity,
      "fcf_margin_change": -0.03782289262973594
    },
    {
      "date": "2022-06-30T00:00:00",
      "quarter_label": "2022-06 (Q2)",
      "revenue": 16934000000,
      "gross_profit": 4234000000,
      "operating_income": 2464000000,
      "net_income": 2259000000,
      "opex": 1770000000,
      "cogs": 12700000000,
      "rd": 667000000,
      "sga": 961000000,
      "fcf": 621000000,
      "ocf": 2351000000,
      "capex": -1730000000,
      "gross_margin": 0.25002952639659853,
      "op_margin": 0.1455060824376993,
      "fcf_margin": 0.03667178457541042,
      "incr_op_margin_yoy": 0.2315112540192926,
      "rev_growth_yoy": 0.41612309750794446,
      "rev_growth_yoy_accel": -0.3892479680421566,
      "fcf_margin_change": -0.08211686972188112
    },
    {
      "date": "2022-09-30T00:00:00",
      "quarter_label": "2022-09 (Q3)",
      "revenue": 21454000000,
      "gross_profit": 5382000000,
      "operating_income": 3688000000,
      "net_income": 3292000000,
      "opex": 1694000000,
      "cogs": 16072000000,
      "rd": 733000000,
      "sga": 961000000,
      "fcf": 3297000000,
      "ocf": 5100000000,
      "capex": -1803000000,
      "gross_margin": 0.25086231005873033,
      "op_margin": 0.17190267549174978,
      "fcf_margin": 0.15367763587209846,
      "incr_op_margin_yoy": 0.21878654021047161,
      "rev_growth_yoy": 0.559496983353929,
      "rev_growth_yoy_accel": 0.14337388584598448,
      "op_leverage_ratio": Infinity,
      "fcf_margin_change": 0.11700585129668803
    },
    {
      "date": "2022-12-31T00:00:00",
      "quarter_label": "2022-12 (Q4)",
      "revenue": 24318000000,
      "gross_profit": 5777000000,
      "operating_income": 3901000000,
      "net_income": 3687000000,
      "opex": 1876000000,
      "cogs": 18541000000,
      "rd": 810000000,
      "sga": 1032000000,
      "fcf": 1420000000,
      "ocf": 3278000000,
      "capex": -1858000000,
      "gross_margin": 0.23756065465910026,
      "op_margin": 0.16041615264413192,
      "fcf_margin": 0.05839295994736409,
      "incr_op_margin_yoy": 0.19518108804364298,
      "rev_growth_yoy": 0.3724250804221457,
      "rev_growth_yoy_accel": -0.18707190293178322,
      "op_leverage_ratio": 1.242529634065012,
      "fcf_margin_change": -0.09528467592473436
    },
    {
      "date": "2023-03-31T00:00:00",
      "quarter_label": "2023-03 (Q1)",
      "revenue": 23329000000,
      "gross_profit": 4511000000,
      "operating_income": 2664000000,
      "net_income": 2513000000,
      "opex": 1847000000,
      "cogs": 18818000000,
      "rd": 771000000,
      "sga": 1076000000,
      "fcf": 441000000,
      "ocf": 2513000000,
      "capex": -2072000000,
      "gross_margin": 0.19336448197522396,
      "op_margin": 0.11419263577521539,
      "fcf_margin": 0.018903510651978223,
      "incr_op_margin_yoy": -0.20533566586485896,
      "rev_growth_yoy": 0.24381531243335466,
      "rev_growth_yoy_accel": -0.12860976798879106,
      "fcf_margin_change": -0.039489449295385864
    },
    {
      "date": "2023-06-30T00:00:00",
      "quarter_label": "2023-06 (Q2)",
      "revenue": 24927000000,
      "gross_profit": 4533000000,
      "operating_income": 2399000000,
      "net_income": 2703000000,
      "opex": 2134000000,
      "cogs": 20394000000,
      "rd": 943000000,
      "sga": 1191000000,
      "fcf": 1005000000,
      "ocf": 3065000000,
      "capex": -2060000000,
      "gross_margin": 0.18185100493440848,
      "op_margin": 0.09624102378946524,
      "fcf_margin": 0.040317727765074016,
      "incr_op_margin_yoy": -0.008132115601151008,
      "rev_growth_yoy": 0.472008976024566,
      "rev_growth_yoy_accel": 0.22819366359121132,
      "op_leverage_ratio": 0.44082442588018717,
      "fcf_margin_change": 0.021414217113095792
    },
    {
      "date": "2023-09-30T00:00:00",
      "quarter_label": "2023-09 (Q3)",
      "revenue": 23350000000,
      "gross_profit": 4178000000,
      "operating_income": 1764000000,
      "net_income": 1853000000,
      "opex": 2414000000,
      "cogs": 19172000000,
      "rd": 1161000000,
      "sga": 1253000000,
      "fcf": 848000000,
      "ocf": 3308000000,
      "capex": -2460000000,
      "gross_margin": 0.17892933618843684,
      "op_margin": 0.07554603854389721,
      "fcf_margin": 0.036316916488222696,
      "incr_op_margin_yoy": -1.0147679324894514,
      "rev_growth_yoy": 0.08837512818122495,
      "rev_growth_yoy_accel": -0.38363384784334104,
      "fcf_margin_change": -0.00400081127685132
    },
    {
      "date": "2023-12-31T00:00:00",
      "quarter_label": "2023-12 (Q4)",
      "revenue": 25167000000,
      "gross_profit": 4438000000,
      "operating_income": 2064000000,
      "net_income": 7928000000,
      "opex": 2374000000,
      "cogs": 20729000000,
      "rd": 1094000000,
      "sga": 1280000000,
      "fcf": 2063000000,
      "ocf": 4370000000,
      "capex": -2307000000,
      "gross_margin": 0.17634203520483172,
      "op_margin": 0.08201215877935392,
      "fcf_margin": 0.08197242420630191,
      "incr_op_margin_yoy": -2.1637220259128385,
      "rev_growth_yoy": 0.03491241056007895,
      "rev_growth_yoy_accel": -0.053462717621145996,
      "op_leverage_ratio": Infinity,
      "fcf_margin_change": 0.04565550771807921
    },
    {
      "date": "2024-03-31T00:00:00",
      "quarter_label": "2024-03 (Q1)",
      "revenue": 21301000000,
      "gross_profit": 3696000000,
      "operating_income": 1171000000,
      "net_income": 1129000000,
      "opex": 2525000000,
      "cogs": 17605000000,
      "rd": 1151000000,
      "sga": 1374000000,
      "fcf": -2535000000,
      "ocf": 242000000,
      "capex": -2777000000,
      "gross_margin": 0.1735129806112389,
      "op_margin": 0.054973944885216654,
      "fcf_margin": -0.11900849725365006,
      "incr_op_margin_yoy": 0.7361932938856016,
      "rev_growth_yoy": -0.0869304299369883,
      "rev_growth_yoy_accel": -0.12184284049706726,
      "fcf_margin_change": -0.20098092145995197
    },
    {
      "date": "2024-06-30T00:00:00",
      "quarter_label": "2024-06 (Q2)",
      "revenue": 25500000000,
      "gross_profit": 4578000000,
      "operating_income": 1605000000,
      "net_income": 1478000000,
      "opex": 2973000000,
      "cogs": 20922000000,
      "rd": 1074000000,
      "sga": 1277000000,
      "fcf": 1340000000,
      "ocf": 3612000000,
      "capex": -2272000000,
      "gross_margin": 0.17952941176470588,
      "op_margin": 0.06294117647058824,
      "fcf_margin": 0.05254901960784314,
      "incr_op_margin_yoy": -1.3856893542757418,
      "rev_growth_yoy": 0.02298712239740041,
      "rev_growth_yoy_accel": 0.10991755233438871,
      "op_leverage_ratio": 1.1110388638695703,
      "fcf_margin_change": 0.1715575168614932
    },
    {
      "date": "2024-09-30T00:00:00",
      "quarter_label": "2024-09 (Q3)",
      "revenue": 25182000000,
      "gross_profit": 4997000000,
      "operating_income": 2717000000,
      "net_income": 2167000000,
      "opex": 2280000000,
      "cogs": 20185000000,
      "rd": 1039000000,
      "sga": 1186000000,
      "fcf": 2742000000,
      "ocf": 6255000000,
      "capex": -3513000000,
      "gross_margin": 0.19843539035819235,
      "op_margin": 0.10789452783734413,
      "fcf_margin": 0.10888730045270431,
      "incr_op_margin_yoy": 0.5201965065502183,
      "rev_growth_yoy": 0.07845824411134904,
      "rev_growth_yoy_accel": 0.05547112171394863,
      "fcf_margin_change": 0.05633828084486117
    },
    {
      "date": "2024-12-31T00:00:00",
      "quarter_label": "2024-12 (Q4)",
      "revenue": 25707000000,
      "gross_profit": 4179000000,
      "operating_income": 1583000000,
      "net_income": 2317000000,
      "opex": 2596000000,
      "cogs": 21528000000,
      "rd": 1276000000,
      "sga": 1313000000,
      "fcf": 2034000000,
      "ocf": 4814000000,
      "capex": -2780000000,
      "gross_margin": 0.16256272610572994,
      "op_margin": 0.06157855836931575,
      "fcf_margin": 0.07912241801843856,
      "incr_op_margin_yoy": -0.8907407407407407,
      "rev_growth_yoy": 0.02145666944808678,
      "rev_growth_yoy_accel": -0.05700157466326226,
      "op_leverage_ratio": 0.15042390134001685,
      "fcf_margin_change": -0.029764882434265755
    },
    {
      "date": "2025-03-31T00:00:00",
      "quarter_label": "2025-03 (Q1)",
      "revenue": 19335000000,
      "gross_profit": 3153000000,
      "operating_income": 399000000,
      "net_income": 409000000,
      "opex": 2754000000,
      "cogs": 16182000000,
      "rd": 1409000000,
      "sga": 1251000000,
      "fcf": 664000000,
      "ocf": 2156000000,
      "capex": -1492000000,
      "gross_margin": 0.1630721489526765,
      "op_margin": 0.020636152055857254,
      "fcf_margin": 0.0343418670804241,
      "incr_op_margin_yoy": 0.392675483214649,
      "rev_growth_yoy": -0.09229613633162763,
      "rev_growth_yoy_accel": -0.11375280577971442,
      "fcf_margin_change": -0.04478055093801445
    },
    {
      "date": "2025-06-30T00:00:00",
      "quarter_label": "2025-06 (Q2)",
      "revenue": 22496000000,
      "gross_profit": 3878000000,
      "operating_income": 923000000,
      "net_income": 1172000000,
      "opex": 2955000000,
      "cogs": 18618000000,
      "rd": 1589000000,
      "sga": 1366000000,
      "fcf": 146000000,
      "ocf": 2540000000,
      "capex": -2394000000,
      "gross_margin": 0.17238620199146515,
      "op_margin": 0.041029516358463726,
      "fcf_margin": 0.006490042674253201,
      "incr_op_margin_yoy": 0.2270306258322237,
      "rev_growth_yoy": -0.11780392156862746,
      "rev_growth_yoy_accel": -0.025507785236999828,
      "op_leverage_ratio": 2.2400009263226153,
      "fcf_margin_change": -0.027851824406170903
    },
    {
      "date": "2025-09-30T00:00:00",
      "quarter_label": "2025-09 (Q3)",
      "revenue": 28095000000,
      "gross_profit": 5054000000,
      "operating_income": 1624000000,
      "net_income": 1373000000,
      "opex": 3430000000,
      "cogs": 23041000000,
      "rd": 1630000000,
      "sga": 1562000000,
      "fcf": 3990000000,
      "ocf": 6238000000,
      "capex": -2248000000,
      "gross_margin": 0.1798896600818651,
      "op_margin": 0.057803879693895714,
      "fcf_margin": 0.1420181526962093,
      "incr_op_margin_yoy": -0.375214555441126,
      "rev_growth_yoy": 0.11567786514176794,
      "rev_growth_yoy_accel": 0.23348178671039538,
      "op_leverage_ratio": 1.5483496481245789,
      "fcf_margin_change": 0.13552811002195608
    },
    {
      "date": "2025-12-31T00:00:00",
      "quarter_label": "2025-12 (Q4)",
      "revenue": 24901000000,
      "gross_profit": 5009000000,
      "operating_income": 1409000000,
      "net_income": 840000000,
      "opex": 3600000000,
      "cogs": 19892000000,
      "rd": 1783000000,
      "sga": 1655000000,
      "fcf": 1420000000,
      "ocf": 3813000000,
      "capex": -2393000000,
      "gross_margin": 0.20115658005702583,
      "op_margin": 0.05658407292879804,
      "fcf_margin": 0.05702582225613429,
      "incr_op_margin_yoy": 0.21588089330024815,
      "rev_growth_yoy": -0.03135332788734586,
      "rev_growth_yoy_accel": -0.1470311930291138,
      "fcf_margin_change": -0.08499233044007501
    }
  ],
  "signals": [
    {
      "quarter": "2025-12 (Q4)",
      "signal": "YoY REVENUE GROWTH DECELERATION",
      "detail": "YoY growth: -3.1% vs prior quarter YoY: +11.6% (decel: -14.7%)",
      "severity": "WARNING"
    },
    {
      "quarter": "2025-12 (Q4)",
      "signal": "INCREMENTAL MARGIN (YoY)",
      "detail": "YoY Incr OPM: +21.6% vs year-ago OPM: +6.2%",
      "severity": "MEDIUM"
    },
    {
      "quarter": "2025-09 (Q3)",
      "signal": "FCF MARGIN EXPANSION",
      "detail": "FCF margin: +0.6% -> +14.2% (+13.6%)",
      "severity": "MEDIUM"
    },
    {
      "quarter": "2025-09 (Q3)",
      "signal": "OPERATING LEVERAGE",
      "detail": "Rev growth +24.9% vs OpEx growth +16.1% (leverage: 1.5x)",
      "severity": "MEDIUM"
    },
    {
      "quarter": "2025-09 (Q3)",
      "signal": "YoY REVENUE GROWTH ACCELERATION",
      "detail": "YoY growth: +11.6% vs prior quarter YoY: -11.8% (accel: +23.3%)",
      "severity": "HIGH"
    },
    {
      "quarter": "2025-06 (Q2)",
      "signal": "OPERATING LEVERAGE",
      "detail": "Rev growth +16.3% vs OpEx growth +7.3% (leverage: 2.2x)",
      "severity": "MEDIUM"
    },
    {
      "quarter": "2025-06 (Q2)",
      "signal": "INCREMENTAL MARGIN (YoY)",
      "detail": "YoY Incr OPM: +22.7% vs year-ago OPM: +6.3%",
      "severity": "MEDIUM"
    },
    {
      "quarter": "2025-03 (Q1)",
      "signal": "YoY REVENUE GROWTH DECELERATION",
      "detail": "YoY growth: -9.2% vs prior quarter YoY: +2.1% (decel: -11.4%)",
      "severity": "WARNING"
    },
    {
      "quarter": "2025-03 (Q1)",
      "signal": "INCREMENTAL MARGIN (YoY)",
      "detail": "YoY Incr OPM: +39.3% vs year-ago OPM: +5.5%",
      "severity": "HIGH"
    },
    {
      "quarter": "2024-12 (Q4)",
      "signal": "YoY REVENUE GROWTH DECELERATION",
      "detail": "YoY growth: +2.1% vs prior quarter YoY: +7.8% (decel: -5.7%)",
      "severity": "WARNING"
    },
    {
      "quarter": "2024-09 (Q3)",
      "signal": "FCF MARGIN EXPANSION",
      "detail": "FCF margin: +5.3% -> +10.9% (+5.6%)",
      "severity": "MEDIUM"
    },
    {
      "quarter": "2024-09 (Q3)",
      "signal": "YoY REVENUE GROWTH ACCELERATION",
      "detail": "YoY growth: +7.8% vs prior quarter YoY: +2.3% (accel: +5.5%)",
      "severity": "MEDIUM"
    },
    {
      "quarter": "2024-09 (Q3)",
      "signal": "INCREMENTAL MARGIN (YoY)",
      "detail": "YoY Incr OPM: +52.0% vs year-ago OPM: +7.6%",
      "severity": "HIGH"
    },
    {
      "quarter": "2024-06 (Q2)",
      "signal": "FCF TURNED POSITIVE",
      "detail": "FCF margin: -11.9% -> +5.3%",
      "severity": "HIGH"
    },
    {
      "quarter": "2024-06 (Q2)",
      "signal": "YoY REVENUE GROWTH ACCELERATION",
      "detail": "YoY growth: +2.3% vs prior quarter YoY: -8.7% (accel: +11.0%)",
      "severity": "MEDIUM"
    },
    {
      "quarter": "2024-03 (Q1)",
      "signal": "YoY REVENUE GROWTH DECELERATION",
      "detail": "YoY growth: -8.7% vs prior quarter YoY: +3.5% (decel: -12.2%)",
      "severity": "WARNING"
    },
    {
      "quarter": "2024-03 (Q1)",
      "signal": "INCREMENTAL MARGIN (YoY)",
      "detail": "YoY Incr OPM: +73.6% vs year-ago OPM: +11.4%",
      "severity": "HIGH"
    },
    {
      "quarter": "2023-12 (Q4)",
      "signal": "YoY REVENUE GROWTH DECELERATION",
      "detail": "YoY growth: +3.5% vs prior quarter YoY: +8.8% (decel: -5.3%)",
      "severity": "WARNING"
    },
    {
      "quarter": "2023-09 (Q3)",
      "signal": "YoY REVENUE GROWTH DECELERATION",
      "detail": "YoY growth: +8.8% vs prior quarter YoY: +47.2% (decel: -38.4%)",
      "severity": "WARNING"
    },
    {
      "quarter": "2023-06 (Q2)",
      "signal": "YoY REVENUE GROWTH ACCELERATION",
      "detail": "YoY growth: +47.2% vs prior quarter YoY: +24.4% (accel: +22.8%)",
      "severity": "HIGH"
    },
    {
      "quarter": "2023-03 (Q1)",
      "signal": "YoY REVENUE GROWTH DECELERATION",
      "detail": "YoY growth: +24.4% vs prior quarter YoY: +37.2% (decel: -12.9%)",
      "severity": "WARNING"
    },
    {
      "quarter": "2022-12 (Q4)",
      "signal": "YoY REVENUE GROWTH DECELERATION",
      "detail": "YoY growth: +37.2% vs prior quarter YoY: +55.9% (decel: -18.7%)",
      "severity": "WARNING"
    },
    {
      "quarter": "2022-09 (Q3)",
      "signal": "FCF MARGIN EXPANSION",
      "detail": "FCF margin: +3.7% -> +15.4% (+11.7%)",
      "severity": "MEDIUM"
    },
    {
      "quarter": "2022-09 (Q3)",
      "signal": "YoY REVENUE GROWTH ACCELERATION",
      "detail": "YoY growth: +55.9% vs prior quarter YoY: +41.6% (accel: +14.3%)",
      "severity": "MEDIUM"
    },
    {
      "quarter": "2022-06 (Q2)",
      "signal": "YoY REVENUE GROWTH DECELERATION",
      "detail": "YoY growth: +41.6% vs prior quarter YoY: +80.5% (decel: -38.9%)",
      "severity": "WARNING"
    },
    {
      "quarter": "2022-06 (Q2)",
      "signal": "INCREMENTAL MARGIN (YoY)",
      "detail": "YoY Incr OPM: +23.2% vs year-ago OPM: +11.0%",
      "severity": "MEDIUM"
    },
    {
      "quarter": "2022-03 (Q1)",
      "signal": "INCREMENTAL MARGIN (YoY)",
      "detail": "YoY Incr OPM: +36.0% vs year-ago OPM: +5.7%",
      "severity": "HIGH"
    },
    {
      "quarter": "2021-12 (Q4)",
      "signal": "FCF MARGIN EXPANSION",
      "detail": "FCF margin: +9.7% -> +15.7% (+6.0%)",
      "severity": "MEDIUM"
    },
    {
      "quarter": "2021-09 (Q3)",
      "signal": "OPERATING LEVERAGE",
      "detail": "Rev growth +15.0% vs OpEx growth +5.3% (leverage: 2.8x)",
      "severity": "MEDIUM"
    }
  ],
  "last_updated": "2026-02-03T14:48:19.809161",
  "sector": "Consumer Cyclical",
  "industry": "Auto Manufacturers"
}