{
  "ticker": "TSNDF",
  "name": "TERRASCEND CORP.",
  "quarters": [
    {
      "date": "2021-03-31T00:00:00",
      "quarter_label": "2021-03 (Q1)",
      "revenue": 53354000,
      "gross_profit": 34942000,
      "operating_income": 12677000,
      "net_income": -14174000,
      "opex": 22265000,
      "cogs": 18412000,
      "rd": null,
      "sga": 20392000,
      "fcf": -2099000,
      "ocf": 6212000,
      "capex": -8311000,
      "gross_margin": 0.6549087228698879,
      "op_margin": 0.23760167934925217,
      "fcf_margin": -0.039341005360422836
    },
    {
      "date": "2021-06-30T00:00:00",
      "quarter_label": "2021-06 (Q2)",
      "revenue": 58723000,
      "gross_profit": 34835000,
      "operating_income": 12241000,
      "net_income": -30660000,
      "opex": 22594000,
      "cogs": 23888000,
      "rd": null,
      "sga": 20750000,
      "fcf": -18833000,
      "ocf": -16288000,
      "capex": -2545000,
      "gross_margin": 0.5932087938286532,
      "op_margin": 0.20845324659843673,
      "fcf_margin": -0.32070909183795104,
      "op_leverage_ratio": 6.81009579532612,
      "fcf_margin_change": -0.2813680864775282
    },
    {
      "date": "2021-09-30T00:00:00",
      "quarter_label": "2021-09 (Q3)",
      "revenue": 49139000,
      "gross_profit": 21497000,
      "operating_income": -1770000,
      "net_income": 54428000,
      "opex": 23267000,
      "cogs": 27642000,
      "rd": null,
      "sga": 21320000,
      "fcf": -33786000,
      "ocf": -17936000,
      "capex": -15850000,
      "gross_margin": 0.43747329005474267,
      "op_margin": -0.03602026903274385,
      "fcf_margin": -0.6875597794012902,
      "fcf_margin_change": -0.36685068756333916
    },
    {
      "date": "2021-12-31T00:00:00",
      "quarter_label": "2021-12 (Q4)",
      "revenue": 32994000,
      "gross_profit": 21228000,
      "operating_income": 8402000,
      "net_income": -3459000,
      "opex": 12826000,
      "cogs": 11766000,
      "rd": null,
      "sga": 12645000,
      "fcf": -16932000,
      "ocf": -3803000,
      "capex": -13129000,
      "gross_margin": 0.6433897072194944,
      "op_margin": 0.2546523610353398,
      "fcf_margin": -0.5131842153118749,
      "fcf_margin_change": 0.17437556408941535
    },
    {
      "date": "2022-03-31T00:00:00",
      "quarter_label": "2022-03 (Q1)",
      "revenue": 49659000,
      "gross_profit": 15140000,
      "operating_income": -10030000,
      "net_income": -16357000,
      "opex": 25170000,
      "cogs": 34519000,
      "rd": null,
      "sga": 22552000,
      "fcf": -22659000,
      "ocf": -18847000,
      "capex": -3812000,
      "gross_margin": 0.30487927666686804,
      "op_margin": -0.2019774864576411,
      "fcf_margin": -0.45629191083187337,
      "incr_op_margin_yoy": 6.14533152909337,
      "rev_growth_yoy": -0.06925441391460808,
      "op_leverage_ratio": 0.5248143125533813,
      "fcf_margin_change": 0.05689230448000149
    },
    {
      "date": "2022-06-30T00:00:00",
      "quarter_label": "2022-06 (Q2)",
      "revenue": 64804000,
      "gross_profit": 22993000,
      "operating_income": -14004000,
      "net_income": 13217000,
      "opex": 36997000,
      "cogs": 41811000,
      "rd": null,
      "sga": 33981000,
      "fcf": -24817000,
      "ocf": -16129000,
      "capex": -8688000,
      "gross_margin": 0.35480834516387877,
      "op_margin": -0.21609777174248504,
      "fcf_margin": -0.3829547558792667,
      "incr_op_margin_yoy": -4.315901989804308,
      "rev_growth_yoy": 0.10355397374112359,
      "rev_growth_yoy_accel": 0.17280838765573167,
      "op_leverage_ratio": 0.6490526488137898,
      "fcf_margin_change": 0.07333715495260668
    },
    {
      "date": "2022-09-30T00:00:00",
      "quarter_label": "2022-09 (Q3)",
      "revenue": 67025000,
      "gross_profit": 24363000,
      "operating_income": -339296000,
      "net_income": -313212000,
      "opex": 363659000,
      "cogs": 42662000,
      "rd": null,
      "sga": 29385000,
      "fcf": -10235000,
      "ocf": 1545000,
      "capex": -11780000,
      "gross_margin": 0.36349123461395,
      "op_margin": -5.0622305110033565,
      "fcf_margin": -0.15270421484520702,
      "incr_op_margin_yoy": -18.870960527787098,
      "rev_growth_yoy": 0.36398787114104886,
      "rev_growth_yoy_accel": 0.2604338973999253,
      "op_leverage_ratio": 0.003881634489622405,
      "fcf_margin_change": 0.23025054103405967
    },
    {
      "date": "2022-12-31T00:00:00",
      "quarter_label": "2022-12 (Q4)",
      "revenue": 66341000,
      "gross_profit": 39008000,
      "operating_income": 27415000,
      "net_income": -8999000,
      "opex": 11593000,
      "cogs": 27333000,
      "rd": null,
      "sga": 29670000,
      "fcf": -8043000,
      "ocf": 7308000,
      "capex": -15351000,
      "gross_margin": 0.5879923425935696,
      "op_margin": 0.4132436954522844,
      "fcf_margin": -0.12123724393663043,
      "incr_op_margin_yoy": 0.5701562359432633,
      "rev_growth_yoy": 1.010698914954234,
      "rev_growth_yoy_accel": 0.6467110438131851,
      "fcf_margin_change": 0.031466970908576586
    },
    {
      "date": "2023-03-31T00:00:00",
      "quarter_label": "2023-03 (Q1)",
      "revenue": 69398000,
      "gross_profit": 33900000,
      "operating_income": 3806000,
      "net_income": -22769000,
      "opex": 30094000,
      "cogs": 35498000,
      "rd": null,
      "sga": 27730000,
      "fcf": 5937000,
      "ocf": 8434000,
      "capex": -2497000,
      "gross_margin": 0.4884866999048964,
      "op_margin": 0.05484307905126949,
      "fcf_margin": 0.08555001585060089,
      "incr_op_margin_yoy": 0.7009473630883023,
      "rev_growth_yoy": 0.3974908878551723,
      "rev_growth_yoy_accel": -0.6132080270990617,
      "op_leverage_ratio": 0.028874472423701898,
      "fcf_margin_change": 0.20678725978723134
    },
    {
      "date": "2023-06-30T00:00:00",
      "quarter_label": "2023-06 (Q2)",
      "revenue": 72124000,
      "gross_profit": 36226000,
      "operating_income": 3498000,
      "net_income": -13476000,
      "opex": 32728000,
      "cogs": 35898000,
      "rd": null,
      "sga": 30476000,
      "fcf": -1321000,
      "ocf": 686000,
      "capex": -2007000,
      "gross_margin": 0.5022738616826576,
      "op_margin": 0.048499805889856355,
      "fcf_margin": -0.01831567855360213,
      "incr_op_margin_yoy": 2.390983606557377,
      "rev_growth_yoy": 0.11295599037096475,
      "rev_growth_yoy_accel": -0.2845348974842075,
      "op_leverage_ratio": 0.4487898672919465,
      "fcf_margin_change": -0.10386569440420301
    },
    {
      "date": "2023-09-30T00:00:00",
      "quarter_label": "2023-09 (Q3)",
      "revenue": 89240000,
      "gross_profit": 47805000,
      "operating_income": 15842000,
      "net_income": -8671000,
      "opex": 31963000,
      "cogs": 41435000,
      "rd": null,
      "sga": 29299000,
      "fcf": 7212000,
      "ocf": 8932000,
      "capex": -1720000,
      "gross_margin": 0.535690273419991,
      "op_margin": 0.1775212909009413,
      "fcf_margin": 0.08081577767817122,
      "incr_op_margin_yoy": 15.98640558181409,
      "rev_growth_yoy": 0.331443491234614,
      "rev_growth_yoy_accel": 0.2184875008636492,
      "op_leverage_ratio": Infinity,
      "fcf_margin_change": 0.09913145623177336
    },
    {
      "date": "2023-12-31T00:00:00",
      "quarter_label": "2023-12 (Q4)",
      "revenue": 86566000,
      "gross_profit": 41767000,
      "operating_income": -46142000,
      "net_income": -41814000,
      "opex": 87909000,
      "cogs": 44799000,
      "rd": null,
      "sga": 27684000,
      "fcf": 7881000,
      "ocf": 9419000,
      "capex": -1538000,
      "gross_margin": 0.4824873506919576,
      "op_margin": -0.5330268234641776,
      "fcf_margin": 0.09104036226694083,
      "incr_op_margin_yoy": -3.6369344870210134,
      "rev_growth_yoy": 0.30486426191947663,
      "rev_growth_yoy_accel": -0.026579229315137343,
      "fcf_margin_change": 0.010224584588769611
    },
    {
      "date": "2024-03-31T00:00:00",
      "quarter_label": "2024-03 (Q1)",
      "revenue": 80633000,
      "gross_profit": 38731000,
      "operating_income": 6070000,
      "net_income": -14851000,
      "opex": 32661000,
      "cogs": 41902000,
      "rd": null,
      "sga": null,
      "fcf": 10455000,
      "ocf": 13251000,
      "capex": -2796000,
      "gross_margin": 0.48033683479468703,
      "op_margin": 0.07527935212630064,
      "fcf_margin": 0.1296615529621867,
      "incr_op_margin_yoy": 0.20151312861593235,
      "rev_growth_yoy": 0.16189227355255195,
      "rev_growth_yoy_accel": -0.14297198836692468,
      "fcf_margin_change": 0.038621190695245874
    },
    {
      "date": "2024-06-30T00:00:00",
      "quarter_label": "2024-06 (Q2)",
      "revenue": 77523000,
      "gross_profit": 37683000,
      "operating_income": 12619000,
      "net_income": -6237000,
      "opex": 25064000,
      "cogs": 39840000,
      "rd": null,
      "sga": null,
      "fcf": 11590000,
      "ocf": 12888000,
      "capex": -1298000,
      "gross_margin": 0.48608799969041444,
      "op_margin": 0.16277749829082983,
      "fcf_margin": 0.14950401816235181,
      "incr_op_margin_yoy": 1.6893869235043526,
      "rev_growth_yoy": 0.07485719039432089,
      "rev_growth_yoy_accel": -0.08703508315823107,
      "fcf_margin_change": 0.01984246520016511
    },
    {
      "date": "2024-09-30T00:00:00",
      "quarter_label": "2024-09 (Q3)",
      "revenue": 74168000,
      "gross_profit": 36216000,
      "operating_income": 2454000,
      "net_income": -21419000,
      "opex": 33762000,
      "cogs": 37952000,
      "rd": null,
      "sga": null,
      "fcf": 2046000,
      "ocf": 2063000,
      "capex": -17000,
      "gross_margin": 0.48829683960737785,
      "op_margin": 0.03308704562614605,
      "fcf_margin": 0.02758602092546651,
      "incr_op_margin_yoy": 0.8882696390658175,
      "rev_growth_yoy": -0.16889287315105334,
      "rev_growth_yoy_accel": -0.2437500635453742,
      "fcf_margin_change": -0.1219179972368853
    },
    {
      "date": "2024-12-31T00:00:00",
      "quarter_label": "2024-12 (Q4)",
      "revenue": 74353000,
      "gross_profit": 37330000,
      "operating_income": -38249000,
      "net_income": -30163000,
      "opex": 75579000,
      "cogs": 37023000,
      "rd": null,
      "sga": null,
      "fcf": 4497000,
      "ocf": 9748000,
      "capex": -5251000,
      "gross_margin": 0.5020644762148131,
      "op_margin": -0.5144244347907952,
      "fcf_margin": 0.06048175594797789,
      "incr_op_margin_yoy": -0.6462785556374355,
      "rev_growth_yoy": -0.14108310422105677,
      "rev_growth_yoy_accel": 0.027809768929996564,
      "fcf_margin_change": 0.03289573502251138
    },
    {
      "date": "2025-03-31T00:00:00",
      "quarter_label": "2025-03 (Q1)",
      "revenue": 70997000,
      "gross_profit": 36803000,
      "operating_income": 8659000,
      "net_income": -12269000,
      "opex": 28144000,
      "cogs": 34194000,
      "rd": null,
      "sga": null,
      "fcf": 5546000,
      "ocf": 8004000,
      "capex": -2458000,
      "gross_margin": 0.5183740158034846,
      "op_margin": 0.12196289984083834,
      "fcf_margin": 0.07811597673141119,
      "incr_op_margin_yoy": -0.2686799501867995,
      "rev_growth_yoy": -0.11950442126672703,
      "rev_growth_yoy_accel": 0.021578682954329742,
      "fcf_margin_change": 0.017634220783433296
    },
    {
      "date": "2025-06-30T00:00:00",
      "quarter_label": "2025-06 (Q2)",
      "revenue": 65006000,
      "gross_profit": 33235000,
      "operating_income": 10971000,
      "net_income": -48107000,
      "opex": 22264000,
      "cogs": 31771000,
      "rd": null,
      "sga": null,
      "fcf": 625000,
      "ocf": 2817000,
      "capex": -2192000,
      "gross_margin": 0.5112604990308587,
      "op_margin": 0.1687690367043042,
      "fcf_margin": 0.009614497123342461,
      "incr_op_margin_yoy": 0.1316609411200767,
      "rev_growth_yoy": -0.16146175973582033,
      "rev_growth_yoy_accel": -0.0419573384690933,
      "fcf_margin_change": -0.06850147960806872
    },
    {
      "date": "2025-09-30T00:00:00",
      "quarter_label": "2025-09 (Q3)",
      "revenue": 65101000,
      "gross_profit": 33925000,
      "operating_income": 11141000,
      "net_income": -24554000,
      "opex": 22784000,
      "cogs": 31176000,
      "rd": null,
      "sga": null,
      "fcf": 445000,
      "ocf": 2693000,
      "capex": -2248000,
      "gross_margin": 0.5211133469531958,
      "op_margin": 0.1711340839618439,
      "fcf_margin": 0.006835532480299842,
      "incr_op_margin_yoy": -0.9580897761111724,
      "rev_growth_yoy": -0.12224948764966023,
      "rev_growth_yoy_accel": 0.0392122720861601,
      "fcf_margin_change": -0.0027789646430426192
    }
  ],
  "signals": [
    {
      "quarter": "2025-03 (Q1)",
      "signal": "OP MARGIN TURNED POSITIVE (QoQ)",
      "detail": "Op margin: -51.4% -> +12.2%",
      "severity": "HIGH"
    },
    {
      "quarter": "2024-09 (Q3)",
      "signal": "YoY REVENUE GROWTH DECELERATION",
      "detail": "YoY growth: -16.9% vs prior quarter YoY: +7.5% (decel: -24.4%)",
      "severity": "WARNING"
    },
    {
      "quarter": "2024-09 (Q3)",
      "signal": "INCREMENTAL MARGIN (YoY)",
      "detail": "YoY Incr OPM: +88.8% vs year-ago OPM: +17.8%",
      "severity": "HIGH"
    },
    {
      "quarter": "2024-06 (Q2)",
      "signal": "YoY REVENUE GROWTH DECELERATION",
      "detail": "YoY growth: +7.5% vs prior quarter YoY: +16.2% (decel: -8.7%)",
      "severity": "WARNING"
    },
    {
      "quarter": "2024-06 (Q2)",
      "signal": "INCREMENTAL MARGIN (YoY)",
      "detail": "YoY Incr OPM: +168.9% vs year-ago OPM: +4.8%",
      "severity": "HIGH"
    },
    {
      "quarter": "2024-03 (Q1)",
      "signal": "YoY REVENUE GROWTH DECELERATION",
      "detail": "YoY growth: +16.2% vs prior quarter YoY: +30.5% (decel: -14.3%)",
      "severity": "WARNING"
    },
    {
      "quarter": "2024-03 (Q1)",
      "signal": "INCREMENTAL MARGIN (YoY)",
      "detail": "YoY Incr OPM: +20.2% vs year-ago OPM: +5.5%",
      "severity": "MEDIUM"
    },
    {
      "quarter": "2024-03 (Q1)",
      "signal": "OP MARGIN TURNED POSITIVE (QoQ)",
      "detail": "Op margin: -53.3% -> +7.5%",
      "severity": "HIGH"
    },
    {
      "quarter": "2023-09 (Q3)",
      "signal": "FCF TURNED POSITIVE",
      "detail": "FCF margin: -1.8% -> +8.1%",
      "severity": "HIGH"
    },
    {
      "quarter": "2023-09 (Q3)",
      "signal": "YoY REVENUE GROWTH ACCELERATION",
      "detail": "YoY growth: +33.1% vs prior quarter YoY: +11.3% (accel: +21.8%)",
      "severity": "HIGH"
    },
    {
      "quarter": "2023-09 (Q3)",
      "signal": "OP MARGIN TURNED POSITIVE (YoY)",
      "detail": "Op margin: -506.2% (year-ago) -> +17.8%",
      "severity": "HIGH"
    },
    {
      "quarter": "2023-06 (Q2)",
      "signal": "YoY REVENUE GROWTH DECELERATION",
      "detail": "YoY growth: +11.3% vs prior quarter YoY: +39.7% (decel: -28.5%)",
      "severity": "WARNING"
    },
    {
      "quarter": "2023-06 (Q2)",
      "signal": "OP MARGIN TURNED POSITIVE (YoY)",
      "detail": "Op margin: -21.6% (year-ago) -> +4.8%",
      "severity": "HIGH"
    },
    {
      "quarter": "2023-03 (Q1)",
      "signal": "FCF TURNED POSITIVE",
      "detail": "FCF margin: -12.1% -> +8.6%",
      "severity": "HIGH"
    },
    {
      "quarter": "2023-03 (Q1)",
      "signal": "YoY REVENUE GROWTH DECELERATION",
      "detail": "YoY growth: +39.7% vs prior quarter YoY: +101.1% (decel: -61.3%)",
      "severity": "WARNING"
    },
    {
      "quarter": "2023-03 (Q1)",
      "signal": "OP MARGIN TURNED POSITIVE (YoY)",
      "detail": "Op margin: -20.2% (year-ago) -> +5.5%",
      "severity": "HIGH"
    },
    {
      "quarter": "2022-12 (Q4)",
      "signal": "YoY REVENUE GROWTH ACCELERATION",
      "detail": "YoY growth: +101.1% vs prior quarter YoY: +36.4% (accel: +64.7%)",
      "severity": "HIGH"
    },
    {
      "quarter": "2022-12 (Q4)",
      "signal": "INCREMENTAL MARGIN (YoY)",
      "detail": "YoY Incr OPM: +57.0% vs year-ago OPM: +25.5%",
      "severity": "HIGH"
    },
    {
      "quarter": "2022-12 (Q4)",
      "signal": "OP MARGIN TURNED POSITIVE (QoQ)",
      "detail": "Op margin: -506.2% -> +41.3%",
      "severity": "HIGH"
    },
    {
      "quarter": "2022-09 (Q3)",
      "signal": "FCF MARGIN EXPANSION",
      "detail": "FCF margin: -38.3% -> -15.3% (+23.0%)",
      "severity": "MEDIUM"
    },
    {
      "quarter": "2022-09 (Q3)",
      "signal": "YoY REVENUE GROWTH ACCELERATION",
      "detail": "YoY growth: +36.4% vs prior quarter YoY: +10.4% (accel: +26.0%)",
      "severity": "HIGH"
    },
    {
      "quarter": "2022-06 (Q2)",
      "signal": "FCF MARGIN EXPANSION",
      "detail": "FCF margin: -45.6% -> -38.3% (+7.3%)",
      "severity": "MEDIUM"
    },
    {
      "quarter": "2022-06 (Q2)",
      "signal": "GROSS MARGIN INFLECTION",
      "detail": "GM: +64.3% -> +30.5% -> +35.5% (reversal +5.0%)",
      "severity": "MEDIUM"
    },
    {
      "quarter": "2022-06 (Q2)",
      "signal": "YoY REVENUE GROWTH ACCELERATION",
      "detail": "YoY growth: +10.4% vs prior quarter YoY: -6.9% (accel: +17.3%)",
      "severity": "HIGH"
    },
    {
      "quarter": "2022-03 (Q1)",
      "signal": "FCF MARGIN EXPANSION",
      "detail": "FCF margin: -51.3% -> -45.6% (+5.7%)",
      "severity": "MEDIUM"
    },
    {
      "quarter": "2021-12 (Q4)",
      "signal": "FCF MARGIN EXPANSION",
      "detail": "FCF margin: -68.8% -> -51.3% (+17.4%)",
      "severity": "MEDIUM"
    },
    {
      "quarter": "2021-12 (Q4)",
      "signal": "GROSS MARGIN INFLECTION",
      "detail": "GM: +59.3% -> +43.7% -> +64.3% (reversal +20.6%)",
      "severity": "HIGH"
    },
    {
      "quarter": "2021-12 (Q4)",
      "signal": "OP MARGIN TURNED POSITIVE (QoQ)",
      "detail": "Op margin: -3.6% -> +25.5%",
      "severity": "HIGH"
    },
    {
      "quarter": "2021-06 (Q2)",
      "signal": "OPERATING LEVERAGE",
      "detail": "Rev growth +10.1% vs OpEx growth +1.5% (leverage: 6.8x)",
      "severity": "MEDIUM"
    }
  ],
  "data_quality": {
    "n_quarters": 19,
    "coverage": {
      "revenue": [
        19,
        19
      ],
      "gross_profit": [
        19,
        19
      ],
      "op_income": [
        19,
        19
      ],
      "fcf": [
        19,
        19
      ]
    },
    "gaps": [],
    "warnings": []
  },
  "market_cap": null,
  "source": "SEC EDGAR",
  "last_updated": "2026-02-02T22:53:54.188494"
}