{
  "ticker": "TT",
  "name": "TRANE TECHNOLOGIES PLC",
  "quarters": [
    {
      "date": "2020-12-31T00:00:00",
      "quarter_label": "2020-12 (Q4)",
      "revenue": 3179100000,
      "gross_profit": 947900000,
      "operating_income": 388000000,
      "net_income": 244700000,
      "opex": 559900000,
      "cogs": 2231200000,
      "rd": null,
      "sga": 559900000,
      "fcf": 569800000,
      "ocf": 626900000,
      "capex": -57100000,
      "gross_margin": 0.2981661476518512,
      "op_margin": 0.12204712025415998,
      "fcf_margin": 0.17923311629077412
    },
    {
      "date": "2021-03-31T00:00:00",
      "quarter_label": "2021-03 (Q1)",
      "revenue": 3017600000,
      "gross_profit": 953200000,
      "operating_income": 353200000,
      "net_income": 235200000,
      "opex": 600000000,
      "cogs": 2064400000,
      "rd": null,
      "sga": 600000000,
      "fcf": 216200000,
      "ocf": 260100000,
      "capex": -43900000,
      "gross_margin": 0.3158801696712619,
      "op_margin": 0.11704665959703076,
      "fcf_margin": 0.07164634146341463,
      "fcf_margin_change": -0.1075867748273595
    },
    {
      "date": "2021-06-30T00:00:00",
      "quarter_label": "2021-06 (Q2)",
      "revenue": 3829700000,
      "gross_profit": 1270700000,
      "operating_income": 651000000,
      "net_income": 464700000,
      "opex": 619700000,
      "cogs": 2559000000,
      "rd": null,
      "sga": 619700000,
      "fcf": 456900000,
      "ocf": 490500000,
      "capex": -33600000,
      "gross_margin": 0.33180144658850563,
      "op_margin": 0.1699872052641199,
      "fcf_margin": 0.11930438415541687,
      "op_leverage_ratio": 8.196583427983917,
      "fcf_margin_change": 0.047658042692002245
    },
    {
      "date": "2021-09-30T00:00:00",
      "quarter_label": "2021-09 (Q3)",
      "revenue": 3719800000,
      "gross_profit": 1204200000,
      "operating_income": 583400000,
      "net_income": 405700000,
      "opex": 620800000,
      "cogs": 2515600000,
      "rd": null,
      "sga": 620800000,
      "fcf": 366500000,
      "ocf": 410600000,
      "capex": -44100000,
      "gross_margin": 0.3237270821011882,
      "op_margin": 0.1568363890531749,
      "fcf_margin": 0.09852680251626432,
      "fcf_margin_change": -0.020777581639152554
    },
    {
      "date": "2021-12-31T00:00:00",
      "quarter_label": "2021-12 (Q4)",
      "revenue": 3569300000,
      "gross_profit": null,
      "operating_income": 435700000,
      "net_income": 317800000,
      "opex": null,
      "cogs": null,
      "rd": null,
      "sga": 605800000,
      "fcf": 325700000,
      "ocf": 427100000,
      "capex": -101400000,
      "gross_margin": null,
      "op_margin": 0.12206875297677416,
      "fcf_margin": 0.09125038522959684,
      "incr_op_margin_yoy": 0.12224500256278831,
      "rev_growth_yoy": 0.12273914000817841,
      "fcf_margin_change": -0.007276417286667475
    },
    {
      "date": "2022-03-31T00:00:00",
      "quarter_label": "2022-03 (Q1)",
      "revenue": 3355500000,
      "gross_profit": 989000000,
      "operating_income": 388200000,
      "net_income": 260200000,
      "opex": 600800000,
      "cogs": 2366500000,
      "rd": null,
      "sga": 600800000,
      "fcf": -263000000,
      "ocf": -188200000,
      "capex": -74800000,
      "gross_margin": 0.29473997913872746,
      "op_margin": 0.11569065713008493,
      "fcf_margin": -0.07837878110564744,
      "incr_op_margin_yoy": 0.10358094110683634,
      "rev_growth_yoy": 0.11197640509013786,
      "rev_growth_yoy_accel": -0.010762734918040556,
      "fcf_margin_change": -0.16962916633524427
    },
    {
      "date": "2022-06-30T00:00:00",
      "quarter_label": "2022-06 (Q2)",
      "revenue": 4190400000,
      "gross_profit": 1323400000,
      "operating_income": 710600000,
      "net_income": 509300000,
      "opex": 612800000,
      "cogs": 2867000000,
      "rd": null,
      "sga": 612800000,
      "fcf": 352600000,
      "ocf": 421700000,
      "capex": -69100000,
      "gross_margin": 0.3158171057655594,
      "op_margin": 0.16957808323787704,
      "fcf_margin": 0.0841447117220313,
      "incr_op_margin_yoy": 0.16523426670363184,
      "rev_growth_yoy": 0.09418492310102619,
      "rev_growth_yoy_accel": -0.017791481989111665,
      "op_leverage_ratio": 12.457356578751304,
      "fcf_margin_change": 0.16252349282767875
    },
    {
      "date": "2022-09-30T00:00:00",
      "quarter_label": "2022-09 (Q3)",
      "revenue": 4371900000,
      "gross_profit": 1432800000,
      "operating_income": 739500000,
      "net_income": 547900000,
      "opex": 693300000,
      "cogs": 2939100000,
      "rd": null,
      "sga": 693300000,
      "fcf": 451300000,
      "ocf": 510200000,
      "capex": -58900000,
      "gross_margin": 0.3277293625197283,
      "op_margin": 0.16914842516983464,
      "fcf_margin": 0.10322742972163133,
      "incr_op_margin_yoy": 0.2393804631191535,
      "rev_growth_yoy": 0.17530512393139416,
      "rev_growth_yoy_accel": 0.08112020083036797,
      "op_leverage_ratio": 0.3297190383698676,
      "fcf_margin_change": 0.019082717999600027
    },
    {
      "date": "2022-12-31T00:00:00",
      "quarter_label": "2022-12 (Q4)",
      "revenue": 4073800000,
      "gross_profit": null,
      "operating_income": 580600000,
      "net_income": 439100000,
      "opex": null,
      "cogs": null,
      "rd": null,
      "sga": 638900000,
      "fcf": 671300000,
      "ocf": 760300000,
      "capex": -89000000,
      "gross_margin": null,
      "op_margin": 0.14252049683342333,
      "fcf_margin": 0.1647847218812902,
      "incr_op_margin_yoy": 0.28721506442021805,
      "rev_growth_yoy": 0.14134424116773597,
      "rev_growth_yoy_accel": -0.03396088276365819,
      "fcf_margin_change": 0.06155729215965887
    },
    {
      "date": "2023-03-31T00:00:00",
      "quarter_label": "2023-03 (Q1)",
      "revenue": 3665800000,
      "gross_profit": 1143500000,
      "operating_income": 456800000,
      "net_income": 307100000,
      "opex": 686700000,
      "cogs": 2522300000,
      "rd": null,
      "sga": 686700000,
      "fcf": -68600000,
      "ocf": 8500000,
      "capex": -77100000,
      "gross_margin": 0.31193736701402147,
      "op_margin": 0.12461127175514213,
      "fcf_margin": -0.018713514103333516,
      "incr_op_margin_yoy": 0.22107637769900096,
      "rev_growth_yoy": 0.09247504097749963,
      "rev_growth_yoy_accel": -0.04886920019023634,
      "fcf_margin_change": -0.18349823598462373
    },
    {
      "date": "2023-06-30T00:00:00",
      "quarter_label": "2023-06 (Q2)",
      "revenue": 4704700000,
      "gross_profit": 1584400000,
      "operating_income": 885400000,
      "net_income": 586200000,
      "opex": 699000000,
      "cogs": 3120300000,
      "rd": null,
      "sga": 699000000,
      "fcf": 467100000,
      "ocf": 524000000,
      "capex": -56900000,
      "gross_margin": 0.33676961336535804,
      "op_margin": 0.1881947839394648,
      "fcf_margin": 0.09928369502837588,
      "incr_op_margin_yoy": 0.33987944779311685,
      "rev_growth_yoy": 0.12273291332569683,
      "rev_growth_yoy_accel": 0.0302578723481972,
      "op_leverage_ratio": 15.822201655646325,
      "fcf_margin_change": 0.11799720913170939
    },
    {
      "date": "2023-09-30T00:00:00",
      "quarter_label": "2023-09 (Q3)",
      "revenue": 4882900000,
      "gross_profit": 1658100000,
      "operating_income": 864200000,
      "net_income": 626300000,
      "opex": 793900000,
      "cogs": 3224800000,
      "rd": null,
      "sga": 793900000,
      "fcf": 839100000,
      "ocf": 922300000,
      "capex": -83200000,
      "gross_margin": 0.33957279485551617,
      "op_margin": 0.17698498842900734,
      "fcf_margin": 0.17184460054475822,
      "incr_op_margin_yoy": 0.24403131115459883,
      "rev_growth_yoy": 0.11688281982662001,
      "rev_growth_yoy_accel": -0.005850093499076822,
      "op_leverage_ratio": 0.27898877348465945,
      "fcf_margin_change": 0.07256090551638235
    },
    {
      "date": "2023-12-31T00:00:00",
      "quarter_label": "2023-12 (Q4)",
      "revenue": 4424100000,
      "gross_profit": null,
      "operating_income": 687600000,
      "net_income": 504300000,
      "opex": null,
      "cogs": null,
      "rd": null,
      "sga": 783700000,
      "fcf": 851300000,
      "ocf": 934800000,
      "capex": -83500000,
      "gross_margin": null,
      "op_margin": 0.15542144164914898,
      "fcf_margin": 0.19242331773694085,
      "incr_op_margin_yoy": 0.30545246931201825,
      "rev_growth_yoy": 0.08598851195444057,
      "rev_growth_yoy_accel": -0.030894307872179436,
      "fcf_margin_change": 0.020578717192182627
    },
    {
      "date": "2024-03-31T00:00:00",
      "quarter_label": "2024-03 (Q1)",
      "revenue": 4215500000,
      "gross_profit": 1459900000,
      "operating_income": 633800000,
      "net_income": 436300000,
      "opex": 826100000,
      "cogs": 2755600000,
      "rd": null,
      "sga": 826100000,
      "fcf": 163400000,
      "ocf": 247200000,
      "capex": -83800000,
      "gross_margin": 0.3463171628513818,
      "op_margin": 0.15034989918159175,
      "fcf_margin": 0.03876171272684142,
      "incr_op_margin_yoy": 0.32199381480807715,
      "rev_growth_yoy": 0.14995362540236784,
      "rev_growth_yoy_accel": 0.06396511344792727,
      "fcf_margin_change": -0.15366160501009943
    },
    {
      "date": "2024-06-30T00:00:00",
      "quarter_label": "2024-06 (Q2)",
      "revenue": 5307400000,
      "gross_profit": 1935500000,
      "operating_income": 1034200000,
      "net_income": 755300000,
      "opex": 901300000,
      "cogs": 3371900000,
      "rd": null,
      "sga": 901300000,
      "fcf": 623000000,
      "ocf": 695900000,
      "capex": -72900000,
      "gross_margin": 0.364679504088631,
      "op_margin": 0.19486000678298226,
      "fcf_margin": 0.11738327618042733,
      "incr_op_margin_yoy": 0.24688899950223991,
      "rev_growth_yoy": 0.1281059366165749,
      "rev_growth_yoy_accel": -0.021847688785792935,
      "op_leverage_ratio": 2.8454342446947307,
      "fcf_margin_change": 0.07862156345358592
    },
    {
      "date": "2024-09-30T00:00:00",
      "quarter_label": "2024-09 (Q3)",
      "revenue": 5441200000,
      "gross_profit": 1974400000,
      "operating_income": 1024600000,
      "net_income": 772000000,
      "opex": 949800000,
      "cogs": 3466800000,
      "rd": null,
      "sga": 949800000,
      "fcf": 1214300000,
      "ocf": 1302600000,
      "capex": -88300000,
      "gross_margin": 0.36286113357347644,
      "op_margin": 0.18830405057707858,
      "fcf_margin": 0.22316768359920605,
      "incr_op_margin_yoy": 0.2873007343722013,
      "rev_growth_yoy": 0.11433779106678409,
      "rev_growth_yoy_accel": -0.01376814554979082,
      "op_leverage_ratio": 0.46849172658754223,
      "fcf_margin_change": 0.10578440741877872
    },
    {
      "date": "2024-12-31T00:00:00",
      "quarter_label": "2024-12 (Q4)",
      "revenue": 4874000000,
      "gross_profit": null,
      "operating_income": 807600000,
      "net_income": 604300000,
      "opex": null,
      "cogs": null,
      "rd": null,
      "sga": 903200000,
      "fcf": 774300000,
      "ocf": 899900000,
      "capex": -125600000,
      "gross_margin": null,
      "op_margin": 0.16569552728764875,
      "fcf_margin": 0.15886335658596634,
      "incr_op_margin_yoy": 0.26672593909757725,
      "rev_growth_yoy": 0.10169299970615492,
      "rev_growth_yoy_accel": -0.012644791360629168,
      "fcf_margin_change": -0.06430432701323971
    },
    {
      "date": "2025-03-31T00:00:00",
      "quarter_label": "2025-03 (Q1)",
      "revenue": 4688500000,
      "gross_profit": 1677500000,
      "operating_income": 818900000,
      "net_income": 604900000,
      "opex": 858600000,
      "cogs": 3011000000,
      "rd": null,
      "sga": 858600000,
      "fcf": 220600000,
      "ocf": 339500000,
      "capex": -118900000,
      "gross_margin": 0.35779033806121363,
      "op_margin": 0.17466140556681242,
      "fcf_margin": 0.04705129572357897,
      "incr_op_margin_yoy": 0.39133192389006344,
      "rev_growth_yoy": 0.11220495789348832,
      "rev_growth_yoy_accel": 0.0105119581873334,
      "fcf_margin_change": -0.11181206086238737
    },
    {
      "date": "2025-06-30T00:00:00",
      "quarter_label": "2025-06 (Q2)",
      "revenue": 5746400000,
      "gross_profit": 2160600000,
      "operating_income": 1164200000,
      "net_income": 874800000,
      "opex": 996400000,
      "cogs": 3585800000,
      "rd": null,
      "sga": 996400000,
      "fcf": 602200000,
      "ocf": 692100000,
      "capex": -89900000,
      "gross_margin": 0.37599192537936793,
      "op_margin": 0.2025964081859947,
      "fcf_margin": 0.10479604622024224,
      "incr_op_margin_yoy": 0.296127562642369,
      "rev_growth_yoy": 0.08271470022986774,
      "rev_growth_yoy_accel": -0.02949025766362058,
      "op_leverage_ratio": 1.4058933068637667,
      "fcf_margin_change": 0.05774475049666328
    },
    {
      "date": "2025-09-30T00:00:00",
      "quarter_label": "2025-09 (Q3)",
      "revenue": 5742500000,
      "gross_profit": 2118200000,
      "operating_income": 1165300000,
      "net_income": 847600000,
      "opex": 952900000,
      "cogs": 3624300000,
      "rd": null,
      "sga": 952900000,
      "fcf": 935600000,
      "ocf": 1004000000,
      "capex": -68400000,
      "gross_margin": 0.36886373530692207,
      "op_margin": 0.20292555507183282,
      "fcf_margin": 0.16292555507183282,
      "incr_op_margin_yoy": 0.46697643544639894,
      "rev_growth_yoy": 0.05537381459972065,
      "rev_growth_yoy_accel": -0.02734088563014709,
      "fcf_margin_change": 0.05812950885159057
    }
  ],
  "signals": [
    {
      "quarter": "2025-09 (Q3)",
      "signal": "FCF MARGIN EXPANSION",
      "detail": "FCF margin: +10.5% -> +16.3% (+5.8%)",
      "severity": "MEDIUM"
    },
    {
      "quarter": "2025-09 (Q3)",
      "signal": "INCREMENTAL MARGIN (YoY)",
      "detail": "YoY Incr OPM: +46.7% vs year-ago OPM: +18.8%",
      "severity": "HIGH"
    },
    {
      "quarter": "2025-06 (Q2)",
      "signal": "FCF MARGIN EXPANSION",
      "detail": "FCF margin: +4.7% -> +10.5% (+5.8%)",
      "severity": "MEDIUM"
    },
    {
      "quarter": "2025-06 (Q2)",
      "signal": "INCREMENTAL MARGIN (YoY)",
      "detail": "YoY Incr OPM: +29.6% vs year-ago OPM: +19.5%",
      "severity": "MEDIUM"
    },
    {
      "quarter": "2025-03 (Q1)",
      "signal": "INCREMENTAL MARGIN (YoY)",
      "detail": "YoY Incr OPM: +39.1% vs year-ago OPM: +15.0%",
      "severity": "HIGH"
    },
    {
      "quarter": "2024-12 (Q4)",
      "signal": "INCREMENTAL MARGIN (YoY)",
      "detail": "YoY Incr OPM: +26.7% vs year-ago OPM: +15.5%",
      "severity": "MEDIUM"
    },
    {
      "quarter": "2024-09 (Q3)",
      "signal": "FCF MARGIN EXPANSION",
      "detail": "FCF margin: +11.7% -> +22.3% (+10.6%)",
      "severity": "MEDIUM"
    },
    {
      "quarter": "2024-09 (Q3)",
      "signal": "INCREMENTAL MARGIN (YoY)",
      "detail": "YoY Incr OPM: +28.7% vs year-ago OPM: +17.7%",
      "severity": "MEDIUM"
    },
    {
      "quarter": "2024-06 (Q2)",
      "signal": "FCF MARGIN EXPANSION",
      "detail": "FCF margin: +3.9% -> +11.7% (+7.9%)",
      "severity": "MEDIUM"
    },
    {
      "quarter": "2024-06 (Q2)",
      "signal": "OPERATING LEVERAGE",
      "detail": "Rev growth +25.9% vs OpEx growth +9.1% (leverage: 2.8x)",
      "severity": "MEDIUM"
    },
    {
      "quarter": "2024-03 (Q1)",
      "signal": "YoY REVENUE GROWTH ACCELERATION",
      "detail": "YoY growth: +15.0% vs prior quarter YoY: +8.6% (accel: +6.4%)",
      "severity": "MEDIUM"
    },
    {
      "quarter": "2024-03 (Q1)",
      "signal": "INCREMENTAL MARGIN (YoY)",
      "detail": "YoY Incr OPM: +32.2% vs year-ago OPM: +12.5%",
      "severity": "MEDIUM"
    },
    {
      "quarter": "2023-12 (Q4)",
      "signal": "INCREMENTAL MARGIN (YoY)",
      "detail": "YoY Incr OPM: +30.5% vs year-ago OPM: +14.3%",
      "severity": "MEDIUM"
    },
    {
      "quarter": "2023-09 (Q3)",
      "signal": "FCF MARGIN EXPANSION",
      "detail": "FCF margin: +9.9% -> +17.2% (+7.3%)",
      "severity": "MEDIUM"
    },
    {
      "quarter": "2023-06 (Q2)",
      "signal": "FCF TURNED POSITIVE",
      "detail": "FCF margin: -1.9% -> +9.9%",
      "severity": "HIGH"
    },
    {
      "quarter": "2023-06 (Q2)",
      "signal": "OPERATING LEVERAGE",
      "detail": "Rev growth +28.3% vs OpEx growth +1.8% (leverage: 15.8x)",
      "severity": "MEDIUM"
    },
    {
      "quarter": "2023-06 (Q2)",
      "signal": "INCREMENTAL MARGIN (YoY)",
      "detail": "YoY Incr OPM: +34.0% vs year-ago OPM: +17.0%",
      "severity": "MEDIUM"
    },
    {
      "quarter": "2023-03 (Q1)",
      "signal": "INCREMENTAL MARGIN (YoY)",
      "detail": "YoY Incr OPM: +22.1% vs year-ago OPM: +11.6%",
      "severity": "MEDIUM"
    },
    {
      "quarter": "2022-12 (Q4)",
      "signal": "FCF MARGIN EXPANSION",
      "detail": "FCF margin: +10.3% -> +16.5% (+6.2%)",
      "severity": "MEDIUM"
    },
    {
      "quarter": "2022-12 (Q4)",
      "signal": "INCREMENTAL MARGIN (YoY)",
      "detail": "YoY Incr OPM: +28.7% vs year-ago OPM: +12.2%",
      "severity": "MEDIUM"
    },
    {
      "quarter": "2022-09 (Q3)",
      "signal": "YoY REVENUE GROWTH ACCELERATION",
      "detail": "YoY growth: +17.5% vs prior quarter YoY: +9.4% (accel: +8.1%)",
      "severity": "MEDIUM"
    },
    {
      "quarter": "2022-06 (Q2)",
      "signal": "FCF TURNED POSITIVE",
      "detail": "FCF margin: -7.8% -> +8.4%",
      "severity": "HIGH"
    },
    {
      "quarter": "2022-06 (Q2)",
      "signal": "OPERATING LEVERAGE",
      "detail": "Rev growth +24.9% vs OpEx growth +2.0% (leverage: 12.5x)",
      "severity": "MEDIUM"
    },
    {
      "quarter": "2021-06 (Q2)",
      "signal": "OPERATING LEVERAGE",
      "detail": "Rev growth +26.9% vs OpEx growth +3.3% (leverage: 8.2x)",
      "severity": "MEDIUM"
    }
  ],
  "data_quality": {
    "n_quarters": 20,
    "coverage": {
      "revenue": [
        20,
        20
      ],
      "gross_profit": [
        16,
        20
      ],
      "op_income": [
        20,
        20
      ],
      "fcf": [
        20,
        20
      ]
    },
    "gaps": [],
    "warnings": []
  },
  "market_cap": null,
  "source": "SEC EDGAR",
  "last_updated": "2026-02-02T19:51:50.769879"
}