{
  "ticker": "TTC",
  "name": "THE TORO COMPANY",
  "quarters": [
    {
      "date": "2021-01-29T00:00:00",
      "quarter_label": "2021-01 (Q1)",
      "revenue": 872986000,
      "gross_profit": 315036000,
      "operating_income": 141465000,
      "net_income": null,
      "opex": 173571000,
      "cogs": 557950000,
      "rd": null,
      "sga": 173571000,
      "fcf": 84521000,
      "ocf": 95025000,
      "capex": -10504000,
      "gross_margin": 0.3608717665575393,
      "op_margin": 0.16204727223575177,
      "fcf_margin": 0.09681827658175503
    },
    {
      "date": "2021-04-30T00:00:00",
      "quarter_label": "2021-04 (Q2)",
      "revenue": 1149107000,
      "gross_profit": 402953000,
      "operating_income": 180716000,
      "net_income": null,
      "opex": 222237000,
      "cogs": 746154000,
      "rd": null,
      "sga": 222237000,
      "fcf": 207900000,
      "ocf": 223594000,
      "capex": -15694000,
      "gross_margin": 0.35066621298103656,
      "op_margin": 0.15726646865783603,
      "fcf_margin": 0.18092309941545914,
      "op_leverage_ratio": 1.1280897997909483,
      "fcf_margin_change": 0.08410482283370412
    },
    {
      "date": "2021-07-30T00:00:00",
      "quarter_label": "2021-07 (Q3)",
      "revenue": 976836000,
      "gross_profit": 331117000,
      "operating_income": 121939000,
      "net_income": null,
      "opex": 209178000,
      "cogs": 645719000,
      "rd": null,
      "sga": 209178000,
      "fcf": 136753000,
      "ocf": 158516000,
      "capex": -21763000,
      "gross_margin": 0.3389688750209861,
      "op_margin": 0.12483057544971725,
      "fcf_margin": 0.13999586419828916,
      "fcf_margin_change": -0.04092723521716998
    },
    {
      "date": "2021-10-31T00:00:00",
      "quarter_label": "2021-10 (Q4)",
      "revenue": 960655000,
      "gross_profit": 289386000,
      "operating_income": 74160000,
      "net_income": null,
      "opex": 215226000,
      "cogs": 671269000,
      "rd": null,
      "sga": 215226000,
      "fcf": 22326000,
      "ocf": 78365000,
      "capex": -56039000,
      "gross_margin": 0.30123821767439923,
      "op_margin": 0.07719732890579865,
      "fcf_margin": 0.023240393273339544,
      "fcf_margin_change": -0.11675547092494962
    },
    {
      "date": "2022-01-28T00:00:00",
      "quarter_label": "2022-01 (Q1)",
      "revenue": 932650000,
      "gross_profit": 300476000,
      "operating_income": 91626000,
      "net_income": null,
      "opex": 208850000,
      "cogs": 632174000,
      "rd": null,
      "sga": 208850000,
      "fcf": -101946000,
      "ocf": -90043000,
      "capex": -11903000,
      "gross_margin": 0.3221744491502707,
      "op_margin": 0.0982426419342733,
      "fcf_margin": -0.10930788613091728,
      "incr_op_margin_yoy": -0.8353278358809332,
      "rev_growth_yoy": 0.06834473863269284,
      "fcf_margin_change": -0.13254827940425684
    },
    {
      "date": "2022-04-29T00:00:00",
      "quarter_label": "2022-04 (Q2)",
      "revenue": 1249478000,
      "gross_profit": 405369000,
      "operating_income": 170577000,
      "net_income": null,
      "opex": 234792000,
      "cogs": 844109000,
      "rd": null,
      "sga": 234792000,
      "fcf": 108841000,
      "ocf": 132907000,
      "capex": -24066000,
      "gross_margin": 0.32443068225290883,
      "op_margin": 0.13651861017160766,
      "fcf_margin": 0.08710917679222843,
      "incr_op_margin_yoy": -0.1010152334837752,
      "rev_growth_yoy": 0.08734695724593097,
      "rev_growth_yoy_accel": 0.019002218613238128,
      "op_leverage_ratio": 2.7348649532275857,
      "fcf_margin_change": 0.1964170629231457
    },
    {
      "date": "2022-07-29T00:00:00",
      "quarter_label": "2022-07 (Q3)",
      "revenue": 1160550000,
      "gross_profit": 399906000,
      "operating_income": 163048000,
      "net_income": null,
      "opex": 236858000,
      "cogs": 760644000,
      "rd": null,
      "sga": 236858000,
      "fcf": 71896000,
      "ocf": 111699000,
      "capex": -39803000,
      "gross_margin": 0.34458317177200465,
      "op_margin": 0.14049200809960793,
      "fcf_margin": 0.061949937529619574,
      "incr_op_margin_yoy": 0.2237662889055815,
      "rev_growth_yoy": 0.1880704642335049,
      "rev_growth_yoy_accel": 0.10072350698757393,
      "fcf_margin_change": -0.025159239262608858
    },
    {
      "date": "2022-10-31T00:00:00",
      "quarter_label": "2022-10 (Q4)",
      "revenue": 1171984000,
      "gross_profit": 398845000,
      "operating_income": 150412000,
      "net_income": null,
      "opex": 248433000,
      "cogs": 773139000,
      "rd": null,
      "sga": 248433000,
      "fcf": 74909000,
      "ocf": 142637000,
      "capex": -67728000,
      "gross_margin": 0.3403160794004014,
      "op_margin": 0.12833963603598683,
      "fcf_margin": 0.0639164015891002,
      "incr_op_margin_yoy": 0.3608212786697519,
      "rev_growth_yoy": 0.2199842815578954,
      "rev_growth_yoy_accel": 0.0319138173243905,
      "fcf_margin_change": 0.001966464059480623
    },
    {
      "date": "2023-02-03T00:00:00",
      "quarter_label": "2023-02 (Q1)",
      "revenue": 1148840000,
      "gross_profit": 395924000,
      "operating_income": 136427000,
      "net_income": null,
      "opex": 259497000,
      "cogs": 752916000,
      "rd": null,
      "sga": 259497000,
      "fcf": -98200000,
      "ocf": -68900000,
      "capex": -29300000,
      "gross_margin": 0.3446293652727969,
      "op_margin": 0.1187519584972668,
      "fcf_margin": -0.08547752515580934,
      "incr_op_margin_yoy": 0.20722975160738238,
      "rev_growth_yoy": 0.23180185492950195,
      "rev_growth_yoy_accel": 0.011817573371606549,
      "fcf_margin_change": -0.14939392674490953
    },
    {
      "date": "2023-05-05T00:00:00",
      "quarter_label": "2023-05 (Q2)",
      "revenue": 1339326000,
      "gross_profit": 479721000,
      "operating_income": 218796000,
      "net_income": null,
      "opex": 260925000,
      "cogs": 859605000,
      "rd": null,
      "sga": 260925000,
      "fcf": 89800000,
      "ocf": 130600000,
      "capex": -40800000,
      "gross_margin": 0.35818090591835,
      "op_margin": 0.16336276604799727,
      "fcf_margin": 0.06704864984327938,
      "incr_op_margin_yoy": 0.536673047814086,
      "rev_growth_yoy": 0.07190842895993367,
      "rev_growth_yoy_accel": -0.1598934259695683,
      "op_leverage_ratio": 30.130590831263046,
      "fcf_margin_change": 0.15252617499908872
    },
    {
      "date": "2023-08-04T00:00:00",
      "quarter_label": "2023-08 (Q3)",
      "revenue": 1081784000,
      "gross_profit": 372354000,
      "operating_income": -19072000,
      "net_income": null,
      "opex": 391426000,
      "cogs": 709430000,
      "rd": null,
      "sga": 240163000,
      "fcf": 57400000,
      "ocf": 93000000,
      "capex": -35600000,
      "gross_margin": 0.3442036487875583,
      "op_margin": -0.017630136884997375,
      "fcf_margin": 0.05306050006285913,
      "incr_op_margin_yoy": 2.3121651473986238,
      "rev_growth_yoy": -0.06786954461246823,
      "rev_growth_yoy_accel": -0.1397779735724019,
      "fcf_margin_change": -0.013988149780420248
    },
    {
      "date": "2023-10-31T00:00:00",
      "quarter_label": "2023-10 (Q4)",
      "revenue": 983250000,
      "gross_profit": 329601000,
      "operating_income": 94549000,
      "net_income": null,
      "opex": 235052000,
      "cogs": 653649000,
      "rd": null,
      "sga": 235015000,
      "fcf": 108300000,
      "ocf": 152100000,
      "capex": -43800000,
      "gross_margin": 0.3352158657513349,
      "op_margin": 0.09615967454869057,
      "fcf_margin": 0.11014492753623188,
      "incr_op_margin_yoy": 0.2959880042811576,
      "rev_growth_yoy": -0.16103803464893718,
      "rev_growth_yoy_accel": -0.09316849003646895,
      "fcf_margin_change": 0.05708442747337275
    },
    {
      "date": "2024-02-02T00:00:00",
      "quarter_label": "2024-02 (Q1)",
      "revenue": 1001900000,
      "gross_profit": 344500000,
      "operating_income": 88600000,
      "net_income": 64900000,
      "opex": 255900000,
      "cogs": 657400000,
      "rd": null,
      "sga": 255900000,
      "fcf": -111300000,
      "ocf": -92200000,
      "capex": -19100000,
      "gross_margin": 0.34384669128655554,
      "op_margin": 0.08843197923944505,
      "fcf_margin": -0.11108893103104102,
      "incr_op_margin_yoy": 0.3254865931672792,
      "rev_growth_yoy": -0.1279029281710247,
      "rev_growth_yoy_accel": 0.033135106477912485,
      "op_leverage_ratio": 0.21385255016928797,
      "fcf_margin_change": -0.2212338585672729
    },
    {
      "date": "2024-05-03T00:00:00",
      "quarter_label": "2024-05 (Q2)",
      "revenue": 1349000000,
      "gross_profit": 453000000,
      "operating_income": 187600000,
      "net_income": 144800000,
      "opex": 265400000,
      "cogs": 896000000,
      "rd": null,
      "sga": 265400000,
      "fcf": 206900000,
      "ocf": 227300000,
      "capex": -20400000,
      "gross_margin": 0.33580429948109713,
      "op_margin": 0.1390659747961453,
      "fcf_margin": 0.15337286879169756,
      "incr_op_margin_yoy": -3.2247260698780233,
      "rev_growth_yoy": 0.007223036064408516,
      "rev_growth_yoy_accel": 0.13512596423543322,
      "op_leverage_ratio": 9.332047005426531,
      "fcf_margin_change": 0.2644617998227386
    },
    {
      "date": "2024-08-02T00:00:00",
      "quarter_label": "2024-08 (Q3)",
      "revenue": 1156900000,
      "gross_profit": 402800000,
      "operating_income": 148100000,
      "net_income": 119300000,
      "opex": 254700000,
      "cogs": 754100000,
      "rd": null,
      "sga": 254700000,
      "fcf": 170600000,
      "ocf": 194700000,
      "capex": -24100000,
      "gross_margin": 0.3481718385340133,
      "op_margin": 0.12801452156625465,
      "fcf_margin": 0.1474630478001556,
      "incr_op_margin_yoy": 2.225517865701049,
      "rev_growth_yoy": 0.06943715196379315,
      "rev_growth_yoy_accel": 0.06221411589938463,
      "fcf_margin_change": -0.00590982099154197
    },
    {
      "date": "2024-10-31T00:00:00",
      "quarter_label": "2024-10 (Q4)",
      "revenue": 1076000000,
      "gross_profit": 349000000,
      "operating_income": 109000000,
      "net_income": 89900000,
      "opex": 240000000,
      "cogs": 727000000,
      "rd": null,
      "sga": 240000000,
      "fcf": 200200000,
      "ocf": 240100000,
      "capex": -39900000,
      "gross_margin": 0.3243494423791822,
      "op_margin": 0.10130111524163568,
      "fcf_margin": 0.18605947955390334,
      "incr_op_margin_yoy": 0.15580592991913747,
      "rev_growth_yoy": 0.09433002796847191,
      "rev_growth_yoy_accel": 0.024892876004678766,
      "fcf_margin_change": 0.038596431753747745
    },
    {
      "date": "2025-01-31T00:00:00",
      "quarter_label": "2025-01 (Q1)",
      "revenue": 995000000,
      "gross_profit": 335600000,
      "operating_income": 77800000,
      "net_income": 52800000,
      "opex": 257800000,
      "cogs": 659400000,
      "rd": null,
      "sga": 257800000,
      "fcf": -67700000,
      "ocf": -48600000,
      "capex": -19100000,
      "gross_margin": 0.337286432160804,
      "op_margin": 0.07819095477386935,
      "fcf_margin": -0.06804020100502513,
      "incr_op_margin_yoy": 1.565217391304348,
      "rev_growth_yoy": -0.006886914861762651,
      "rev_growth_yoy_accel": -0.10121694283023457,
      "fcf_margin_change": -0.25409968055892845
    },
    {
      "date": "2025-05-02T00:00:00",
      "quarter_label": "2025-05 (Q2)",
      "revenue": 1317900000,
      "gross_profit": 436700000,
      "operating_income": 174800000,
      "net_income": 136800000,
      "opex": 261900000,
      "cogs": 881200000,
      "rd": null,
      "sga": 261900000,
      "fcf": 152400000,
      "ocf": 171700000,
      "capex": -19300000,
      "gross_margin": 0.33136049776159043,
      "op_margin": 0.13263525305410123,
      "fcf_margin": 0.11563851582062372,
      "incr_op_margin_yoy": 0.4115755627009646,
      "rev_growth_yoy": -0.023054114158636025,
      "rev_growth_yoy_accel": -0.016167199296873373,
      "op_leverage_ratio": 20.40534869469298,
      "fcf_margin_change": 0.18367871682564885
    },
    {
      "date": "2025-08-01T00:00:00",
      "quarter_label": "2025-08 (Q3)",
      "revenue": 1131300000,
      "gross_profit": 381800000,
      "operating_income": 64800000,
      "net_income": 53500000,
      "opex": 317000000,
      "cogs": 749500000,
      "rd": null,
      "sga": 235900000,
      "fcf": 207200000,
      "ocf": 225800000,
      "capex": -18600000,
      "gross_margin": 0.3374878458410678,
      "op_margin": 0.057279236276849645,
      "fcf_margin": 0.1831521258728896,
      "incr_op_margin_yoy": 3.25390625,
      "rev_growth_yoy": -0.022128100959460627,
      "rev_growth_yoy_accel": 0.0009260131991753982,
      "fcf_margin_change": 0.06751361005226587
    },
    {
      "date": "2025-10-31T00:00:00",
      "quarter_label": "2025-10 (Q4)",
      "revenue": 1066200000,
      "gross_profit": 350700000,
      "operating_income": 92500000,
      "net_income": 73000000,
      "opex": 258200000,
      "cogs": 715500000,
      "rd": null,
      "sga": 258200000,
      "fcf": 286400000,
      "ocf": 313100000,
      "capex": -26700000,
      "gross_margin": 0.3289251547552054,
      "op_margin": 0.08675670605890078,
      "fcf_margin": 0.26861752016507223,
      "incr_op_margin_yoy": 1.683673469387755,
      "rev_growth_yoy": -0.009107806691449814,
      "rev_growth_yoy_accel": 0.013020294268010813,
      "fcf_margin_change": 0.08546539429218264
    }
  ],
  "signals": [
    {
      "quarter": "2025-10 (Q4)",
      "signal": "FCF MARGIN EXPANSION",
      "detail": "FCF margin: +18.3% -> +26.9% (+8.5%)",
      "severity": "MEDIUM"
    },
    {
      "quarter": "2025-10 (Q4)",
      "signal": "INCREMENTAL MARGIN (YoY)",
      "detail": "YoY Incr OPM: +168.4% vs year-ago OPM: +10.1%",
      "severity": "HIGH"
    },
    {
      "quarter": "2025-08 (Q3)",
      "signal": "FCF MARGIN EXPANSION",
      "detail": "FCF margin: +11.6% -> +18.3% (+6.8%)",
      "severity": "MEDIUM"
    },
    {
      "quarter": "2025-08 (Q3)",
      "signal": "INCREMENTAL MARGIN (YoY)",
      "detail": "YoY Incr OPM: +325.4% vs year-ago OPM: +12.8%",
      "severity": "HIGH"
    },
    {
      "quarter": "2025-05 (Q2)",
      "signal": "FCF TURNED POSITIVE",
      "detail": "FCF margin: -6.8% -> +11.6%",
      "severity": "HIGH"
    },
    {
      "quarter": "2025-05 (Q2)",
      "signal": "OPERATING LEVERAGE",
      "detail": "Rev growth +32.5% vs OpEx growth +1.6% (leverage: 20.4x)",
      "severity": "MEDIUM"
    },
    {
      "quarter": "2025-05 (Q2)",
      "signal": "INCREMENTAL MARGIN (YoY)",
      "detail": "YoY Incr OPM: +41.2% vs year-ago OPM: +13.9%",
      "severity": "HIGH"
    },
    {
      "quarter": "2025-01 (Q1)",
      "signal": "YoY REVENUE GROWTH DECELERATION",
      "detail": "YoY growth: -0.7% vs prior quarter YoY: +9.4% (decel: -10.1%)",
      "severity": "WARNING"
    },
    {
      "quarter": "2025-01 (Q1)",
      "signal": "INCREMENTAL MARGIN (YoY)",
      "detail": "YoY Incr OPM: +156.5% vs year-ago OPM: +8.8%",
      "severity": "HIGH"
    },
    {
      "quarter": "2024-08 (Q3)",
      "signal": "YoY REVENUE GROWTH ACCELERATION",
      "detail": "YoY growth: +6.9% vs prior quarter YoY: +0.7% (accel: +6.2%)",
      "severity": "MEDIUM"
    },
    {
      "quarter": "2024-08 (Q3)",
      "signal": "OP MARGIN TURNED POSITIVE (YoY)",
      "detail": "Op margin: -1.8% (year-ago) -> +12.8%",
      "severity": "HIGH"
    },
    {
      "quarter": "2024-05 (Q2)",
      "signal": "FCF TURNED POSITIVE",
      "detail": "FCF margin: -11.1% -> +15.3%",
      "severity": "HIGH"
    },
    {
      "quarter": "2024-05 (Q2)",
      "signal": "OPERATING LEVERAGE",
      "detail": "Rev growth +34.6% vs OpEx growth +3.7% (leverage: 9.3x)",
      "severity": "MEDIUM"
    },
    {
      "quarter": "2024-05 (Q2)",
      "signal": "YoY REVENUE GROWTH ACCELERATION",
      "detail": "YoY growth: +0.7% vs prior quarter YoY: -12.8% (accel: +13.5%)",
      "severity": "MEDIUM"
    },
    {
      "quarter": "2024-02 (Q1)",
      "signal": "INCREMENTAL MARGIN (YoY)",
      "detail": "YoY Incr OPM: +32.5% vs year-ago OPM: +11.9%",
      "severity": "HIGH"
    },
    {
      "quarter": "2023-10 (Q4)",
      "signal": "FCF MARGIN EXPANSION",
      "detail": "FCF margin: +5.3% -> +11.0% (+5.7%)",
      "severity": "MEDIUM"
    },
    {
      "quarter": "2023-10 (Q4)",
      "signal": "YoY REVENUE GROWTH DECELERATION",
      "detail": "YoY growth: -16.1% vs prior quarter YoY: -6.8% (decel: -9.3%)",
      "severity": "WARNING"
    },
    {
      "quarter": "2023-10 (Q4)",
      "signal": "INCREMENTAL MARGIN (YoY)",
      "detail": "YoY Incr OPM: +29.6% vs year-ago OPM: +12.8%",
      "severity": "MEDIUM"
    },
    {
      "quarter": "2023-10 (Q4)",
      "signal": "OP MARGIN TURNED POSITIVE (QoQ)",
      "detail": "Op margin: -1.8% -> +9.6%",
      "severity": "HIGH"
    },
    {
      "quarter": "2023-08 (Q3)",
      "signal": "YoY REVENUE GROWTH DECELERATION",
      "detail": "YoY growth: -6.8% vs prior quarter YoY: +7.2% (decel: -14.0%)",
      "severity": "WARNING"
    },
    {
      "quarter": "2023-05 (Q2)",
      "signal": "FCF TURNED POSITIVE",
      "detail": "FCF margin: -8.5% -> +6.7%",
      "severity": "HIGH"
    },
    {
      "quarter": "2023-05 (Q2)",
      "signal": "OPERATING LEVERAGE",
      "detail": "Rev growth +16.6% vs OpEx growth +0.6% (leverage: 30.1x)",
      "severity": "MEDIUM"
    },
    {
      "quarter": "2023-05 (Q2)",
      "signal": "YoY REVENUE GROWTH DECELERATION",
      "detail": "YoY growth: +7.2% vs prior quarter YoY: +23.2% (decel: -16.0%)",
      "severity": "WARNING"
    },
    {
      "quarter": "2023-05 (Q2)",
      "signal": "INCREMENTAL MARGIN (YoY)",
      "detail": "YoY Incr OPM: +53.7% vs year-ago OPM: +13.7%",
      "severity": "HIGH"
    },
    {
      "quarter": "2023-02 (Q1)",
      "signal": "INCREMENTAL MARGIN (YoY)",
      "detail": "YoY Incr OPM: +20.7% vs year-ago OPM: +9.8%",
      "severity": "MEDIUM"
    },
    {
      "quarter": "2022-10 (Q4)",
      "signal": "INCREMENTAL MARGIN (YoY)",
      "detail": "YoY Incr OPM: +36.1% vs year-ago OPM: +7.7%",
      "severity": "HIGH"
    },
    {
      "quarter": "2022-07 (Q3)",
      "signal": "YoY REVENUE GROWTH ACCELERATION",
      "detail": "YoY growth: +18.8% vs prior quarter YoY: +8.7% (accel: +10.1%)",
      "severity": "MEDIUM"
    },
    {
      "quarter": "2022-04 (Q2)",
      "signal": "FCF TURNED POSITIVE",
      "detail": "FCF margin: -10.9% -> +8.7%",
      "severity": "HIGH"
    },
    {
      "quarter": "2022-04 (Q2)",
      "signal": "OPERATING LEVERAGE",
      "detail": "Rev growth +34.0% vs OpEx growth +12.4% (leverage: 2.7x)",
      "severity": "MEDIUM"
    },
    {
      "quarter": "2022-01 (Q1)",
      "signal": "GROSS MARGIN INFLECTION",
      "detail": "GM: +33.9% -> +30.1% -> +32.2% (reversal +2.1%)",
      "severity": "MEDIUM"
    },
    {
      "quarter": "2021-04 (Q2)",
      "signal": "FCF MARGIN EXPANSION",
      "detail": "FCF margin: +9.7% -> +18.1% (+8.4%)",
      "severity": "MEDIUM"
    }
  ],
  "data_quality": {
    "n_quarters": 20,
    "coverage": {
      "revenue": [
        20,
        20
      ],
      "gross_profit": [
        20,
        20
      ],
      "op_income": [
        20,
        20
      ],
      "fcf": [
        20,
        20
      ]
    },
    "gaps": [],
    "warnings": []
  },
  "market_cap": null,
  "source": "SEC EDGAR",
  "last_updated": "2026-02-02T20:42:43.585503"
}