{
  "ticker": "TTD",
  "name": "Trade Desk, Inc.",
  "quarters": [
    {
      "date": "2020-12-31T00:00:00",
      "quarter_label": "2020-12 (Q4)",
      "revenue": 319905000,
      "gross_profit": 268260000,
      "operating_income": 106432000,
      "net_income": 151902000,
      "opex": 213473000,
      "cogs": 51645000,
      "rd": 48723000,
      "sga": null,
      "fcf": 151217000,
      "ocf": 167557000,
      "capex": -16340000,
      "gross_margin": 0.8385614479298542,
      "op_margin": 0.3326987699473281,
      "fcf_margin": 0.47269345586971134
    },
    {
      "date": "2021-03-31T00:00:00",
      "quarter_label": "2021-03 (Q1)",
      "revenue": 219811000,
      "gross_profit": 169311000,
      "operating_income": 7784000,
      "net_income": 22642000,
      "opex": 212027000,
      "cogs": 50500000,
      "rd": 53918000,
      "sga": null,
      "fcf": 61950000,
      "ocf": 75070000,
      "capex": -13120000,
      "gross_margin": 0.7702571754825737,
      "op_margin": 0.03541224051571577,
      "fcf_margin": 0.28183302928424875,
      "fcf_margin_change": -0.1908604265854626
    },
    {
      "date": "2021-06-30T00:00:00",
      "quarter_label": "2021-06 (Q2)",
      "revenue": 279967000,
      "gross_profit": 229158000,
      "operating_income": 61948000,
      "net_income": 47697000,
      "opex": 218019000,
      "cogs": 50809000,
      "rd": 53536000,
      "sga": null,
      "fcf": 4992000,
      "ocf": 10371000,
      "capex": -5379000,
      "gross_margin": 0.8185178967521172,
      "op_margin": 0.2212689352673708,
      "fcf_margin": 0.01783067290073473,
      "op_leverage_ratio": 9.6838687015248,
      "fcf_margin_change": -0.264002356383514
    },
    {
      "date": "2021-09-30T00:00:00",
      "quarter_label": "2021-09 (Q3)",
      "revenue": 301091000,
      "gross_profit": 247691000,
      "operating_income": 80446000,
      "net_income": 59384000,
      "opex": 220645000,
      "cogs": 53400000,
      "rd": 55847000,
      "sga": null,
      "fcf": 104257000,
      "ocf": 129678000,
      "capex": -25421000,
      "gross_margin": 0.8226449810854526,
      "op_margin": 0.26718168261422626,
      "fcf_margin": 0.3462640862729208,
      "op_leverage_ratio": 6.264247909905582,
      "fcf_margin_change": 0.3284334133721861
    },
    {
      "date": "2021-12-31T00:00:00",
      "quarter_label": "2021-12 (Q4)",
      "revenue": 395598000,
      "gross_profit": 328753000,
      "operating_income": -25361000,
      "net_income": 8039000,
      "opex": 420959000,
      "cogs": 66845000,
      "rd": 62836000,
      "sga": null,
      "fcf": 152510000,
      "ocf": 163394000,
      "capex": -10884000,
      "gross_margin": 0.8310279627298419,
      "op_margin": -0.06410800863502848,
      "fcf_margin": 0.38551762142376855,
      "incr_op_margin_yoy": -1.741151757758313,
      "rev_growth_yoy": 0.23661086885169036,
      "op_leverage_ratio": 0.3457394926025007,
      "fcf_margin_change": 0.03925353515084773
    },
    {
      "date": "2022-03-31T00:00:00",
      "quarter_label": "2022-03 (Q1)",
      "revenue": 315323000,
      "gross_profit": 251433000,
      "operating_income": -17053000,
      "net_income": -14598000,
      "opex": 332376000,
      "cogs": 63890000,
      "rd": 71999000,
      "sga": null,
      "fcf": 137791000,
      "ocf": 146192000,
      "capex": -8401000,
      "gross_margin": 0.797382366652607,
      "op_margin": -0.054081053396041516,
      "fcf_margin": 0.4369836643695512,
      "incr_op_margin_yoy": -0.2600406231677695,
      "rev_growth_yoy": 0.43451874564967174,
      "rev_growth_yoy_accel": 0.19790787679798139,
      "fcf_margin_change": 0.051466042945782664
    },
    {
      "date": "2022-06-30T00:00:00",
      "quarter_label": "2022-06 (Q2)",
      "revenue": 376962000,
      "gross_profit": 309472000,
      "operating_income": 1743000,
      "net_income": -19073000,
      "opex": 375219000,
      "cogs": 67490000,
      "rd": 83483000,
      "sga": null,
      "fcf": 87626000,
      "ocf": 91766000,
      "capex": -4140000,
      "gross_margin": 0.8209633862299117,
      "op_margin": 0.004623808235312843,
      "fcf_margin": 0.23245313851263522,
      "incr_op_margin_yoy": -0.6207020980462911,
      "rev_growth_yoy": 0.3464515460750731,
      "rev_growth_yoy_accel": -0.08806719957459863,
      "op_leverage_ratio": 1.5165255012552483,
      "fcf_margin_change": -0.204530525856916
    },
    {
      "date": "2022-09-30T00:00:00",
      "quarter_label": "2022-09 (Q3)",
      "revenue": 394773000,
      "gross_profit": 324649000,
      "operating_income": 28804000,
      "net_income": 15869000,
      "opex": 365969000,
      "cogs": 70124000,
      "rd": 79915000,
      "sga": null,
      "fcf": 113443000,
      "ocf": 137296000,
      "capex": -23853000,
      "gross_margin": 0.8223688043508548,
      "op_margin": 0.07296344988132421,
      "fcf_margin": 0.2873626109181732,
      "incr_op_margin_yoy": -0.5512478384321428,
      "rev_growth_yoy": 0.3111418142687759,
      "rev_growth_yoy_accel": -0.03530973180629721,
      "op_leverage_ratio": Infinity,
      "fcf_margin_change": 0.05490947240553801
    },
    {
      "date": "2022-12-31T00:00:00",
      "quarter_label": "2022-12 (Q4)",
      "revenue": 490737000,
      "gross_profit": 411118000,
      "operating_income": 100160000,
      "net_income": 71187000,
      "opex": 390577000,
      "cogs": 79619000,
      "rd": 84479000,
      "sga": null,
      "fcf": 125714000,
      "ocf": 173480000,
      "capex": -47766000,
      "gross_margin": 0.837756272708192,
      "op_margin": 0.20410117843162426,
      "fcf_margin": 0.25617387724993224,
      "incr_op_margin_yoy": 1.319343276679385,
      "rev_growth_yoy": 0.24049413798856414,
      "rev_growth_yoy_accel": -0.07064767628021176,
      "op_leverage_ratio": 3.615171305900057,
      "fcf_margin_change": -0.031188733668240987
    },
    {
      "date": "2023-03-31T00:00:00",
      "quarter_label": "2023-03 (Q1)",
      "revenue": 382803000,
      "gross_profit": 297936000,
      "operating_income": -23308000,
      "net_income": 9326000,
      "opex": 406111000,
      "cogs": 84867000,
      "rd": 93710000,
      "sga": null,
      "fcf": 178417000,
      "ocf": 187573000,
      "capex": -9156000,
      "gross_margin": 0.7783011104928644,
      "op_margin": -0.06088771509105206,
      "fcf_margin": 0.4660804643641769,
      "incr_op_margin_yoy": -0.09269413159454654,
      "rev_growth_yoy": 0.2140027844464248,
      "rev_growth_yoy_accel": -0.026491353542139356,
      "fcf_margin_change": 0.20990658711424465
    },
    {
      "date": "2023-06-30T00:00:00",
      "quarter_label": "2023-06 (Q2)",
      "revenue": 464254000,
      "gross_profit": 377600000,
      "operating_income": 41673000,
      "net_income": 32939000,
      "opex": 422581000,
      "cogs": 86654000,
      "rd": 98308000,
      "sga": null,
      "fcf": 120689000,
      "ocf": 128089000,
      "capex": -7400000,
      "gross_margin": 0.8133478656080507,
      "op_margin": 0.08976336229736308,
      "fcf_margin": 0.2599632959543698,
      "incr_op_margin_yoy": 0.45743023415662376,
      "rev_growth_yoy": 0.2315671075599132,
      "rev_growth_yoy_accel": 0.017564323113488406,
      "op_leverage_ratio": 5.246530982506453,
      "fcf_margin_change": -0.2061171684098071
    },
    {
      "date": "2023-09-30T00:00:00",
      "quarter_label": "2023-09 (Q3)",
      "revenue": 493266000,
      "gross_profit": 399884000,
      "operating_income": 37677000,
      "net_income": 39352000,
      "opex": 455589000,
      "cogs": 93382000,
      "rd": 117772000,
      "sga": null,
      "fcf": 186502000,
      "ocf": 191540000,
      "capex": -5038000,
      "gross_margin": 0.8106863234035997,
      "op_margin": 0.07638272250672051,
      "fcf_margin": 0.37809619961643415,
      "incr_op_margin_yoy": 0.09008762044003127,
      "rev_growth_yoy": 0.24949274646442385,
      "rev_growth_yoy_accel": 0.017925638904510655,
      "op_leverage_ratio": 0.8000419696143026,
      "fcf_margin_change": 0.11813290366206436
    },
    {
      "date": "2023-12-31T00:00:00",
      "quarter_label": "2023-12 (Q4)",
      "revenue": 605797000,
      "gross_profit": 505102000,
      "operating_income": 144438000,
      "net_income": 97323000,
      "opex": 461359000,
      "cogs": 100695000,
      "rd": 102004000,
      "sga": null,
      "fcf": 65924000,
      "ocf": 91120000,
      "capex": -25196000,
      "gross_margin": 0.8337809530255185,
      "op_margin": 0.23842640356423025,
      "fcf_margin": 0.10882193209936662,
      "incr_op_margin_yoy": 0.38482530853467756,
      "rev_growth_yoy": 0.2344636740249869,
      "rev_growth_yoy_accel": -0.015029072439436936,
      "op_leverage_ratio": 18.01309806821425,
      "fcf_margin_change": -0.2692742675170675
    },
    {
      "date": "2024-03-31T00:00:00",
      "quarter_label": "2024-03 (Q1)",
      "revenue": 491253000,
      "gross_profit": 387623000,
      "operating_income": 28657000,
      "net_income": 31660000,
      "opex": 462596000,
      "cogs": 103630000,
      "rd": 107686000,
      "sga": null,
      "fcf": 178248000,
      "ocf": 185472000,
      "capex": -7224000,
      "gross_margin": 0.7890496343024878,
      "op_margin": 0.05833450380964594,
      "fcf_margin": 0.3628435856880263,
      "incr_op_margin_yoy": 0.47916090364223146,
      "rev_growth_yoy": 0.28330498977280744,
      "rev_growth_yoy_accel": 0.048841315747820524,
      "fcf_margin_change": 0.2540216535886597
    },
    {
      "date": "2024-06-30T00:00:00",
      "quarter_label": "2024-06 (Q2)",
      "revenue": 584550000,
      "gross_profit": 474091000,
      "operating_income": 94720000,
      "net_income": 85029000,
      "opex": 489830000,
      "cogs": 110459000,
      "rd": 110035000,
      "sga": null,
      "fcf": 59144000,
      "ocf": 81259000,
      "capex": -22115000,
      "gross_margin": 0.8110358395346848,
      "op_margin": 0.1620391754340946,
      "fcf_margin": 0.10117868445813019,
      "incr_op_margin_yoy": 0.44097060583893066,
      "rev_growth_yoy": 0.2591167765921241,
      "rev_growth_yoy_accel": -0.024188213180683316,
      "op_leverage_ratio": 3.2259148783899345,
      "fcf_margin_change": -0.26166490122989616
    },
    {
      "date": "2024-09-30T00:00:00",
      "quarter_label": "2024-09 (Q3)",
      "revenue": 628016000,
      "gross_profit": 505360000,
      "operating_income": 108481000,
      "net_income": 94158000,
      "opex": 519535000,
      "cogs": 122656000,
      "rd": 117705000,
      "sga": null,
      "fcf": 224615000,
      "ocf": 273324000,
      "capex": -48709000,
      "gross_margin": 0.8046928740669027,
      "op_margin": 0.17273604494153016,
      "fcf_margin": 0.3576580851443275,
      "incr_op_margin_yoy": 0.5254471243042672,
      "rev_growth_yoy": 0.27317917715796347,
      "rev_growth_yoy_accel": 0.01406240056583935,
      "op_leverage_ratio": 1.2261506547915044,
      "fcf_margin_change": 0.25647940068619735
    },
    {
      "date": "2024-12-31T00:00:00",
      "quarter_label": "2024-12 (Q4)",
      "revenue": 741012000,
      "gross_profit": 605745000,
      "operating_income": 195309000,
      "net_income": 182229000,
      "opex": 545703000,
      "cogs": 135267000,
      "rd": 127893000,
      "sga": null,
      "fcf": 179211000,
      "ocf": 199401000,
      "capex": -20190000,
      "gross_margin": 0.8174563974672475,
      "op_margin": 0.2635706304351347,
      "fcf_margin": 0.24184628589010704,
      "incr_op_margin_yoy": 0.37622305217616386,
      "rev_growth_yoy": 0.22320183163667037,
      "rev_growth_yoy_accel": -0.0499773455212931,
      "op_leverage_ratio": 3.5722071945042364,
      "fcf_margin_change": -0.11581179925422047
    },
    {
      "date": "2025-03-31T00:00:00",
      "quarter_label": "2025-03 (Q1)",
      "revenue": 616021000,
      "gross_profit": 473182000,
      "operating_income": 54452000,
      "net_income": 50678000,
      "opex": 561569000,
      "cogs": 142839000,
      "rd": 132402000,
      "sga": null,
      "fcf": 232320000,
      "ocf": 291433000,
      "capex": -59113000,
      "gross_margin": 0.7681264112749403,
      "op_margin": 0.08839309049529155,
      "fcf_margin": 0.37713000043829675,
      "incr_op_margin_yoy": 0.20674371633752245,
      "rev_growth_yoy": 0.25397911056013905,
      "rev_growth_yoy_accel": 0.03077727892346868,
      "fcf_margin_change": 0.13528371454818972
    },
    {
      "date": "2025-06-30T00:00:00",
      "quarter_label": "2025-06 (Q2)",
      "revenue": 694039000,
      "gross_profit": 543059000,
      "operating_income": 116777000,
      "net_income": 90129000,
      "opex": 577262000,
      "cogs": 150980000,
      "rd": 134251000,
      "sga": null,
      "fcf": 119774000,
      "ocf": 165013000,
      "capex": -45239000,
      "gross_margin": 0.782461792492929,
      "op_margin": 0.16825711523415832,
      "fcf_margin": 0.17257531637271104,
      "incr_op_margin_yoy": 0.20145402734521276,
      "rev_growth_yoy": 0.18730476434864426,
      "rev_growth_yoy_accel": -0.06667434621149479,
      "op_leverage_ratio": 4.5320683021562695,
      "fcf_margin_change": -0.20455468406558572
    },
    {
      "date": "2025-09-30T00:00:00",
      "quarter_label": "2025-09 (Q3)",
      "revenue": 739433000,
      "gross_profit": 577279000,
      "operating_income": 161219000,
      "net_income": 115547000,
      "opex": 578214000,
      "cogs": 162154000,
      "rd": 127893000,
      "sga": null,
      "fcf": 158350000,
      "ocf": 224686000,
      "capex": -66336000,
      "gross_margin": 0.7807049455461144,
      "op_margin": 0.2180305720734671,
      "fcf_margin": 0.2141505721275626,
      "incr_op_margin_yoy": 0.4733388980137681,
      "rev_growth_yoy": 0.17741108506789635,
      "rev_growth_yoy_accel": -0.009893679280747913,
      "op_leverage_ratio": 39.65980725951746,
      "fcf_margin_change": 0.041575255754851576
    }
  ],
  "signals": [
    {
      "quarter": "2025-09 (Q3)",
      "signal": "OPERATING LEVERAGE",
      "detail": "Rev growth +6.5% vs OpEx growth +0.2% (leverage: 39.7x)",
      "severity": "MEDIUM"
    },
    {
      "quarter": "2025-09 (Q3)",
      "signal": "INCREMENTAL MARGIN (YoY)",
      "detail": "YoY Incr OPM: +47.3% vs year-ago OPM: +17.3%",
      "severity": "HIGH"
    },
    {
      "quarter": "2025-06 (Q2)",
      "signal": "OPERATING LEVERAGE",
      "detail": "Rev growth +12.7% vs OpEx growth +2.8% (leverage: 4.5x)",
      "severity": "MEDIUM"
    },
    {
      "quarter": "2025-06 (Q2)",
      "signal": "YoY REVENUE GROWTH DECELERATION",
      "detail": "YoY growth: +18.7% vs prior quarter YoY: +25.4% (decel: -6.7%)",
      "severity": "WARNING"
    },
    {
      "quarter": "2025-03 (Q1)",
      "signal": "FCF MARGIN EXPANSION",
      "detail": "FCF margin: +24.2% -> +37.7% (+13.5%)",
      "severity": "MEDIUM"
    },
    {
      "quarter": "2025-03 (Q1)",
      "signal": "INCREMENTAL MARGIN (YoY)",
      "detail": "YoY Incr OPM: +20.7% vs year-ago OPM: +5.8%",
      "severity": "MEDIUM"
    },
    {
      "quarter": "2024-12 (Q4)",
      "signal": "OPERATING LEVERAGE",
      "detail": "Rev growth +18.0% vs OpEx growth +5.0% (leverage: 3.6x)",
      "severity": "MEDIUM"
    },
    {
      "quarter": "2024-12 (Q4)",
      "signal": "INCREMENTAL MARGIN (YoY)",
      "detail": "YoY Incr OPM: +37.6% vs year-ago OPM: +23.8%",
      "severity": "MEDIUM"
    },
    {
      "quarter": "2024-09 (Q3)",
      "signal": "FCF MARGIN EXPANSION",
      "detail": "FCF margin: +10.1% -> +35.8% (+25.6%)",
      "severity": "MEDIUM"
    },
    {
      "quarter": "2024-09 (Q3)",
      "signal": "INCREMENTAL MARGIN (YoY)",
      "detail": "YoY Incr OPM: +52.5% vs year-ago OPM: +7.6%",
      "severity": "HIGH"
    },
    {
      "quarter": "2024-06 (Q2)",
      "signal": "OPERATING LEVERAGE",
      "detail": "Rev growth +19.0% vs OpEx growth +5.9% (leverage: 3.2x)",
      "severity": "MEDIUM"
    },
    {
      "quarter": "2024-06 (Q2)",
      "signal": "GROSS MARGIN INFLECTION",
      "detail": "GM: +83.4% -> +78.9% -> +81.1% (reversal +2.2%)",
      "severity": "MEDIUM"
    },
    {
      "quarter": "2024-06 (Q2)",
      "signal": "INCREMENTAL MARGIN (YoY)",
      "detail": "YoY Incr OPM: +44.1% vs year-ago OPM: +9.0%",
      "severity": "HIGH"
    },
    {
      "quarter": "2024-03 (Q1)",
      "signal": "FCF MARGIN EXPANSION",
      "detail": "FCF margin: +10.9% -> +36.3% (+25.4%)",
      "severity": "MEDIUM"
    },
    {
      "quarter": "2024-03 (Q1)",
      "signal": "OP MARGIN TURNED POSITIVE (YoY)",
      "detail": "Op margin: -6.1% (year-ago) -> +5.8%",
      "severity": "HIGH"
    },
    {
      "quarter": "2023-12 (Q4)",
      "signal": "OPERATING LEVERAGE",
      "detail": "Rev growth +22.8% vs OpEx growth +1.3% (leverage: 18.0x)",
      "severity": "MEDIUM"
    },
    {
      "quarter": "2023-12 (Q4)",
      "signal": "GROSS MARGIN INFLECTION",
      "detail": "GM: +81.3% -> +81.1% -> +83.4% (reversal +2.3%)",
      "severity": "MEDIUM"
    },
    {
      "quarter": "2023-12 (Q4)",
      "signal": "INCREMENTAL MARGIN (YoY)",
      "detail": "YoY Incr OPM: +38.5% vs year-ago OPM: +20.4%",
      "severity": "MEDIUM"
    },
    {
      "quarter": "2023-09 (Q3)",
      "signal": "FCF MARGIN EXPANSION",
      "detail": "FCF margin: +26.0% -> +37.8% (+11.8%)",
      "severity": "MEDIUM"
    },
    {
      "quarter": "2023-06 (Q2)",
      "signal": "OPERATING LEVERAGE",
      "detail": "Rev growth +21.3% vs OpEx growth +4.1% (leverage: 5.2x)",
      "severity": "MEDIUM"
    },
    {
      "quarter": "2023-06 (Q2)",
      "signal": "GROSS MARGIN INFLECTION",
      "detail": "GM: +83.8% -> +77.8% -> +81.3% (reversal +3.5%)",
      "severity": "MEDIUM"
    },
    {
      "quarter": "2023-06 (Q2)",
      "signal": "INCREMENTAL MARGIN (YoY)",
      "detail": "YoY Incr OPM: +45.7% vs year-ago OPM: +0.5%",
      "severity": "HIGH"
    },
    {
      "quarter": "2023-06 (Q2)",
      "signal": "OP MARGIN TURNED POSITIVE (QoQ)",
      "detail": "Op margin: -6.1% -> +9.0%",
      "severity": "HIGH"
    },
    {
      "quarter": "2023-03 (Q1)",
      "signal": "FCF MARGIN EXPANSION",
      "detail": "FCF margin: +25.6% -> +46.6% (+21.0%)",
      "severity": "MEDIUM"
    },
    {
      "quarter": "2022-12 (Q4)",
      "signal": "OPERATING LEVERAGE",
      "detail": "Rev growth +24.3% vs OpEx growth +6.7% (leverage: 3.6x)",
      "severity": "MEDIUM"
    },
    {
      "quarter": "2022-12 (Q4)",
      "signal": "YoY REVENUE GROWTH DECELERATION",
      "detail": "YoY growth: +24.0% vs prior quarter YoY: +31.1% (decel: -7.1%)",
      "severity": "WARNING"
    },
    {
      "quarter": "2022-12 (Q4)",
      "signal": "OP MARGIN TURNED POSITIVE (YoY)",
      "detail": "Op margin: -6.4% (year-ago) -> +20.4%",
      "severity": "HIGH"
    },
    {
      "quarter": "2022-09 (Q3)",
      "signal": "FCF MARGIN EXPANSION",
      "detail": "FCF margin: +23.2% -> +28.7% (+5.5%)",
      "severity": "MEDIUM"
    },
    {
      "quarter": "2022-06 (Q2)",
      "signal": "OPERATING LEVERAGE",
      "detail": "Rev growth +19.5% vs OpEx growth +12.9% (leverage: 1.5x)",
      "severity": "MEDIUM"
    },
    {
      "quarter": "2022-06 (Q2)",
      "signal": "GROSS MARGIN INFLECTION",
      "detail": "GM: +83.1% -> +79.7% -> +82.1% (reversal +2.4%)",
      "severity": "MEDIUM"
    },
    {
      "quarter": "2022-06 (Q2)",
      "signal": "YoY REVENUE GROWTH DECELERATION",
      "detail": "YoY growth: +34.6% vs prior quarter YoY: +43.5% (decel: -8.8%)",
      "severity": "WARNING"
    },
    {
      "quarter": "2022-06 (Q2)",
      "signal": "OP MARGIN TURNED POSITIVE (QoQ)",
      "detail": "Op margin: -5.4% -> +0.5%",
      "severity": "HIGH"
    },
    {
      "quarter": "2022-03 (Q1)",
      "signal": "FCF MARGIN EXPANSION",
      "detail": "FCF margin: +38.6% -> +43.7% (+5.1%)",
      "severity": "MEDIUM"
    },
    {
      "quarter": "2022-03 (Q1)",
      "signal": "YoY REVENUE GROWTH ACCELERATION",
      "detail": "YoY growth: +43.5% vs prior quarter YoY: +23.7% (accel: +19.8%)",
      "severity": "HIGH"
    },
    {
      "quarter": "2021-09 (Q3)",
      "signal": "FCF MARGIN EXPANSION",
      "detail": "FCF margin: +1.8% -> +34.6% (+32.8%)",
      "severity": "MEDIUM"
    },
    {
      "quarter": "2021-09 (Q3)",
      "signal": "OPERATING LEVERAGE",
      "detail": "Rev growth +7.5% vs OpEx growth +1.2% (leverage: 6.3x)",
      "severity": "MEDIUM"
    },
    {
      "quarter": "2021-06 (Q2)",
      "signal": "OPERATING LEVERAGE",
      "detail": "Rev growth +27.4% vs OpEx growth +2.8% (leverage: 9.7x)",
      "severity": "MEDIUM"
    },
    {
      "quarter": "2021-06 (Q2)",
      "signal": "GROSS MARGIN INFLECTION",
      "detail": "GM: +83.9% -> +77.0% -> +81.9% (reversal +4.8%)",
      "severity": "MEDIUM"
    }
  ],
  "data_quality": {
    "n_quarters": 20,
    "coverage": {
      "revenue": [
        20,
        20
      ],
      "gross_profit": [
        20,
        20
      ],
      "op_income": [
        20,
        20
      ],
      "fcf": [
        20,
        20
      ]
    },
    "gaps": [],
    "warnings": []
  },
  "market_cap": null,
  "source": "SEC EDGAR",
  "last_updated": "2026-02-02T20:24:51.006000"
}