{
  "ticker": "TTEC",
  "name": "TTEC Holdings, Inc.",
  "quarters": [
    {
      "date": "2020-12-31T00:00:00",
      "quarter_label": "2020-12 (Q4)",
      "revenue": 570974000,
      "gross_profit": 145523000,
      "operating_income": 61615000,
      "net_income": 44423000,
      "opex": 509359000,
      "cogs": 425451000,
      "rd": null,
      "sga": 57235000,
      "fcf": 73191000,
      "ocf": 85136000,
      "capex": -11945000,
      "gross_margin": 0.2548679974920049,
      "op_margin": 0.10791209407083335,
      "fcf_margin": 0.12818622213971215
    },
    {
      "date": "2021-03-31T00:00:00",
      "quarter_label": "2021-03 (Q1)",
      "revenue": 539219000,
      "gross_profit": 150559000,
      "operating_income": 73424000,
      "net_income": 50418000,
      "opex": 465795000,
      "cogs": 388660000,
      "rd": null,
      "sga": 52757000,
      "fcf": 58222000,
      "ocf": 69787000,
      "capex": -11565000,
      "gross_margin": 0.2792167931767983,
      "op_margin": 0.1361673086445396,
      "fcf_margin": 0.10797468190104577,
      "fcf_margin_change": -0.02021154023866638
    },
    {
      "date": "2021-06-30T00:00:00",
      "quarter_label": "2021-06 (Q2)",
      "revenue": 554794000,
      "gross_profit": 154471000,
      "operating_income": 65830000,
      "net_income": 47369000,
      "opex": 488964000,
      "cogs": 400323000,
      "rd": null,
      "sga": 61300000,
      "fcf": 51024000,
      "ocf": 63052000,
      "capex": -12028000,
      "gross_margin": 0.27842947111900995,
      "op_margin": 0.11865665454204624,
      "fcf_margin": 0.09196927147734114,
      "op_leverage_ratio": 0.5806980952074452,
      "fcf_margin_change": -0.016005410423704625
    },
    {
      "date": "2021-09-30T00:00:00",
      "quarter_label": "2021-09 (Q3)",
      "revenue": 566734000,
      "gross_profit": 118948000,
      "operating_income": 26025000,
      "net_income": 14435000,
      "opex": 540709000,
      "cogs": 447786000,
      "rd": null,
      "sga": 67426000,
      "fcf": 25038000,
      "ocf": 42223000,
      "capex": -17185000,
      "gross_margin": 0.2098832962200962,
      "op_margin": 0.0459210140912668,
      "fcf_margin": 0.0441794563234251,
      "op_leverage_ratio": 0.2033672730653777,
      "fcf_margin_change": -0.047789815153916046
    },
    {
      "date": "2021-12-31T00:00:00",
      "quarter_label": "2021-12 (Q4)",
      "revenue": 612315000,
      "gross_profit": 144975000,
      "operating_income": 51913000,
      "net_income": 28748000,
      "opex": 560402000,
      "cogs": 467340000,
      "rd": null,
      "sga": 58511000,
      "fcf": 56654000,
      "ocf": 76234000,
      "capex": -19580000,
      "gross_margin": 0.23676539036280345,
      "op_margin": 0.08478152584862367,
      "fcf_margin": 0.09252427263744968,
      "incr_op_margin_yoy": -0.2346822766744878,
      "rev_growth_yoy": 0.07240434765856239,
      "op_leverage_ratio": 2.2082909793686065,
      "fcf_margin_change": 0.04834481631402458
    },
    {
      "date": "2022-03-31T00:00:00",
      "quarter_label": "2022-03 (Q1)",
      "revenue": 588726000,
      "gross_profit": 141511000,
      "operating_income": 48310000,
      "net_income": 33404000,
      "opex": 540416000,
      "cogs": 447215000,
      "rd": null,
      "sga": 64839000,
      "fcf": -3005000,
      "ocf": 13686000,
      "capex": -16691000,
      "gross_margin": 0.24036818486018963,
      "op_margin": 0.08205854676029256,
      "fcf_margin": -0.005104242041289156,
      "incr_op_margin_yoy": -0.5072817985335407,
      "rev_growth_yoy": 0.09181241758914281,
      "rev_growth_yoy_accel": 0.01940806993058042,
      "fcf_margin_change": -0.09762851467873884
    },
    {
      "date": "2022-06-30T00:00:00",
      "quarter_label": "2022-06 (Q2)",
      "revenue": 604250000,
      "gross_profit": 140740000,
      "operating_income": 35884000,
      "net_income": 25234000,
      "opex": 568366000,
      "cogs": 463510000,
      "rd": null,
      "sga": 66766000,
      "fcf": 58487000,
      "ocf": 77586000,
      "capex": -19099000,
      "gross_margin": 0.23291683905668184,
      "op_margin": 0.05938601572196938,
      "fcf_margin": 0.0967927182457592,
      "incr_op_margin_yoy": -0.6055079262374636,
      "rev_growth_yoy": 0.08914299722058998,
      "rev_growth_yoy_accel": -0.002669420368552833,
      "op_leverage_ratio": 0.509843403223371,
      "fcf_margin_change": 0.10189696028704837
    },
    {
      "date": "2022-09-30T00:00:00",
      "quarter_label": "2022-09 (Q3)",
      "revenue": 592453000,
      "gross_profit": 141999000,
      "operating_income": 35604000,
      "net_income": 22249000,
      "opex": 556849000,
      "cogs": 450454000,
      "rd": null,
      "sga": 75226000,
      "fcf": -1233000,
      "ocf": 27541000,
      "capex": -28774000,
      "gross_margin": 0.23967977206630736,
      "op_margin": 0.06009590634193767,
      "fcf_margin": -0.0020811777474331297,
      "incr_op_margin_yoy": 0.3724483844628485,
      "rev_growth_yoy": 0.04538107824834931,
      "rev_growth_yoy_accel": -0.04376191897224067,
      "fcf_margin_change": -0.09887389599319234
    },
    {
      "date": "2022-12-31T00:00:00",
      "quarter_label": "2022-12 (Q4)",
      "revenue": 658278000,
      "gross_profit": 162939000,
      "operating_income": 48745000,
      "net_income": 22353000,
      "opex": 609533000,
      "cogs": 495339000,
      "rd": null,
      "sga": 80602000,
      "fcf": -1213000,
      "ocf": 18235000,
      "capex": -19448000,
      "gross_margin": 0.24752308295279501,
      "op_margin": 0.07404926186200966,
      "fcf_margin": -0.0018426865245382649,
      "incr_op_margin_yoy": -0.06892500489524182,
      "rev_growth_yoy": 0.0750643051370618,
      "rev_growth_yoy_accel": 0.029683226888712493,
      "op_leverage_ratio": 1.1743449048106058,
      "fcf_margin_change": 0.00023849122289486486
    },
    {
      "date": "2023-03-31T00:00:00",
      "quarter_label": "2023-03 (Q1)",
      "revenue": 633286000,
      "gross_profit": 150608000,
      "operating_income": 44411000,
      "net_income": 18647000,
      "opex": 588875000,
      "cogs": 482678000,
      "rd": null,
      "sga": 74010000,
      "fcf": 35389000,
      "ocf": 49058000,
      "capex": -13669000,
      "gross_margin": 0.2378198791699169,
      "op_margin": 0.07012787271469763,
      "fcf_margin": 0.05588154483124528,
      "incr_op_margin_yoy": -0.0875,
      "rev_growth_yoy": 0.07568886035269379,
      "rev_growth_yoy_accel": 0.0006245552156319834,
      "fcf_margin_change": 0.05772423135578354
    },
    {
      "date": "2023-06-30T00:00:00",
      "quarter_label": "2023-06 (Q2)",
      "revenue": 600394000,
      "gross_profit": 135708000,
      "operating_income": 31298000,
      "net_income": 1211000,
      "opex": 569096000,
      "cogs": 464686000,
      "rd": null,
      "sga": 75338000,
      "fcf": 76606000,
      "ocf": 95891000,
      "capex": -19285000,
      "gross_margin": 0.2260315726006589,
      "op_margin": 0.052129101889759055,
      "fcf_margin": 0.1275928806750234,
      "incr_op_margin_yoy": 1.1893153526970954,
      "rev_growth_yoy": -0.006381464625568887,
      "rev_growth_yoy_accel": -0.08207032497826268,
      "fcf_margin_change": 0.07171133584377812
    },
    {
      "date": "2023-09-30T00:00:00",
      "quarter_label": "2023-09 (Q3)",
      "revenue": 602956000,
      "gross_profit": 123257000,
      "operating_income": 25388000,
      "net_income": -1530000,
      "opex": 577568000,
      "cogs": 479699000,
      "rd": null,
      "sga": 66781000,
      "fcf": -53486000,
      "ocf": -31718000,
      "capex": -21768000,
      "gross_margin": 0.204421218132003,
      "op_margin": 0.042105891640517715,
      "fcf_margin": -0.0887063069278687,
      "incr_op_margin_yoy": -0.972674473959821,
      "rev_growth_yoy": 0.017727988549302645,
      "rev_growth_yoy_accel": 0.024109453174871533,
      "fcf_margin_change": -0.21629918760289207
    },
    {
      "date": "2023-12-31T00:00:00",
      "quarter_label": "2023-12 (Q4)",
      "revenue": 626181000,
      "gross_profit": 120368000,
      "operating_income": 16924000,
      "net_income": -9900000,
      "opex": 609257000,
      "cogs": 505813000,
      "rd": null,
      "sga": 74744000,
      "fcf": 18417000,
      "ocf": 31534000,
      "capex": -13117000,
      "gross_margin": 0.1922255705618663,
      "op_margin": 0.02702732915882149,
      "fcf_margin": 0.02941162379567569,
      "incr_op_margin_yoy": 0.9914010655201421,
      "rev_growth_yoy": -0.04875903493660733,
      "rev_growth_yoy_accel": -0.06648702348590999,
      "op_leverage_ratio": 0.7020445790857702,
      "fcf_margin_change": 0.11811793072354439
    },
    {
      "date": "2024-03-31T00:00:00",
      "quarter_label": "2024-03 (Q1)",
      "revenue": 576638000,
      "gross_profit": 122820000,
      "operating_income": 22711000,
      "net_income": -2305000,
      "opex": 553927000,
      "cogs": 453818000,
      "rd": null,
      "sga": 74575000,
      "fcf": -29102000,
      "ocf": -15629000,
      "capex": -13473000,
      "gross_margin": 0.21299324706314882,
      "op_margin": 0.0393851948709589,
      "fcf_margin": -0.050468404787752455,
      "incr_op_margin_yoy": 0.3830673633667561,
      "rev_growth_yoy": -0.08945089580379165,
      "rev_growth_yoy_accel": -0.040691860867184314,
      "fcf_margin_change": -0.07988002858342814
    },
    {
      "date": "2024-06-30T00:00:00",
      "quarter_label": "2024-06 (Q2)",
      "revenue": 534085000,
      "gross_profit": 116195000,
      "operating_income": -224413000,
      "net_income": -299539000,
      "opex": 758498000,
      "cogs": 417890000,
      "rd": null,
      "sga": 73726000,
      "fcf": 35065000,
      "ocf": 49274000,
      "capex": -14209000,
      "gross_margin": 0.21755900278045628,
      "op_margin": -0.4201821807390209,
      "fcf_margin": 0.06565434340975687,
      "incr_op_margin_yoy": 3.856354341039678,
      "rev_growth_yoy": -0.11044247610735616,
      "rev_growth_yoy_accel": -0.020991580303564517,
      "fcf_margin_change": 0.11612274819750933
    },
    {
      "date": "2024-09-30T00:00:00",
      "quarter_label": "2024-09 (Q3)",
      "revenue": 529427000,
      "gross_profit": 114201000,
      "operating_income": 12889000,
      "net_income": -21122000,
      "opex": 516538000,
      "cogs": 415226000,
      "rd": null,
      "sga": 71580000,
      "fcf": -100160000,
      "ocf": -91377000,
      "capex": -8783000,
      "gross_margin": 0.21570679243786206,
      "op_margin": 0.024345188288470366,
      "fcf_margin": -0.1891856667680341,
      "incr_op_margin_yoy": 0.1699873519291708,
      "rev_growth_yoy": -0.12194753846051785,
      "rev_growth_yoy_accel": -0.01150506235316169,
      "fcf_margin_change": -0.254840010177791
    },
    {
      "date": "2024-12-31T00:00:00",
      "quarter_label": "2024-12 (Q4)",
      "revenue": 567437000,
      "gross_profit": 118506000,
      "operating_income": 15293000,
      "net_income": 2001000,
      "opex": 552144000,
      "cogs": 448931000,
      "rd": null,
      "sga": 73161000,
      "fcf": -9794000,
      "ocf": -1086000,
      "capex": -8708000,
      "gross_margin": 0.20884432985512047,
      "op_margin": 0.02695100953938499,
      "fcf_margin": -0.017260065875154423,
      "incr_op_margin_yoy": 0.027764537654909438,
      "rev_growth_yoy": -0.09381313070821376,
      "rev_growth_yoy_accel": 0.028134407752304094,
      "op_leverage_ratio": 1.0415278153444711,
      "fcf_margin_change": 0.1719256008928797
    },
    {
      "date": "2025-03-31T00:00:00",
      "quarter_label": "2025-03 (Q1)",
      "revenue": 534228000,
      "gross_profit": 119681000,
      "operating_income": 24189000,
      "net_income": 1384000,
      "opex": 510039000,
      "cogs": 414547000,
      "rd": null,
      "sga": 70037000,
      "fcf": 16186000,
      "ocf": 21592000,
      "capex": -5406000,
      "gross_margin": 0.2240260712654522,
      "op_margin": 0.045278420449695635,
      "fcf_margin": 0.03029792523042596,
      "incr_op_margin_yoy": -0.034850271162461685,
      "rev_growth_yoy": -0.07354700869522994,
      "rev_growth_yoy_accel": 0.02026612201298382,
      "fcf_margin_change": 0.047557991105580386
    },
    {
      "date": "2025-06-30T00:00:00",
      "quarter_label": "2025-06 (Q2)",
      "revenue": 513571000,
      "gross_profit": 114298000,
      "operating_income": 18876000,
      "net_income": -7987000,
      "opex": 494695000,
      "cogs": 399273000,
      "rd": null,
      "sga": 70654000,
      "fcf": 85528000,
      "ocf": 92709000,
      "capex": -7181000,
      "gross_margin": 0.2225554012979705,
      "op_margin": 0.03675441175611551,
      "fcf_margin": 0.166535883061933,
      "incr_op_margin_yoy": -11.859656819732866,
      "rev_growth_yoy": -0.03840961644682026,
      "rev_growth_yoy_accel": 0.03513739224840968,
      "fcf_margin_change": 0.13623795783150705
    },
    {
      "date": "2025-09-30T00:00:00",
      "quarter_label": "2025-09 (Q3)",
      "revenue": 519143000,
      "gross_profit": 105508000,
      "operating_income": 12329000,
      "net_income": -13371000,
      "opex": 506814000,
      "cogs": 413635000,
      "rd": null,
      "sga": 68941000,
      "fcf": -9590000,
      "ocf": 4204000,
      "capex": -13794000,
      "gross_margin": 0.2032349468258264,
      "op_margin": 0.023748755159946296,
      "fcf_margin": -0.018472752208928946,
      "incr_op_margin_yoy": 0.054453520031116295,
      "rev_growth_yoy": -0.019424774331494237,
      "rev_growth_yoy_accel": 0.018984842115326025,
      "op_leverage_ratio": 0.4428751891818569,
      "fcf_margin_change": -0.18500863527086195
    }
  ],
  "signals": [
    {
      "quarter": "2025-06 (Q2)",
      "signal": "FCF MARGIN EXPANSION",
      "detail": "FCF margin: +3.0% -> +16.7% (+13.6%)",
      "severity": "MEDIUM"
    },
    {
      "quarter": "2025-06 (Q2)",
      "signal": "OP MARGIN TURNED POSITIVE (YoY)",
      "detail": "Op margin: -42.0% (year-ago) -> +3.7%",
      "severity": "HIGH"
    },
    {
      "quarter": "2025-03 (Q1)",
      "signal": "FCF TURNED POSITIVE",
      "detail": "FCF margin: -1.7% -> +3.0%",
      "severity": "HIGH"
    },
    {
      "quarter": "2024-12 (Q4)",
      "signal": "FCF MARGIN EXPANSION",
      "detail": "FCF margin: -18.9% -> -1.7% (+17.2%)",
      "severity": "MEDIUM"
    },
    {
      "quarter": "2024-09 (Q3)",
      "signal": "INCREMENTAL MARGIN (YoY)",
      "detail": "YoY Incr OPM: +17.0% vs year-ago OPM: +4.2%",
      "severity": "MEDIUM"
    },
    {
      "quarter": "2024-09 (Q3)",
      "signal": "OP MARGIN TURNED POSITIVE (QoQ)",
      "detail": "Op margin: -42.0% -> +2.4%",
      "severity": "HIGH"
    },
    {
      "quarter": "2024-06 (Q2)",
      "signal": "FCF TURNED POSITIVE",
      "detail": "FCF margin: -5.0% -> +6.6%",
      "severity": "HIGH"
    },
    {
      "quarter": "2024-03 (Q1)",
      "signal": "GROSS MARGIN INFLECTION",
      "detail": "GM: +20.4% -> +19.2% -> +21.3% (reversal +2.1%)",
      "severity": "MEDIUM"
    },
    {
      "quarter": "2024-03 (Q1)",
      "signal": "INCREMENTAL MARGIN (YoY)",
      "detail": "YoY Incr OPM: +38.3% vs year-ago OPM: +7.0%",
      "severity": "HIGH"
    },
    {
      "quarter": "2023-12 (Q4)",
      "signal": "FCF TURNED POSITIVE",
      "detail": "FCF margin: -8.9% -> +2.9%",
      "severity": "HIGH"
    },
    {
      "quarter": "2023-12 (Q4)",
      "signal": "YoY REVENUE GROWTH DECELERATION",
      "detail": "YoY growth: -4.9% vs prior quarter YoY: +1.8% (decel: -6.6%)",
      "severity": "WARNING"
    },
    {
      "quarter": "2023-12 (Q4)",
      "signal": "INCREMENTAL MARGIN (YoY)",
      "detail": "YoY Incr OPM: +99.1% vs year-ago OPM: +7.4%",
      "severity": "HIGH"
    },
    {
      "quarter": "2023-06 (Q2)",
      "signal": "FCF MARGIN EXPANSION",
      "detail": "FCF margin: +5.6% -> +12.8% (+7.2%)",
      "severity": "MEDIUM"
    },
    {
      "quarter": "2023-06 (Q2)",
      "signal": "YoY REVENUE GROWTH DECELERATION",
      "detail": "YoY growth: -0.6% vs prior quarter YoY: +7.6% (decel: -8.2%)",
      "severity": "WARNING"
    },
    {
      "quarter": "2023-06 (Q2)",
      "signal": "INCREMENTAL MARGIN (YoY)",
      "detail": "YoY Incr OPM: +118.9% vs year-ago OPM: +5.9%",
      "severity": "HIGH"
    },
    {
      "quarter": "2023-03 (Q1)",
      "signal": "FCF TURNED POSITIVE",
      "detail": "FCF margin: -0.2% -> +5.6%",
      "severity": "HIGH"
    },
    {
      "quarter": "2022-09 (Q3)",
      "signal": "INCREMENTAL MARGIN (YoY)",
      "detail": "YoY Incr OPM: +37.2% vs year-ago OPM: +4.6%",
      "severity": "HIGH"
    },
    {
      "quarter": "2022-06 (Q2)",
      "signal": "FCF TURNED POSITIVE",
      "detail": "FCF margin: -0.5% -> +9.7%",
      "severity": "HIGH"
    },
    {
      "quarter": "2021-12 (Q4)",
      "signal": "OPERATING LEVERAGE",
      "detail": "Rev growth +8.0% vs OpEx growth +3.6% (leverage: 2.2x)",
      "severity": "MEDIUM"
    },
    {
      "quarter": "2021-12 (Q4)",
      "signal": "GROSS MARGIN INFLECTION",
      "detail": "GM: +27.8% -> +21.0% -> +23.7% (reversal +2.7%)",
      "severity": "MEDIUM"
    }
  ],
  "data_quality": {
    "n_quarters": 20,
    "coverage": {
      "revenue": [
        20,
        20
      ],
      "gross_profit": [
        20,
        20
      ],
      "op_income": [
        20,
        20
      ],
      "fcf": [
        20,
        20
      ]
    },
    "gaps": [],
    "warnings": []
  },
  "market_cap": null,
  "source": "SEC EDGAR",
  "last_updated": "2026-02-02T23:06:51.862738"
}