{
  "ticker": "TTGT",
  "name": "TECHTARGET, INC.",
  "quarters": [
    {
      "date": "2023-03-31T00:00:00",
      "quarter_label": "2023-03 (Q1)",
      "revenue": 55850000,
      "gross_profit": 32950000,
      "operating_income": 36639000,
      "net_income": 34999000,
      "opex": -3689000,
      "cogs": 22900000,
      "rd": 2887000,
      "sga": null,
      "fcf": 3941000,
      "ocf": 3941000,
      "capex": null,
      "gross_margin": 0.5899731423455685,
      "op_margin": 0.6560250671441361,
      "fcf_margin": 0.07056401074306178
    },
    {
      "date": "2023-06-30T00:00:00",
      "quarter_label": "2023-06 (Q2)",
      "revenue": 60712000,
      "gross_profit": 37099000,
      "operating_income": -93676000,
      "net_income": -93128000,
      "opex": 130775000,
      "cogs": 23613000,
      "rd": 2952000,
      "sga": null,
      "fcf": 14828000,
      "ocf": 14828000,
      "capex": null,
      "gross_margin": 0.6110653577546449,
      "op_margin": -1.5429569113190145,
      "fcf_margin": 0.24423507708525496,
      "op_leverage_ratio": Infinity,
      "fcf_margin_change": 0.1736710663421932
    },
    {
      "date": "2023-09-30T00:00:00",
      "quarter_label": "2023-09 (Q3)",
      "revenue": 59072000,
      "gross_profit": 35804000,
      "operating_income": -17502000,
      "net_income": -19058000,
      "opex": 53306000,
      "cogs": 23268000,
      "rd": 2500000,
      "sga": null,
      "fcf": -13856000,
      "ocf": -13856000,
      "capex": null,
      "gross_margin": 0.6061078006500542,
      "op_margin": -0.29628250270855905,
      "fcf_margin": -0.23456121343445288,
      "fcf_margin_change": -0.47879629051970785
    },
    {
      "date": "2023-12-31T00:00:00",
      "quarter_label": "2023-12 (Q4)",
      "revenue": 76467000,
      "gross_profit": 47422000,
      "operating_income": 29172000,
      "net_income": 19410000,
      "opex": 18250000,
      "cogs": 29045000,
      "rd": 2721000,
      "sga": null,
      "fcf": -17418000,
      "ocf": -17418000,
      "capex": null,
      "gross_margin": 0.6201629461074712,
      "op_margin": 0.3814979010553572,
      "fcf_margin": -0.22778453450508063,
      "op_leverage_ratio": Infinity,
      "fcf_margin_change": 0.006776678929372254
    },
    {
      "date": "2024-03-31T00:00:00",
      "quarter_label": "2024-03 (Q1)",
      "revenue": 58659000,
      "gross_profit": 34690000,
      "operating_income": -22458000,
      "net_income": -19509000,
      "opex": 57148000,
      "cogs": 23969000,
      "rd": 3019000,
      "sga": null,
      "fcf": -1859000,
      "ocf": -1753000,
      "capex": -106000,
      "gross_margin": 0.5913841013314239,
      "op_margin": -0.3828568506111594,
      "fcf_margin": -0.031691641521335176,
      "incr_op_margin_yoy": -21.038447846208616,
      "rev_growth_yoy": 0.050295434198746644,
      "fcf_margin_change": 0.19609289298374544
    },
    {
      "date": "2024-06-30T00:00:00",
      "quarter_label": "2024-06 (Q2)",
      "revenue": 62968000,
      "gross_profit": 36267000,
      "operating_income": -34418000,
      "net_income": -40203000,
      "opex": 70685000,
      "cogs": 26701000,
      "rd": 2909000,
      "sga": null,
      "fcf": -29473000,
      "ocf": -29314000,
      "capex": -159000,
      "gross_margin": 0.5759592173802567,
      "op_margin": -0.546595095921738,
      "fcf_margin": -0.4680631431838394,
      "incr_op_margin_yoy": 26.266843971631207,
      "rev_growth_yoy": 0.03715904598761365,
      "rev_growth_yoy_accel": -0.013136388211132992,
      "op_leverage_ratio": 0.3101133383999846,
      "fcf_margin_change": -0.4363715016625042
    },
    {
      "date": "2024-09-30T00:00:00",
      "quarter_label": "2024-09 (Q3)",
      "revenue": 0,
      "gross_profit": 0,
      "operating_income": 0,
      "net_income": 0,
      "opex": 53435000,
      "cogs": 0,
      "rd": 2571000,
      "sga": null,
      "fcf": -4617000,
      "ocf": -4580000,
      "capex": -37000,
      "gross_margin": null,
      "op_margin": null,
      "fcf_margin": null,
      "incr_op_margin_yoy": -0.29628250270855905,
      "rev_growth_yoy": -1.0,
      "rev_growth_yoy_accel": -1.0371590459876137
    },
    {
      "date": "2024-12-31T00:00:00",
      "quarter_label": "2024-12 (Q4)",
      "revenue": 100398000,
      "gross_profit": 67626000,
      "operating_income": -47856000,
      "net_income": -39721000,
      "opex": 115482000,
      "cogs": 32772000,
      "rd": 2921000,
      "sga": null,
      "fcf": -29325000,
      "ocf": -29207000,
      "capex": -118000,
      "gross_margin": 0.6735791549632463,
      "op_margin": -0.47666288173071175,
      "fcf_margin": -0.2920874917827048,
      "incr_op_margin_yoy": -3.2187539175128492,
      "rev_growth_yoy": 0.31295853113107613,
      "rev_growth_yoy_accel": 1.312958531131076
    },
    {
      "date": "2025-03-31T00:00:00",
      "quarter_label": "2025-03 (Q1)",
      "revenue": 103887000,
      "gross_profit": 59727000,
      "operating_income": -492904000,
      "net_income": -523388000,
      "opex": 552631000,
      "cogs": 44160000,
      "rd": 2789000,
      "sga": null,
      "fcf": 12205000,
      "ocf": 12235000,
      "capex": -30000,
      "gross_margin": 0.5749227526061971,
      "op_margin": -4.74461674704246,
      "fcf_margin": 0.11748341948463234,
      "incr_op_margin_yoy": -10.401653842752278,
      "rev_growth_yoy": 0.7710325781210045,
      "rev_growth_yoy_accel": 0.4580740469899283,
      "op_leverage_ratio": 0.009180381211040674,
      "fcf_margin_change": 0.40957091126733713
    },
    {
      "date": "2025-06-30T00:00:00",
      "quarter_label": "2025-06 (Q2)",
      "revenue": 119943000,
      "gross_profit": 68779000,
      "operating_income": -410289000,
      "net_income": -398662000,
      "opex": 479068000,
      "cogs": 51164000,
      "rd": 2596000,
      "sga": null,
      "fcf": 1420000,
      "ocf": 1471000,
      "capex": -51000,
      "gross_margin": 0.5734307129219712,
      "op_margin": -3.4206998324203997,
      "fcf_margin": 0.011838956837831304,
      "incr_op_margin_yoy": -6.597121544537078,
      "rev_growth_yoy": 0.9048246728497015,
      "rev_growth_yoy_accel": 0.13379209472869702,
      "op_leverage_ratio": Infinity,
      "fcf_margin_change": -0.10564446264680104
    },
    {
      "date": "2025-09-30T00:00:00",
      "quarter_label": "2025-09 (Q3)",
      "revenue": 122286000,
      "gross_profit": 74936000,
      "operating_income": -107854000,
      "net_income": -76778000,
      "opex": 182790000,
      "cogs": 47350000,
      "rd": 2894000,
      "sga": null,
      "fcf": -9253000,
      "ocf": -9122000,
      "capex": -131000,
      "gross_margin": 0.6127929607641104,
      "op_margin": -0.8819815841551772,
      "fcf_margin": -0.07566687928299233,
      "incr_op_margin_yoy": -0.8819815841551772,
      "op_leverage_ratio": Infinity,
      "fcf_margin_change": -0.08750583612082363
    }
  ],
  "signals": [
    {
      "quarter": "2025-09 (Q3)",
      "signal": "GROSS MARGIN INFLECTION",
      "detail": "GM: +57.5% -> +57.3% -> +61.3% (reversal +3.9%)",
      "severity": "MEDIUM"
    },
    {
      "quarter": "2025-06 (Q2)",
      "signal": "YoY REVENUE GROWTH ACCELERATION",
      "detail": "YoY growth: +90.5% vs prior quarter YoY: +77.1% (accel: +13.4%)",
      "severity": "MEDIUM"
    },
    {
      "quarter": "2025-03 (Q1)",
      "signal": "FCF TURNED POSITIVE",
      "detail": "FCF margin: -29.2% -> +11.7%",
      "severity": "HIGH"
    },
    {
      "quarter": "2025-03 (Q1)",
      "signal": "YoY REVENUE GROWTH ACCELERATION",
      "detail": "YoY growth: +77.1% vs prior quarter YoY: +31.3% (accel: +45.8%)",
      "severity": "HIGH"
    },
    {
      "quarter": "2024-12 (Q4)",
      "signal": "YoY REVENUE GROWTH ACCELERATION",
      "detail": "YoY growth: +31.3% vs prior quarter YoY: -100.0% (accel: +131.3%)",
      "severity": "HIGH"
    },
    {
      "quarter": "2024-09 (Q3)",
      "signal": "YoY REVENUE GROWTH DECELERATION",
      "detail": "YoY growth: -100.0% vs prior quarter YoY: +3.7% (decel: -103.7%)",
      "severity": "WARNING"
    },
    {
      "quarter": "2024-03 (Q1)",
      "signal": "FCF MARGIN EXPANSION",
      "detail": "FCF margin: -22.8% -> -3.2% (+19.6%)",
      "severity": "MEDIUM"
    },
    {
      "quarter": "2023-12 (Q4)",
      "signal": "OP MARGIN TURNED POSITIVE (QoQ)",
      "detail": "Op margin: -29.6% -> +38.1%",
      "severity": "HIGH"
    },
    {
      "quarter": "2023-06 (Q2)",
      "signal": "FCF MARGIN EXPANSION",
      "detail": "FCF margin: +7.1% -> +24.4% (+17.4%)",
      "severity": "MEDIUM"
    }
  ],
  "data_quality": {
    "n_quarters": 11,
    "coverage": {
      "revenue": [
        11,
        11
      ],
      "gross_profit": [
        11,
        11
      ],
      "op_income": [
        11,
        11
      ],
      "fcf": [
        11,
        11
      ]
    },
    "gaps": [],
    "warnings": []
  },
  "market_cap": null,
  "source": "SEC EDGAR",
  "last_updated": "2026-02-02T22:35:38.282688"
}