{
  "ticker": "TTMI",
  "name": "TTM TECHNOLOGIES, INC.",
  "sector": "Technology",
  "industry": "Electronic Components",
  "quarters": [
    {
      "date": "2021-03-29T00:00:00",
      "quarter_label": "2021-03 (Q1)",
      "revenue": 526432000,
      "gross_profit": 81600000,
      "operating_income": 19800000,
      "net_income": -3192000,
      "opex": 61800000,
      "cogs": 444832000,
      "rd": 4470000,
      "sga": null,
      "fcf": 19348000,
      "ocf": 41145000,
      "capex": -21797000,
      "gross_margin": 0.15500577472494073,
      "op_margin": 0.03761169533766944,
      "fcf_margin": 0.03675308491884992
    },
    {
      "date": "2021-06-28T00:00:00",
      "quarter_label": "2021-06 (Q2)",
      "revenue": 567383000,
      "gross_profit": 99910000,
      "operating_income": 40888000,
      "net_income": 28261000,
      "opex": 59022000,
      "cogs": 467473000,
      "rd": 4182000,
      "sga": null,
      "fcf": 34070000,
      "ocf": 56909000,
      "capex": -22839000,
      "gross_margin": 0.1760891672820652,
      "op_margin": 0.07206419649513644,
      "fcf_margin": 0.060047622152937255,
      "op_leverage_ratio": null,
      "fcf_margin_change": 0.023294537234087337
    },
    {
      "date": "2021-09-27T00:00:00",
      "quarter_label": "2021-09 (Q3)",
      "revenue": 556784000,
      "gross_profit": 93179000,
      "operating_income": 32235000,
      "net_income": 20958000,
      "opex": 60944000,
      "cogs": 463605000,
      "rd": 4423000,
      "sga": null,
      "fcf": -1241000,
      "ocf": 16209000,
      "capex": -17450000,
      "gross_margin": 0.16735215092387712,
      "op_margin": 0.057894982614442946,
      "fcf_margin": -0.0022288715192965314,
      "fcf_margin_change": -0.062276493672233785
    },
    {
      "date": "2022-01-03T00:00:00",
      "quarter_label": "2022-01 (Q1)",
      "revenue": 598141000,
      "gross_profit": 97322000,
      "operating_income": 33068000,
      "net_income": 8387000,
      "opex": 64254000,
      "cogs": 500819000,
      "rd": 5071000,
      "sga": null,
      "fcf": 42504000,
      "ocf": 62369000,
      "capex": -19865000,
      "gross_margin": 0.16270745526556446,
      "op_margin": 0.055284623525222315,
      "fcf_margin": 0.07106016808745765,
      "op_leverage_ratio": 1.3676193685115619,
      "fcf_margin_change": 0.07328903960675417
    },
    {
      "date": "2022-04-04T00:00:00",
      "quarter_label": "2022-04 (Q2)",
      "revenue": 581260000,
      "gross_profit": 90923000,
      "operating_income": 25868000,
      "net_income": 17246000,
      "opex": 65055000,
      "cogs": 490337000,
      "rd": 5555000,
      "sga": null,
      "fcf": 12546000,
      "ocf": 35991000,
      "capex": -23445000,
      "gross_margin": 0.15642397550149675,
      "op_margin": 0.04450332037298283,
      "fcf_margin": 0.021584144788906856,
      "incr_op_margin_yoy": 0.11067337856569635,
      "rev_growth_yoy": 0.10415020363503738,
      "fcf_margin_change": -0.04947602329855079
    },
    {
      "date": "2022-07-04T00:00:00",
      "quarter_label": "2022-07 (Q3)",
      "revenue": 625550000,
      "gross_profit": 117073000,
      "operating_income": 37202000,
      "net_income": 27792000,
      "opex": 79871000,
      "cogs": 508477000,
      "rd": 5233000,
      "sga": null,
      "fcf": 52835000,
      "ocf": 79317000,
      "capex": -26482000,
      "gross_margin": 0.187152106146591,
      "op_margin": 0.05947086563823835,
      "fcf_margin": 0.08446167372712013,
      "incr_op_margin_yoy": -0.06336926435951656,
      "rev_growth_yoy": 0.1025180521799208,
      "rev_growth_yoy_accel": -0.0016321514551165817,
      "op_leverage_ratio": 0.33456842708166046,
      "fcf_margin_change": 0.06287752893821327
    },
    {
      "date": "2022-10-03T00:00:00",
      "quarter_label": "2022-10 (Q4)",
      "revenue": 671080000,
      "gross_profit": 128567000,
      "operating_income": 49778000,
      "net_income": 43528000,
      "opex": 78789000,
      "cogs": 542513000,
      "rd": 7322000,
      "sga": null,
      "fcf": 53688000,
      "ocf": 80006000,
      "capex": -26318000,
      "gross_margin": 0.19158222566609048,
      "op_margin": 0.07417595517673005,
      "fcf_margin": 0.08000238421648685,
      "incr_op_margin_yoy": 0.15348743613074822,
      "rev_growth_yoy": 0.2052788873243484,
      "rev_growth_yoy_accel": 0.1027608351444276,
      "op_leverage_ratio": null,
      "fcf_margin_change": -0.004459289510633277
    },
    {
      "date": "2023-01-02T00:00:00",
      "quarter_label": "2023-01 (Q1)",
      "revenue": 617156000,
      "gross_profit": 121402000,
      "operating_income": 97560000,
      "net_income": 6017000,
      "opex": 23842000,
      "cogs": 495754000,
      "rd": 6698000,
      "sga": null,
      "fcf": 50920000,
      "ocf": 77559000,
      "capex": -26639000,
      "gross_margin": 0.19671201446635858,
      "op_margin": 0.15807996681552153,
      "fcf_margin": 0.0825075021550467,
      "incr_op_margin_yoy": 3.3916381803839073,
      "rev_growth_yoy": 0.03179016318894709,
      "rev_growth_yoy_accel": -0.1734887241354013,
      "fcf_margin_change": 0.002505117938559842
    },
    {
      "date": "2023-04-03T00:00:00",
      "quarter_label": "2023-04 (Q2)",
      "revenue": 544437000,
      "gross_profit": 86123000,
      "operating_income": -3468000,
      "net_income": -5814000,
      "opex": 89591000,
      "cogs": 458314000,
      "rd": 7085000,
      "sga": null,
      "fcf": 24076000,
      "ocf": 55078000,
      "capex": -31002000,
      "gross_margin": 0.15818726500954197,
      "op_margin": -0.0063698830167677805,
      "fcf_margin": 0.04422182915562315,
      "incr_op_margin_yoy": 0.7966759905493849,
      "rev_growth_yoy": -0.06335030795169115,
      "rev_growth_yoy_accel": -0.09514047114063824,
      "fcf_margin_change": -0.038285672999423544
    },
    {
      "date": "2023-07-03T00:00:00",
      "quarter_label": "2023-07 (Q3)",
      "revenue": 546509000,
      "gross_profit": 98507000,
      "operating_income": 21408000,
      "net_income": 6824000,
      "opex": 77099000,
      "cogs": 448002000,
      "rd": 6424000,
      "sga": null,
      "fcf": -23581000,
      "ocf": 25884000,
      "capex": -49465000,
      "gross_margin": 0.1802477177868983,
      "op_margin": 0.03917227346667667,
      "fcf_margin": -0.043148420245595225,
      "incr_op_margin_yoy": 0.19982034640249996,
      "rev_growth_yoy": -0.12635440812085366,
      "rev_growth_yoy_accel": -0.06300410016916251,
      "fcf_margin_change": -0.08737024940121838
    },
    {
      "date": "2023-10-02T00:00:00",
      "quarter_label": "2023-10 (Q4)",
      "revenue": 572582000,
      "gross_profit": 113270000,
      "operating_income": -10202000,
      "net_income": -37066000,
      "opex": 123472000,
      "cogs": 459312000,
      "rd": 6173000,
      "sga": null,
      "fcf": 25152000,
      "ocf": 58852000,
      "capex": -33700000,
      "gross_margin": 0.19782319388314687,
      "op_margin": -0.017817535304986885,
      "fcf_margin": 0.04392733267898746,
      "incr_op_margin_yoy": 0.608946374545676,
      "rev_growth_yoy": -0.1467753472015259,
      "rev_growth_yoy_accel": -0.020420939080672246,
      "op_leverage_ratio": 0.07931900156904101,
      "fcf_margin_change": 0.0870757529245827
    },
    {
      "date": "2024-01-01T00:00:00",
      "quarter_label": "2024-01 (Q1)",
      "revenue": 569039000,
      "gross_profit": 115368000,
      "operating_income": 34578000,
      "net_income": 17338000,
      "opex": 80790000,
      "cogs": 453671000,
      "rd": 7590000,
      "sga": null,
      "fcf": 1395000,
      "ocf": 47470000,
      "capex": -46075000,
      "gross_margin": 0.2027418155873323,
      "op_margin": 0.06076560657529625,
      "fcf_margin": 0.0024515015666764493,
      "incr_op_margin_yoy": 1.3089344722239542,
      "rev_growth_yoy": -0.07796570073044741,
      "rev_growth_yoy_accel": 0.0688096464710785,
      "fcf_margin_change": -0.04147583111231101
    },
    {
      "date": "2024-04-01T00:00:00",
      "quarter_label": "2024-04 (Q2)",
      "revenue": 570113000,
      "gross_profit": 103719000,
      "operating_income": 17067000,
      "net_income": 10466000,
      "opex": 86652000,
      "cogs": 466394000,
      "rd": 7321000,
      "sga": null,
      "fcf": -5447000,
      "ocf": 43895000,
      "capex": -49342000,
      "gross_margin": 0.18192709164674373,
      "op_margin": 0.02993617054864562,
      "fcf_margin": -0.009554246263460051,
      "incr_op_margin_yoy": 0.799774108116529,
      "rev_growth_yoy": 0.04716064484963366,
      "rev_growth_yoy_accel": 0.12512634558008107,
      "fcf_margin_change": -0.0120057478301365
    },
    {
      "date": "2024-07-01T00:00:00",
      "quarter_label": "2024-07 (Q3)",
      "revenue": 605137000,
      "gross_profit": 117227000,
      "operating_income": 38986000,
      "net_income": 26352000,
      "opex": 78241000,
      "cogs": 487910000,
      "rd": 8547000,
      "sga": null,
      "fcf": 2386000,
      "ocf": 41855000,
      "capex": -39469000,
      "gross_margin": 0.19371976924233686,
      "op_margin": 0.06442508060158278,
      "fcf_margin": 0.00394290879585945,
      "incr_op_margin_yoy": 0.2998226103568261,
      "rev_growth_yoy": 0.1072772818013976,
      "rev_growth_yoy_accel": 0.060116636951763947,
      "op_leverage_ratio": null,
      "fcf_margin_change": 0.013497155059319501
    },
    {
      "date": "2024-09-30T00:00:00",
      "quarter_label": "2024-09 (Q3)",
      "revenue": 616538000,
      "gross_profit": 129888000,
      "operating_income": 50962000,
      "net_income": 14311000,
      "opex": 78926000,
      "cogs": 486650000,
      "rd": 8054000,
      "sga": null,
      "fcf": 24192000,
      "ocf": 65090000,
      "capex": -40898000,
      "gross_margin": 0.21067314585637867,
      "op_margin": 0.08265832762944052,
      "fcf_margin": 0.03923845732136543,
      "incr_op_margin_yoy": 1.3914823914823915,
      "rev_growth_yoy": 0.07676804370378391,
      "rev_growth_yoy_accel": -0.03050923809761369,
      "op_leverage_ratio": 2.1519543725448718,
      "fcf_margin_change": 0.03529554852550598
    },
    {
      "date": "2024-12-30T00:00:00",
      "quarter_label": "2024-12 (Q4)",
      "revenue": 650965000,
      "gross_profit": 126541000,
      "operating_income": 9028000,
      "net_income": 5170000,
      "opex": 117513000,
      "cogs": 524424000,
      "rd": 7923000,
      "sga": null,
      "fcf": 30024000,
      "ocf": 86054000,
      "capex": -56030000,
      "gross_margin": 0.19438986735077923,
      "op_margin": 0.01386864117118432,
      "fcf_margin": 0.046122295361501774,
      "incr_op_margin_yoy": -0.31186680663037375,
      "rev_growth_yoy": 0.14397255724124358,
      "rev_growth_yoy_accel": 0.06720451353745967,
      "op_leverage_ratio": 0.1142137545572032,
      "fcf_margin_change": 0.006883838040136342
    },
    {
      "date": "2025-03-31T00:00:00",
      "quarter_label": "2025-03 (Q1)",
      "revenue": 648668000,
      "gross_profit": 130972000,
      "operating_income": 50260000,
      "net_income": 32178000,
      "opex": 80712000,
      "cogs": 517696000,
      "rd": 8064000,
      "sga": null,
      "fcf": -73973000,
      "ocf": -10655000,
      "capex": -63318000,
      "gross_margin": 0.2019091430438992,
      "op_margin": 0.07748185512465544,
      "fcf_margin": -0.11403830619053199,
      "incr_op_margin_yoy": 0.4225447138947234,
      "rev_growth_yoy": 0.13778847351314563,
      "rev_growth_yoy_accel": -0.00618408372809795,
      "fcf_margin_change": -0.16016060155203377
    },
    {
      "date": "2025-06-30T00:00:00",
      "quarter_label": "2025-06 (Q2)",
      "revenue": 730621000,
      "gross_profit": 148109000,
      "operating_income": 61769000,
      "net_income": 41530000,
      "opex": 86340000,
      "cogs": 582512000,
      "rd": 7009000,
      "sga": null,
      "fcf": 37396000,
      "ocf": 97804000,
      "capex": -60408000,
      "gross_margin": 0.20271659314473578,
      "op_margin": 0.08454314891031055,
      "fcf_margin": 0.0511838559253019,
      "incr_op_margin_yoy": 0.18156099582416882,
      "rev_growth_yoy": 0.20736461330244227,
      "rev_growth_yoy_accel": 0.06957613978929664,
      "op_leverage_ratio": 1.8118673644004586,
      "fcf_margin_change": 0.16522216211583388
    },
    {
      "date": "2025-09-29T00:00:00",
      "quarter_label": "2025-09 (Q3)",
      "revenue": 752736000,
      "gross_profit": 156736000,
      "operating_income": 71906000,
      "net_income": 53055000,
      "opex": 84830000,
      "cogs": 596000000,
      "rd": 7038000,
      "sga": null,
      "fcf": 42353000,
      "ocf": 141803000,
      "capex": -99450000,
      "gross_margin": 0.2082217404242656,
      "op_margin": 0.09552618713599456,
      "fcf_margin": 0.05626541044934745,
      "incr_op_margin_yoy": 0.15377612006050015,
      "rev_growth_yoy": 0.22090771371756485,
      "rev_growth_yoy_accel": 0.013543100415122578,
      "op_leverage_ratio": null,
      "fcf_margin_change": 0.005081554524045552
    },
    {
      "date": "2025-12-29T00:00:00",
      "quarter_label": "2025-12 (Q4)",
      "revenue": 774320000,
      "gross_profit": 165869000,
      "operating_income": 80749000,
      "net_income": 50685000,
      "opex": 85120000,
      "cogs": 608451000,
      "rd": 6881000,
      "sga": null,
      "fcf": -6459000,
      "ocf": 62930000,
      "capex": -69389000,
      "gross_margin": 0.21421247029651824,
      "op_margin": 0.10428375865275338,
      "fcf_margin": -0.008341512552949685,
      "incr_op_margin_yoy": 0.5814194803615581,
      "rev_growth_yoy": 0.18949559500126734,
      "rev_growth_yoy_accel": -0.03141211871629751,
      "op_leverage_ratio": 8.387658007496698,
      "fcf_margin_change": -0.06460692300229713
    }
  ],
  "signals": [
    {
      "quarter": "2025-12 (Q4)",
      "signal": "OPERATING LEVERAGE",
      "detail": "Rev growth +2.9% vs OpEx growth +0.3% (leverage: 8.4x)",
      "severity": "MEDIUM"
    },
    {
      "quarter": "2025-12 (Q4)",
      "signal": "INCREMENTAL MARGIN (YoY)",
      "detail": "YoY Incr OPM: +58.1% vs year-ago OPM: +1.4%",
      "severity": "HIGH"
    },
    {
      "quarter": "2025-06 (Q2)",
      "signal": "FCF TURNED POSITIVE",
      "detail": "FCF margin: -11.4% -> +5.1%",
      "severity": "HIGH"
    },
    {
      "quarter": "2025-06 (Q2)",
      "signal": "OPERATING LEVERAGE",
      "detail": "Rev growth +12.6% vs OpEx growth +7.0% (leverage: 1.8x)",
      "severity": "MEDIUM"
    },
    {
      "quarter": "2025-06 (Q2)",
      "signal": "YoY REVENUE GROWTH ACCELERATION",
      "detail": "YoY growth: +20.7% vs prior quarter YoY: +13.8% (accel: +7.0%)",
      "severity": "MEDIUM"
    },
    {
      "quarter": "2025-06 (Q2)",
      "signal": "INCREMENTAL MARGIN (YoY)",
      "detail": "YoY Incr OPM: +18.2% vs year-ago OPM: +6.4%",
      "severity": "MEDIUM"
    },
    {
      "quarter": "2025-03 (Q1)",
      "signal": "INCREMENTAL MARGIN (YoY)",
      "detail": "YoY Incr OPM: +42.3% vs year-ago OPM: +3.0%",
      "severity": "HIGH"
    },
    {
      "quarter": "2024-12 (Q4)",
      "signal": "YoY REVENUE GROWTH ACCELERATION",
      "detail": "YoY growth: +14.4% vs prior quarter YoY: +7.7% (accel: +6.7%)",
      "severity": "MEDIUM"
    },
    {
      "quarter": "2024-09 (Q3)",
      "signal": "OPERATING LEVERAGE",
      "detail": "Rev growth +1.9% vs OpEx growth +0.9% (leverage: 2.2x)",
      "severity": "MEDIUM"
    },
    {
      "quarter": "2024-09 (Q3)",
      "signal": "OP MARGIN TURNED POSITIVE (YoY)",
      "detail": "Op margin: -1.8% (year-ago) -> +8.3%",
      "severity": "HIGH"
    },
    {
      "quarter": "2024-07 (Q3)",
      "signal": "FCF TURNED POSITIVE",
      "detail": "FCF margin: -1.0% -> +0.4%",
      "severity": "HIGH"
    },
    {
      "quarter": "2024-07 (Q3)",
      "signal": "YoY REVENUE GROWTH ACCELERATION",
      "detail": "YoY growth: +10.7% vs prior quarter YoY: +4.7% (accel: +6.0%)",
      "severity": "MEDIUM"
    },
    {
      "quarter": "2024-07 (Q3)",
      "signal": "INCREMENTAL MARGIN (YoY)",
      "detail": "YoY Incr OPM: +30.0% vs year-ago OPM: +3.9%",
      "severity": "HIGH"
    },
    {
      "quarter": "2024-04 (Q2)",
      "signal": "YoY REVENUE GROWTH ACCELERATION",
      "detail": "YoY growth: +4.7% vs prior quarter YoY: -7.8% (accel: +12.5%)",
      "severity": "MEDIUM"
    },
    {
      "quarter": "2024-04 (Q2)",
      "signal": "OP MARGIN TURNED POSITIVE (YoY)",
      "detail": "Op margin: -0.6% (year-ago) -> +3.0%",
      "severity": "HIGH"
    },
    {
      "quarter": "2024-01 (Q1)",
      "signal": "YoY REVENUE GROWTH ACCELERATION",
      "detail": "YoY growth: -7.8% vs prior quarter YoY: -14.7% (accel: +6.9%)",
      "severity": "MEDIUM"
    },
    {
      "quarter": "2024-01 (Q1)",
      "signal": "INCREMENTAL MARGIN (YoY)",
      "detail": "YoY Incr OPM: +130.9% vs year-ago OPM: +15.8%",
      "severity": "HIGH"
    },
    {
      "quarter": "2024-01 (Q1)",
      "signal": "OP MARGIN TURNED POSITIVE (QoQ)",
      "detail": "Op margin: -1.8% -> +6.1%",
      "severity": "HIGH"
    },
    {
      "quarter": "2023-10 (Q4)",
      "signal": "FCF TURNED POSITIVE",
      "detail": "FCF margin: -4.3% -> +4.4%",
      "severity": "HIGH"
    },
    {
      "quarter": "2023-07 (Q3)",
      "signal": "GROSS MARGIN INFLECTION",
      "detail": "GM: +19.7% -> +15.8% -> +18.0% (reversal +2.2%)",
      "severity": "MEDIUM"
    },
    {
      "quarter": "2023-07 (Q3)",
      "signal": "YoY REVENUE GROWTH DECELERATION",
      "detail": "YoY growth: -12.6% vs prior quarter YoY: -6.3% (decel: -6.3%)",
      "severity": "WARNING"
    },
    {
      "quarter": "2023-07 (Q3)",
      "signal": "INCREMENTAL MARGIN (YoY)",
      "detail": "YoY Incr OPM: +20.0% vs year-ago OPM: +5.9%",
      "severity": "MEDIUM"
    },
    {
      "quarter": "2023-07 (Q3)",
      "signal": "OP MARGIN TURNED POSITIVE (QoQ)",
      "detail": "Op margin: -0.6% -> +3.9%",
      "severity": "HIGH"
    },
    {
      "quarter": "2023-04 (Q2)",
      "signal": "YoY REVENUE GROWTH DECELERATION",
      "detail": "YoY growth: -6.3% vs prior quarter YoY: +3.2% (decel: -9.5%)",
      "severity": "WARNING"
    },
    {
      "quarter": "2023-01 (Q1)",
      "signal": "YoY REVENUE GROWTH DECELERATION",
      "detail": "YoY growth: +3.2% vs prior quarter YoY: +20.5% (decel: -17.3%)",
      "severity": "WARNING"
    },
    {
      "quarter": "2023-01 (Q1)",
      "signal": "INCREMENTAL MARGIN (YoY)",
      "detail": "YoY Incr OPM: +339.2% vs year-ago OPM: +5.5%",
      "severity": "HIGH"
    },
    {
      "quarter": "2022-10 (Q4)",
      "signal": "YoY REVENUE GROWTH ACCELERATION",
      "detail": "YoY growth: +20.5% vs prior quarter YoY: +10.3% (accel: +10.3%)",
      "severity": "MEDIUM"
    },
    {
      "quarter": "2022-07 (Q3)",
      "signal": "FCF MARGIN EXPANSION",
      "detail": "FCF margin: +2.2% -> +8.4% (+6.3%)",
      "severity": "MEDIUM"
    },
    {
      "quarter": "2022-07 (Q3)",
      "signal": "GROSS MARGIN INFLECTION",
      "detail": "GM: +16.3% -> +15.6% -> +18.7% (reversal +3.1%)",
      "severity": "MEDIUM"
    },
    {
      "quarter": "2022-01 (Q1)",
      "signal": "FCF TURNED POSITIVE",
      "detail": "FCF margin: -0.2% -> +7.1%",
      "severity": "HIGH"
    }
  ],
  "data_quality": {
    "n_quarters": 20,
    "coverage": {
      "revenue": [
        20,
        20
      ],
      "gross_profit": [
        20,
        20
      ],
      "op_income": [
        20,
        20
      ],
      "fcf": [
        20,
        20
      ]
    },
    "gaps": [],
    "warnings": []
  },
  "market_cap": null,
  "source": "SEC EDGAR",
  "last_updated": "2026-02-24T10:38:45.205350"
}