{
  "ticker": "TTSH",
  "name": "TILE\u00a0SHOP\u00a0HOLDINGS,\u00a0INC.",
  "quarters": [
    {
      "date": "2020-12-31T00:00:00",
      "quarter_label": "2020-12 (Q4)",
      "revenue": 81556000,
      "gross_profit": 55852000,
      "operating_income": 2675000,
      "net_income": 1375000,
      "opex": 53177000,
      "cogs": 25704000,
      "rd": null,
      "sga": 53177000,
      "fcf": 7596000,
      "ocf": 8249000,
      "capex": -653000,
      "gross_margin": 0.6848300554220413,
      "op_margin": 0.032799548776300945,
      "fcf_margin": 0.09313845701113345
    },
    {
      "date": "2021-03-31T00:00:00",
      "quarter_label": "2021-03 (Q1)",
      "revenue": 92084000,
      "gross_profit": 64186000,
      "operating_income": 6908000,
      "net_income": 5297000,
      "opex": 57278000,
      "cogs": 27898000,
      "rd": null,
      "sga": 57278000,
      "fcf": 26912000,
      "ocf": 30114000,
      "capex": -3202000,
      "gross_margin": 0.6970374875114026,
      "op_margin": 0.07501846140480431,
      "fcf_margin": 0.29225489770209806,
      "op_leverage_ratio": 1.6738788524668018,
      "fcf_margin_change": 0.19911644069096462
    },
    {
      "date": "2021-06-30T00:00:00",
      "quarter_label": "2021-06 (Q2)",
      "revenue": 96193000,
      "gross_profit": 66425000,
      "operating_income": 7614000,
      "net_income": 5494000,
      "opex": 58811000,
      "cogs": 29768000,
      "rd": null,
      "sga": 58811000,
      "fcf": 8916000,
      "ocf": 11871000,
      "capex": -2955000,
      "gross_margin": 0.6905388125955111,
      "op_margin": 0.07915336874824572,
      "fcf_margin": 0.09268865717879679,
      "op_leverage_ratio": 1.6672382115277316,
      "fcf_margin_change": -0.19956624052330127
    },
    {
      "date": "2021-09-30T00:00:00",
      "quarter_label": "2021-09 (Q3)",
      "revenue": 92240000,
      "gross_profit": 62949000,
      "operating_income": 3158000,
      "net_income": 2175000,
      "opex": 59791000,
      "cogs": 29291000,
      "rd": null,
      "sga": 59791000,
      "fcf": -371000,
      "ocf": 2405000,
      "capex": -2776000,
      "gross_margin": 0.6824479618386817,
      "op_margin": 0.03423677363399827,
      "fcf_margin": -0.004022116218560278,
      "fcf_margin_change": -0.09671077339735706
    },
    {
      "date": "2021-12-31T00:00:00",
      "quarter_label": "2021-12 (Q4)",
      "revenue": 90183000,
      "gross_profit": 59570000,
      "operating_income": 2930000,
      "net_income": 1808000,
      "opex": 56640000,
      "cogs": 30613000,
      "rd": null,
      "sga": 56640000,
      "fcf": -6836000,
      "ocf": -4699000,
      "capex": -2137000,
      "gross_margin": 0.660545779137975,
      "op_margin": 0.03248949358526552,
      "fcf_margin": -0.07580142598937716,
      "incr_op_margin_yoy": 0.029558363278080445,
      "rev_growth_yoy": 0.1057800774927657,
      "fcf_margin_change": -0.07177930977081688
    },
    {
      "date": "2022-03-31T00:00:00",
      "quarter_label": "2022-03 (Q1)",
      "revenue": 102471000,
      "gross_profit": 66845000,
      "operating_income": 4736000,
      "net_income": 3513000,
      "opex": 62109000,
      "cogs": 35626000,
      "rd": null,
      "sga": 62109000,
      "fcf": 4701000,
      "ocf": 7634000,
      "capex": -2933000,
      "gross_margin": 0.652330903377541,
      "op_margin": 0.04621795434805945,
      "fcf_margin": 0.04587639429692303,
      "incr_op_margin_yoy": -0.2091075382689901,
      "rev_growth_yoy": 0.11279918335432866,
      "rev_growth_yoy_accel": 0.007019105861562958,
      "op_leverage_ratio": 1.411145664083323,
      "fcf_margin_change": 0.12167782028630018
    },
    {
      "date": "2022-06-30T00:00:00",
      "quarter_label": "2022-06 (Q2)",
      "revenue": 107604000,
      "gross_profit": 71018000,
      "operating_income": 9778000,
      "net_income": 6914000,
      "opex": 61240000,
      "cogs": 36586000,
      "rd": null,
      "sga": 61240000,
      "fcf": -2839000,
      "ocf": 1589000,
      "capex": -4428000,
      "gross_margin": 0.6599940522657151,
      "op_margin": 0.09087022787256979,
      "fcf_margin": -0.026383777554737742,
      "incr_op_margin_yoy": 0.18964157391990186,
      "rev_growth_yoy": 0.11862609545393116,
      "rev_growth_yoy_accel": 0.0058269120996024965,
      "op_leverage_ratio": Infinity,
      "fcf_margin_change": -0.07226017185166077
    },
    {
      "date": "2022-09-30T00:00:00",
      "quarter_label": "2022-09 (Q3)",
      "revenue": 97154000,
      "gross_profit": 64612000,
      "operating_income": 5503000,
      "net_income": 3823000,
      "opex": 59109000,
      "cogs": 32542000,
      "rd": null,
      "sga": 59109000,
      "fcf": -5017000,
      "ocf": -2038000,
      "capex": -2979000,
      "gross_margin": 0.6650472445807687,
      "op_margin": 0.05664203223747864,
      "fcf_margin": -0.05163966486197172,
      "incr_op_margin_yoy": 0.4772079772079772,
      "rev_growth_yoy": 0.053274067649609715,
      "rev_growth_yoy_accel": -0.06535202780432145,
      "fcf_margin_change": -0.025255887307233976
    },
    {
      "date": "2022-12-31T00:00:00",
      "quarter_label": "2022-12 (Q4)",
      "revenue": 87473000,
      "gross_profit": 56462000,
      "operating_income": 2592000,
      "net_income": 1453000,
      "opex": 53870000,
      "cogs": 31011000,
      "rd": null,
      "sga": 53869000,
      "fcf": -8157000,
      "ocf": -4470000,
      "capex": -3687000,
      "gross_margin": 0.6454791764315846,
      "op_margin": 0.02963200073165434,
      "fcf_margin": -0.09325163193213906,
      "incr_op_margin_yoy": 0.12472324723247233,
      "rev_growth_yoy": -0.03005000942527971,
      "rev_growth_yoy_accel": -0.08332407707488942,
      "fcf_margin_change": -0.041611967070167344
    },
    {
      "date": "2023-03-31T00:00:00",
      "quarter_label": "2023-03 (Q1)",
      "revenue": 102019000,
      "gross_profit": 65538000,
      "operating_income": 4125000,
      "net_income": 2512000,
      "opex": 61413000,
      "cogs": 36481000,
      "rd": null,
      "sga": 61413000,
      "fcf": 22455000,
      "ocf": 25822000,
      "capex": -3367000,
      "gross_margin": 0.6424097472039522,
      "op_margin": 0.04043364471323969,
      "fcf_margin": 0.2201060586753448,
      "rev_growth_yoy": -0.004411004088961755,
      "rev_growth_yoy_accel": 0.025639005336317956,
      "op_leverage_ratio": 1.1876061272346794,
      "fcf_margin_change": 0.31335769060748386
    },
    {
      "date": "2023-06-30T00:00:00",
      "quarter_label": "2023-06 (Q2)",
      "revenue": 98557000,
      "gross_profit": 63302000,
      "operating_income": 7734000,
      "net_income": 5079000,
      "opex": 55568000,
      "cogs": 35255000,
      "rd": null,
      "sga": 55568000,
      "fcf": 10907000,
      "ocf": 15616000,
      "capex": -4709000,
      "gross_margin": 0.6422882190001725,
      "op_margin": 0.07847235609850138,
      "fcf_margin": 0.11066692370912264,
      "incr_op_margin_yoy": 0.22593124792748978,
      "rev_growth_yoy": -0.08407680011895469,
      "rev_growth_yoy_accel": -0.07966579602999294,
      "fcf_margin_change": -0.10943913496622217
    },
    {
      "date": "2023-09-30T00:00:00",
      "quarter_label": "2023-09 (Q3)",
      "revenue": 92112000,
      "gross_profit": 59563000,
      "operating_income": 2829000,
      "net_income": 1844000,
      "opex": 56734000,
      "cogs": 32549000,
      "rd": null,
      "sga": 56734000,
      "fcf": 11764000,
      "ocf": 14734000,
      "capex": -2970000,
      "gross_margin": 0.6466367031439986,
      "op_margin": 0.030712610734757687,
      "fcf_margin": 0.1277140871981935,
      "incr_op_margin_yoy": 0.5303451011503372,
      "rev_growth_yoy": -0.05189698828663771,
      "rev_growth_yoy_accel": 0.032179811832316975,
      "fcf_margin_change": 0.017047163489070857
    },
    {
      "date": "2023-12-31T00:00:00",
      "quarter_label": "2023-12 (Q4)",
      "revenue": 84458000,
      "gross_profit": 54658000,
      "operating_income": 1470000,
      "net_income": 636000,
      "opex": 53188000,
      "cogs": 29800000,
      "rd": null,
      "sga": 53188000,
      "fcf": 1621000,
      "ocf": 5888000,
      "capex": -4267000,
      "gross_margin": 0.647161902957683,
      "op_margin": 0.017405100760141134,
      "fcf_margin": 0.01919297165455019,
      "incr_op_margin_yoy": 0.37213930348258706,
      "rev_growth_yoy": -0.03446777862883404,
      "rev_growth_yoy_accel": 0.017429209657803674,
      "fcf_margin_change": -0.1085211155436433
    },
    {
      "date": "2024-03-31T00:00:00",
      "quarter_label": "2024-03 (Q1)",
      "revenue": 91728000,
      "gross_profit": 60319000,
      "operating_income": 2283000,
      "net_income": 1689000,
      "opex": 58036000,
      "cogs": 31409000,
      "rd": null,
      "sga": 58036000,
      "fcf": 15870000,
      "ocf": 18589000,
      "capex": -2719000,
      "gross_margin": 0.6575854700854701,
      "op_margin": 0.02488880167451596,
      "fcf_margin": 0.17301151229722658,
      "incr_op_margin_yoy": 0.1789913516665047,
      "rev_growth_yoy": -0.10087336672580598,
      "rev_growth_yoy_accel": -0.06640558809697195,
      "op_leverage_ratio": 0.9443754026353404,
      "fcf_margin_change": 0.1538185406426764
    },
    {
      "date": "2024-06-30T00:00:00",
      "quarter_label": "2024-06 (Q2)",
      "revenue": 91384000,
      "gross_profit": 60331000,
      "operating_income": 1851000,
      "net_income": 1219000,
      "opex": 58480000,
      "cogs": 31053000,
      "rd": null,
      "sga": 58480000,
      "fcf": 1325000,
      "ocf": 4863000,
      "capex": -3538000,
      "gross_margin": 0.6601921561761359,
      "op_margin": 0.020255186903615514,
      "fcf_margin": 0.014499255887245032,
      "incr_op_margin_yoy": 0.8201589293182768,
      "rev_growth_yoy": -0.07278021855373033,
      "rev_growth_yoy_accel": 0.028093148172075644,
      "fcf_margin_change": -0.15851225640998154
    },
    {
      "date": "2024-09-30T00:00:00",
      "quarter_label": "2024-09 (Q3)",
      "revenue": 84505000,
      "gross_profit": 56228000,
      "operating_income": 250000,
      "net_income": 41000,
      "opex": 55978000,
      "cogs": 28277000,
      "rd": null,
      "sga": 55978000,
      "fcf": -445000,
      "ocf": 5059000,
      "capex": -5504000,
      "gross_margin": 0.6653807467013786,
      "op_margin": 0.0029584048281166794,
      "fcf_margin": -0.00526596059404769,
      "incr_op_margin_yoy": 0.33902984093598004,
      "rev_growth_yoy": -0.08258424526663193,
      "rev_growth_yoy_accel": -0.009804026712901592,
      "fcf_margin_change": -0.019765216481292723
    },
    {
      "date": "2024-12-31T00:00:00",
      "quarter_label": "2024-12 (Q4)",
      "revenue": 79454000,
      "gross_profit": 50996000,
      "operating_income": -867000,
      "net_income": -628000,
      "opex": 51863000,
      "cogs": 28458000,
      "rd": null,
      "sga": 51863000,
      "fcf": -4181000,
      "ocf": -1404000,
      "capex": -2777000,
      "gross_margin": 0.6418304931155134,
      "op_margin": -0.010911974224079342,
      "fcf_margin": -0.05262164271150603,
      "incr_op_margin_yoy": 0.4670263788968825,
      "rev_growth_yoy": -0.05924838381207227,
      "rev_growth_yoy_accel": 0.023335861454559653,
      "fcf_margin_change": -0.047355682117458345
    },
    {
      "date": "2025-03-31T00:00:00",
      "quarter_label": "2025-03 (Q1)",
      "revenue": 88009000,
      "gross_profit": 58070000,
      "operating_income": 183000,
      "net_income": 172000,
      "opex": 57887000,
      "cogs": 29939000,
      "rd": null,
      "sga": 57887000,
      "fcf": 6369000,
      "ocf": 9994000,
      "capex": -3625000,
      "gross_margin": 0.6598188821597791,
      "op_margin": 0.0020793327955095503,
      "fcf_margin": 0.07236759876830778,
      "incr_op_margin_yoy": 0.5646679214842699,
      "rev_growth_yoy": -0.04054378161521019,
      "rev_growth_yoy_accel": 0.018704602196862083,
      "op_leverage_ratio": 0.9269939920468485,
      "fcf_margin_change": 0.12498924147981381
    },
    {
      "date": "2025-06-30T00:00:00",
      "quarter_label": "2025-06 (Q2)",
      "revenue": 88260000,
      "gross_profit": 56841000,
      "operating_income": 440000,
      "net_income": 392000,
      "opex": 56401000,
      "cogs": 31419000,
      "rd": null,
      "sga": 56401000,
      "fcf": 645000,
      "ocf": 3493000,
      "capex": -2848000,
      "gross_margin": 0.6440176750509857,
      "op_margin": 0.00498527079084523,
      "fcf_margin": 0.007307953772943576,
      "incr_op_margin_yoy": 0.45166453265044815,
      "rev_growth_yoy": -0.034185415390002624,
      "rev_growth_yoy_accel": 0.006358366225207565,
      "fcf_margin_change": -0.06505964499536421
    },
    {
      "date": "2025-09-30T00:00:00",
      "quarter_label": "2025-09 (Q3)",
      "revenue": 83064000,
      "gross_profit": 52279000,
      "operating_income": -1966000,
      "net_income": -1614000,
      "opex": 54245000,
      "cogs": 30785000,
      "rd": null,
      "sga": 54245000,
      "fcf": -3682000,
      "ocf": -2230000,
      "capex": -1452000,
      "gross_margin": 0.629382163151305,
      "op_margin": -0.02366849658094963,
      "fcf_margin": -0.044327265722816145,
      "incr_op_margin_yoy": 1.537820957668286,
      "rev_growth_yoy": -0.01705224542926454,
      "rev_growth_yoy_accel": 0.017133169960738083,
      "fcf_margin_change": -0.05163521949575972
    }
  ],
  "signals": [
    {
      "quarter": "2025-06 (Q2)",
      "signal": "INCREMENTAL MARGIN (YoY)",
      "detail": "YoY Incr OPM: +45.2% vs year-ago OPM: +2.0%",
      "severity": "HIGH"
    },
    {
      "quarter": "2025-03 (Q1)",
      "signal": "FCF TURNED POSITIVE",
      "detail": "FCF margin: -5.3% -> +7.2%",
      "severity": "HIGH"
    },
    {
      "quarter": "2025-03 (Q1)",
      "signal": "INCREMENTAL MARGIN (YoY)",
      "detail": "YoY Incr OPM: +56.5% vs year-ago OPM: +2.5%",
      "severity": "HIGH"
    },
    {
      "quarter": "2025-03 (Q1)",
      "signal": "OP MARGIN TURNED POSITIVE (QoQ)",
      "detail": "Op margin: -1.1% -> +0.2%",
      "severity": "HIGH"
    },
    {
      "quarter": "2024-09 (Q3)",
      "signal": "INCREMENTAL MARGIN (YoY)",
      "detail": "YoY Incr OPM: +33.9% vs year-ago OPM: +3.1%",
      "severity": "HIGH"
    },
    {
      "quarter": "2024-06 (Q2)",
      "signal": "INCREMENTAL MARGIN (YoY)",
      "detail": "YoY Incr OPM: +82.0% vs year-ago OPM: +7.8%",
      "severity": "HIGH"
    },
    {
      "quarter": "2024-03 (Q1)",
      "signal": "FCF MARGIN EXPANSION",
      "detail": "FCF margin: +1.9% -> +17.3% (+15.4%)",
      "severity": "MEDIUM"
    },
    {
      "quarter": "2024-03 (Q1)",
      "signal": "YoY REVENUE GROWTH DECELERATION",
      "detail": "YoY growth: -10.1% vs prior quarter YoY: -3.4% (decel: -6.6%)",
      "severity": "WARNING"
    },
    {
      "quarter": "2024-03 (Q1)",
      "signal": "INCREMENTAL MARGIN (YoY)",
      "detail": "YoY Incr OPM: +17.9% vs year-ago OPM: +4.0%",
      "severity": "MEDIUM"
    },
    {
      "quarter": "2023-12 (Q4)",
      "signal": "INCREMENTAL MARGIN (YoY)",
      "detail": "YoY Incr OPM: +37.2% vs year-ago OPM: +3.0%",
      "severity": "HIGH"
    },
    {
      "quarter": "2023-09 (Q3)",
      "signal": "INCREMENTAL MARGIN (YoY)",
      "detail": "YoY Incr OPM: +53.0% vs year-ago OPM: +5.7%",
      "severity": "HIGH"
    },
    {
      "quarter": "2023-06 (Q2)",
      "signal": "YoY REVENUE GROWTH DECELERATION",
      "detail": "YoY growth: -8.4% vs prior quarter YoY: -0.4% (decel: -8.0%)",
      "severity": "WARNING"
    },
    {
      "quarter": "2023-06 (Q2)",
      "signal": "INCREMENTAL MARGIN (YoY)",
      "detail": "YoY Incr OPM: +22.6% vs year-ago OPM: +9.1%",
      "severity": "MEDIUM"
    },
    {
      "quarter": "2023-03 (Q1)",
      "signal": "FCF TURNED POSITIVE",
      "detail": "FCF margin: -9.3% -> +22.0%",
      "severity": "HIGH"
    },
    {
      "quarter": "2022-12 (Q4)",
      "signal": "YoY REVENUE GROWTH DECELERATION",
      "detail": "YoY growth: -3.0% vs prior quarter YoY: +5.3% (decel: -8.3%)",
      "severity": "WARNING"
    },
    {
      "quarter": "2022-09 (Q3)",
      "signal": "YoY REVENUE GROWTH DECELERATION",
      "detail": "YoY growth: +5.3% vs prior quarter YoY: +11.9% (decel: -6.5%)",
      "severity": "WARNING"
    },
    {
      "quarter": "2022-09 (Q3)",
      "signal": "INCREMENTAL MARGIN (YoY)",
      "detail": "YoY Incr OPM: +47.7% vs year-ago OPM: +3.4%",
      "severity": "HIGH"
    },
    {
      "quarter": "2022-06 (Q2)",
      "signal": "INCREMENTAL MARGIN (YoY)",
      "detail": "YoY Incr OPM: +19.0% vs year-ago OPM: +7.9%",
      "severity": "MEDIUM"
    },
    {
      "quarter": "2022-03 (Q1)",
      "signal": "FCF TURNED POSITIVE",
      "detail": "FCF margin: -7.6% -> +4.6%",
      "severity": "HIGH"
    },
    {
      "quarter": "2021-06 (Q2)",
      "signal": "OPERATING LEVERAGE",
      "detail": "Rev growth +4.5% vs OpEx growth +2.7% (leverage: 1.7x)",
      "severity": "MEDIUM"
    },
    {
      "quarter": "2021-03 (Q1)",
      "signal": "FCF MARGIN EXPANSION",
      "detail": "FCF margin: +9.3% -> +29.2% (+19.9%)",
      "severity": "MEDIUM"
    },
    {
      "quarter": "2021-03 (Q1)",
      "signal": "OPERATING LEVERAGE",
      "detail": "Rev growth +12.9% vs OpEx growth +7.7% (leverage: 1.7x)",
      "severity": "MEDIUM"
    }
  ],
  "data_quality": {
    "n_quarters": 20,
    "coverage": {
      "revenue": [
        20,
        20
      ],
      "gross_profit": [
        20,
        20
      ],
      "op_income": [
        20,
        20
      ],
      "fcf": [
        20,
        20
      ]
    },
    "gaps": [],
    "warnings": []
  },
  "market_cap": null,
  "source": "SEC EDGAR",
  "last_updated": "2026-02-03T00:58:28.271555"
}