{
  "ticker": "TTWO",
  "name": "TAKE-TWO INTERACTIVE SOFTWARE,\u00a0INC.",
  "quarters": [
    {
      "date": "2020-12-31T00:00:00",
      "quarter_label": "2020-12 (Q4)",
      "revenue": 860889000,
      "gross_profit": 514645000,
      "operating_income": 176057000,
      "net_income": 182248000,
      "opex": 338588000,
      "cogs": 346244000,
      "rd": null,
      "sga": null,
      "fcf": 145730000,
      "ocf": 160916000,
      "capex": -15186000,
      "gross_margin": 0.5978064535613766,
      "op_margin": 0.20450603968688183,
      "fcf_margin": 0.1692785016419074
    },
    {
      "date": "2021-03-31T00:00:00",
      "quarter_label": "2021-03 (Q1)",
      "revenue": 839431000,
      "gross_profit": 559784000,
      "operating_income": 255817000,
      "net_income": 218812000,
      "opex": 303967000,
      "cogs": 279647000,
      "rd": null,
      "sga": null,
      "fcf": 95946000,
      "ocf": 124639000,
      "capex": -28693000,
      "gross_margin": 0.6668612429133544,
      "op_margin": 0.3047504797892858,
      "fcf_margin": 0.11429885243694836,
      "fcf_margin_change": -0.05497964920495903
    },
    {
      "date": "2021-06-30T00:00:00",
      "quarter_label": "2021-06 (Q2)",
      "revenue": 813346000,
      "gross_profit": 483631000,
      "operating_income": 170474000,
      "net_income": 152300000,
      "opex": 313157000,
      "cogs": 329700000,
      "rd": null,
      "sga": null,
      "fcf": 61800000,
      "ocf": 148200000,
      "capex": -86400000,
      "gross_margin": 0.5946190182284047,
      "op_margin": 0.20959591612917503,
      "fcf_margin": 0.07598242322455634,
      "fcf_margin_change": -0.03831642921239202
    },
    {
      "date": "2021-09-30T00:00:00",
      "quarter_label": "2021-09 (Q3)",
      "revenue": 858198000,
      "gross_profit": 401516000,
      "operating_income": 20151000,
      "net_income": 10297000,
      "opex": 381365000,
      "cogs": 456700000,
      "rd": null,
      "sga": null,
      "fcf": 110700000,
      "ocf": 135500000,
      "capex": -24800000,
      "gross_margin": 0.46785939841388585,
      "op_margin": 0.023480595387078508,
      "fcf_margin": 0.12899121181825174,
      "op_leverage_ratio": 0.25318226858073317,
      "fcf_margin_change": 0.0530087885936954
    },
    {
      "date": "2021-12-31T00:00:00",
      "quarter_label": "2021-12 (Q4)",
      "revenue": 903252000,
      "gross_profit": 552873000,
      "operating_income": 154106000,
      "net_income": 144497000,
      "opex": 398767000,
      "cogs": 350400000,
      "rd": null,
      "sga": null,
      "fcf": -286700000,
      "ocf": -264500000,
      "capex": -22200000,
      "gross_margin": 0.6120916421995191,
      "op_margin": 0.17061240938298503,
      "fcf_margin": -0.31740865229194065,
      "incr_op_margin_yoy": -0.5181644359464627,
      "rev_growth_yoy": 0.049208434536856666,
      "op_leverage_ratio": 1.1505023900453843,
      "fcf_margin_change": -0.4463998641101924
    },
    {
      "date": "2022-03-31T00:00:00",
      "quarter_label": "2022-03 (Q1)",
      "revenue": 930004000,
      "gross_profit": 531379000,
      "operating_income": 128864000,
      "net_income": 110972000,
      "opex": 402515000,
      "cogs": 398600000,
      "rd": null,
      "sga": null,
      "fcf": 213600000,
      "ocf": 238800000,
      "capex": -25200000,
      "gross_margin": 0.5713728112997364,
      "op_margin": 0.13856284489098972,
      "fcf_margin": 0.22967643149921935,
      "incr_op_margin_yoy": -1.4016649553398917,
      "rev_growth_yoy": 0.10789808810968382,
      "rev_growth_yoy_accel": 0.058689653572827155,
      "op_leverage_ratio": 3.1511345881291137,
      "fcf_margin_change": 0.54708508379116
    },
    {
      "date": "2022-06-30T00:00:00",
      "quarter_label": "2022-06 (Q2)",
      "revenue": 1102400000,
      "gross_profit": 666700000,
      "operating_income": -37400000,
      "net_income": -104000000,
      "opex": 704100000,
      "cogs": 435700000,
      "rd": null,
      "sga": null,
      "fcf": 58300000,
      "ocf": 100800000,
      "capex": -42500000,
      "gross_margin": 0.6047714078374455,
      "op_margin": -0.03392597968069666,
      "fcf_margin": 0.052884615384615384,
      "incr_op_margin_yoy": -0.7191528226559744,
      "rev_growth_yoy": 0.3553887275526037,
      "rev_growth_yoy_accel": 0.24749063944291988,
      "op_leverage_ratio": 0.2474085480677165,
      "fcf_margin_change": -0.17679181611460396
    },
    {
      "date": "2022-09-30T00:00:00",
      "quarter_label": "2022-09 (Q3)",
      "revenue": 1393500000,
      "gross_profit": 679600000,
      "operating_income": -252500000,
      "net_income": -257000000,
      "opex": 932100000,
      "cogs": 713900000,
      "rd": null,
      "sga": null,
      "fcf": -2300000,
      "ocf": 54600000,
      "capex": -56900000,
      "gross_margin": 0.4876928597057768,
      "op_margin": -0.18119842124147828,
      "fcf_margin": -0.0016505202726946537,
      "incr_op_margin_yoy": -0.5093405217989098,
      "rev_growth_yoy": 0.623751162319185,
      "rev_growth_yoy_accel": 0.26836243476658134,
      "op_leverage_ratio": 0.8154596908181193,
      "fcf_margin_change": -0.05453513565731004
    },
    {
      "date": "2022-12-31T00:00:00",
      "quarter_label": "2022-12 (Q4)",
      "revenue": 1407800000,
      "gross_profit": 715900000,
      "operating_income": -172900000,
      "net_income": -153400000,
      "opex": 888800000,
      "cogs": 691900000,
      "rd": null,
      "sga": null,
      "fcf": -157900000,
      "ocf": -119600000,
      "capex": -38300000,
      "gross_margin": 0.5085239380593835,
      "op_margin": -0.12281574087228299,
      "fcf_margin": -0.1121608182980537,
      "incr_op_margin_yoy": -0.6481167302219016,
      "rev_growth_yoy": 0.5585905151607746,
      "rev_growth_yoy_accel": -0.06516064715841041,
      "op_leverage_ratio": Infinity,
      "fcf_margin_change": -0.11051029802535905
    },
    {
      "date": "2023-03-31T00:00:00",
      "quarter_label": "2023-03 (Q1)",
      "revenue": 1446200000,
      "gross_profit": 223200000,
      "operating_income": -702400000,
      "net_income": -610300000,
      "opex": 925600000,
      "cogs": 1223000000,
      "rd": null,
      "sga": null,
      "fcf": -101200000,
      "ocf": -34700000,
      "capex": -66500000,
      "gross_margin": 0.15433549993085327,
      "op_margin": -0.48568662702254184,
      "fcf_margin": -0.0699764901120177,
      "incr_op_margin_yoy": -1.6103650551340964,
      "rev_growth_yoy": 0.5550470750663438,
      "rev_growth_yoy_accel": -0.003543440094430861,
      "op_leverage_ratio": 0.6587892301895649,
      "fcf_margin_change": 0.042184328186036
    },
    {
      "date": "2023-06-30T00:00:00",
      "quarter_label": "2023-06 (Q2)",
      "revenue": 1284700000,
      "gross_profit": 679200000,
      "operating_income": -204300000,
      "net_income": -206000000,
      "opex": 883500000,
      "cogs": 605500000,
      "rd": null,
      "sga": null,
      "fcf": -26500000,
      "ocf": 5000000,
      "capex": -31500000,
      "gross_margin": 0.5286837393944112,
      "op_margin": -0.15902545341324822,
      "fcf_margin": -0.020627383825017515,
      "incr_op_margin_yoy": -0.9155238617663193,
      "rev_growth_yoy": 0.16536647314949202,
      "rev_growth_yoy_accel": -0.3896806019168517,
      "fcf_margin_change": 0.04934910628700019
    },
    {
      "date": "2023-09-30T00:00:00",
      "quarter_label": "2023-09 (Q3)",
      "revenue": 1299200000,
      "gross_profit": 415400000,
      "operating_income": -543700000,
      "net_income": -543600000,
      "opex": 959100000,
      "cogs": 883800000,
      "rd": null,
      "sga": null,
      "fcf": 36400000,
      "ocf": 64800000,
      "capex": -28400000,
      "gross_margin": 0.31973522167487683,
      "op_margin": -0.4184883004926108,
      "fcf_margin": 0.028017241379310345,
      "incr_op_margin_yoy": 3.088016967126193,
      "rev_growth_yoy": -0.0676713311804808,
      "rev_growth_yoy_accel": -0.23303780432997281,
      "op_leverage_ratio": 0.13190189544591352,
      "fcf_margin_change": 0.04864462520432786
    },
    {
      "date": "2023-12-31T00:00:00",
      "quarter_label": "2023-12 (Q4)",
      "revenue": 1366300000,
      "gross_profit": 678100000,
      "operating_income": -129500000,
      "net_income": -91600000,
      "opex": 807600000,
      "cogs": 688200000,
      "rd": null,
      "sga": null,
      "fcf": -112600000,
      "ocf": -77000000,
      "capex": -35600000,
      "gross_margin": 0.4963038864085486,
      "op_margin": -0.09478152675107956,
      "fcf_margin": -0.0824123545341433,
      "incr_op_margin_yoy": -1.0457831325301206,
      "rev_growth_yoy": -0.02947861912203438,
      "rev_growth_yoy_accel": 0.03819271205844642,
      "op_leverage_ratio": Infinity,
      "fcf_margin_change": -0.11042959591345365
    },
    {
      "date": "2024-03-31T00:00:00",
      "quarter_label": "2024-03 (Q1)",
      "revenue": 1399400000,
      "gross_profit": 469100000,
      "operating_income": -2713100000,
      "net_income": -2903000000,
      "opex": 3182200000,
      "cogs": 930300000,
      "rd": null,
      "sga": null,
      "fcf": -55100000,
      "ocf": -8900000,
      "capex": -46200000,
      "gross_margin": 0.3352150921823639,
      "op_margin": -1.9387594683435758,
      "fcf_margin": -0.03937401743604402,
      "incr_op_margin_yoy": 42.96367521367522,
      "rev_growth_yoy": -0.0323606693403402,
      "rev_growth_yoy_accel": -0.002882050218305822,
      "op_leverage_ratio": 0.00823925173738048,
      "fcf_margin_change": 0.04303833709809929
    },
    {
      "date": "2024-06-30T00:00:00",
      "quarter_label": "2024-06 (Q2)",
      "revenue": 1338200000,
      "gross_profit": 771100000,
      "operating_income": -184900000,
      "net_income": -262000000,
      "opex": 956000000,
      "cogs": 567100000,
      "rd": null,
      "sga": null,
      "fcf": -226100000,
      "ocf": -191000000,
      "capex": -35100000,
      "gross_margin": 0.5762217904648035,
      "op_margin": -0.13817067702884472,
      "fcf_margin": -0.16895830219698102,
      "incr_op_margin_yoy": 0.36261682242990656,
      "rev_growth_yoy": 0.04164396357126177,
      "rev_growth_yoy_accel": 0.07400463291160198,
      "fcf_margin_change": -0.129584284760937
    },
    {
      "date": "2024-09-30T00:00:00",
      "quarter_label": "2024-09 (Q3)",
      "revenue": 1353100000,
      "gross_profit": 727900000,
      "operating_income": -297200000,
      "net_income": -365500000,
      "opex": 1025100000,
      "cogs": 625200000,
      "rd": null,
      "sga": null,
      "fcf": -165200000,
      "ocf": -128400000,
      "capex": -36800000,
      "gross_margin": 0.5379498928386668,
      "op_margin": -0.219643780947454,
      "fcf_margin": -0.12209001551991723,
      "incr_op_margin_yoy": 4.573283858998145,
      "rev_growth_yoy": 0.041487068965517244,
      "rev_growth_yoy_accel": -0.00015689460574452863,
      "op_leverage_ratio": 0.1540441065941441,
      "fcf_margin_change": 0.04686828667706379
    },
    {
      "date": "2024-12-31T00:00:00",
      "quarter_label": "2024-12 (Q4)",
      "revenue": 1359800000,
      "gross_profit": 759900000,
      "operating_income": -132100000,
      "net_income": -125200000,
      "opex": 892000000,
      "cogs": 599900000,
      "rd": null,
      "sga": null,
      "fcf": -48200000,
      "ocf": -4800000,
      "capex": -43400000,
      "gross_margin": 0.5588321812031181,
      "op_margin": -0.09714663921164877,
      "fcf_margin": -0.03544638917487866,
      "incr_op_margin_yoy": 0.4,
      "rev_growth_yoy": -0.004757373929590866,
      "rev_growth_yoy_accel": -0.04624444289510811,
      "fcf_margin_change": 0.08664362634503857
    },
    {
      "date": "2025-03-31T00:00:00",
      "quarter_label": "2025-03 (Q1)",
      "revenue": 1582500000,
      "gross_profit": 803300000,
      "operating_income": -3776900000,
      "net_income": -3726200000,
      "opex": 4580200000,
      "cogs": 779200000,
      "rd": null,
      "sga": null,
      "fcf": 224900000,
      "ocf": 279000000,
      "capex": -54100000,
      "gross_margin": 0.5076145339652449,
      "op_margin": -2.3866666666666667,
      "fcf_margin": 0.1421169036334913,
      "incr_op_margin_yoy": -5.80993992353905,
      "rev_growth_yoy": 0.13084178933828783,
      "rev_growth_yoy_accel": 0.1355991632678787,
      "op_leverage_ratio": 0.03960915441309273,
      "fcf_margin_change": 0.17756329280836997
    },
    {
      "date": "2025-06-30T00:00:00",
      "quarter_label": "2025-06 (Q2)",
      "revenue": 1503800000,
      "gross_profit": 945000000,
      "operating_income": 21600000,
      "net_income": -11900000,
      "opex": 923400000,
      "cogs": 558800000,
      "rd": null,
      "sga": null,
      "fcf": -69800000,
      "ocf": -44700000,
      "capex": -25100000,
      "gross_margin": 0.6284080329831094,
      "op_margin": 0.014363612182471073,
      "fcf_margin": -0.04641574677483708,
      "incr_op_margin_yoy": 1.2469806763285025,
      "rev_growth_yoy": 0.12374831863697504,
      "rev_growth_yoy_accel": -0.00709347070131279,
      "fcf_margin_change": -0.1885326504083284
    },
    {
      "date": "2025-09-30T00:00:00",
      "quarter_label": "2025-09 (Q3)",
      "revenue": 1773800000,
      "gross_profit": 980500000,
      "operating_income": -98000000,
      "net_income": -133900000,
      "opex": 1078500000,
      "cogs": 793300000,
      "rd": null,
      "sga": null,
      "fcf": 96500000,
      "ocf": 128400000,
      "capex": -31900000,
      "gross_margin": 0.5527680685533882,
      "op_margin": -0.055248618784530384,
      "fcf_margin": 0.05440297666027737,
      "incr_op_margin_yoy": 0.4734965533634419,
      "rev_growth_yoy": 0.3109156751163994,
      "rev_growth_yoy_accel": 0.18716735647942434,
      "op_leverage_ratio": 1.0689361290533357,
      "fcf_margin_change": 0.10081872343511444
    }
  ],
  "signals": [
    {
      "quarter": "2025-09 (Q3)",
      "signal": "FCF TURNED POSITIVE",
      "detail": "FCF margin: -4.6% -> +5.4%",
      "severity": "HIGH"
    },
    {
      "quarter": "2025-09 (Q3)",
      "signal": "YoY REVENUE GROWTH ACCELERATION",
      "detail": "YoY growth: +31.1% vs prior quarter YoY: +12.4% (accel: +18.7%)",
      "severity": "HIGH"
    },
    {
      "quarter": "2025-06 (Q2)",
      "signal": "GROSS MARGIN INFLECTION",
      "detail": "GM: +55.9% -> +50.8% -> +62.8% (reversal +12.1%)",
      "severity": "HIGH"
    },
    {
      "quarter": "2025-06 (Q2)",
      "signal": "OP MARGIN TURNED POSITIVE (YoY)",
      "detail": "Op margin: -13.8% (year-ago) -> +1.4%",
      "severity": "HIGH"
    },
    {
      "quarter": "2025-06 (Q2)",
      "signal": "OP MARGIN TURNED POSITIVE (QoQ)",
      "detail": "Op margin: -238.7% -> +1.4%",
      "severity": "HIGH"
    },
    {
      "quarter": "2025-03 (Q1)",
      "signal": "FCF TURNED POSITIVE",
      "detail": "FCF margin: -3.5% -> +14.2%",
      "severity": "HIGH"
    },
    {
      "quarter": "2025-03 (Q1)",
      "signal": "YoY REVENUE GROWTH ACCELERATION",
      "detail": "YoY growth: +13.1% vs prior quarter YoY: -0.5% (accel: +13.6%)",
      "severity": "MEDIUM"
    },
    {
      "quarter": "2024-12 (Q4)",
      "signal": "FCF MARGIN EXPANSION",
      "detail": "FCF margin: -12.2% -> -3.5% (+8.7%)",
      "severity": "MEDIUM"
    },
    {
      "quarter": "2024-12 (Q4)",
      "signal": "GROSS MARGIN INFLECTION",
      "detail": "GM: +57.6% -> +53.8% -> +55.9% (reversal +2.1%)",
      "severity": "MEDIUM"
    },
    {
      "quarter": "2024-06 (Q2)",
      "signal": "GROSS MARGIN INFLECTION",
      "detail": "GM: +49.6% -> +33.5% -> +57.6% (reversal +24.1%)",
      "severity": "HIGH"
    },
    {
      "quarter": "2024-06 (Q2)",
      "signal": "YoY REVENUE GROWTH ACCELERATION",
      "detail": "YoY growth: +4.2% vs prior quarter YoY: -3.2% (accel: +7.4%)",
      "severity": "MEDIUM"
    },
    {
      "quarter": "2023-12 (Q4)",
      "signal": "GROSS MARGIN INFLECTION",
      "detail": "GM: +52.9% -> +32.0% -> +49.6% (reversal +17.7%)",
      "severity": "HIGH"
    },
    {
      "quarter": "2023-09 (Q3)",
      "signal": "FCF TURNED POSITIVE",
      "detail": "FCF margin: -2.1% -> +2.8%",
      "severity": "HIGH"
    },
    {
      "quarter": "2023-09 (Q3)",
      "signal": "YoY REVENUE GROWTH DECELERATION",
      "detail": "YoY growth: -6.8% vs prior quarter YoY: +16.5% (decel: -23.3%)",
      "severity": "WARNING"
    },
    {
      "quarter": "2023-06 (Q2)",
      "signal": "GROSS MARGIN INFLECTION",
      "detail": "GM: +50.9% -> +15.4% -> +52.9% (reversal +37.4%)",
      "severity": "HIGH"
    },
    {
      "quarter": "2023-06 (Q2)",
      "signal": "YoY REVENUE GROWTH DECELERATION",
      "detail": "YoY growth: +16.5% vs prior quarter YoY: +55.5% (decel: -39.0%)",
      "severity": "WARNING"
    },
    {
      "quarter": "2022-12 (Q4)",
      "signal": "GROSS MARGIN INFLECTION",
      "detail": "GM: +60.5% -> +48.8% -> +50.9% (reversal +2.1%)",
      "severity": "MEDIUM"
    },
    {
      "quarter": "2022-12 (Q4)",
      "signal": "YoY REVENUE GROWTH DECELERATION",
      "detail": "YoY growth: +55.9% vs prior quarter YoY: +62.4% (decel: -6.5%)",
      "severity": "WARNING"
    },
    {
      "quarter": "2022-09 (Q3)",
      "signal": "YoY REVENUE GROWTH ACCELERATION",
      "detail": "YoY growth: +62.4% vs prior quarter YoY: +35.5% (accel: +26.8%)",
      "severity": "HIGH"
    },
    {
      "quarter": "2022-06 (Q2)",
      "signal": "GROSS MARGIN INFLECTION",
      "detail": "GM: +61.2% -> +57.1% -> +60.5% (reversal +3.3%)",
      "severity": "MEDIUM"
    },
    {
      "quarter": "2022-06 (Q2)",
      "signal": "YoY REVENUE GROWTH ACCELERATION",
      "detail": "YoY growth: +35.5% vs prior quarter YoY: +10.8% (accel: +24.7%)",
      "severity": "HIGH"
    },
    {
      "quarter": "2022-03 (Q1)",
      "signal": "FCF TURNED POSITIVE",
      "detail": "FCF margin: -31.7% -> +23.0%",
      "severity": "HIGH"
    },
    {
      "quarter": "2022-03 (Q1)",
      "signal": "OPERATING LEVERAGE",
      "detail": "Rev growth +3.0% vs OpEx growth +0.9% (leverage: 3.2x)",
      "severity": "MEDIUM"
    },
    {
      "quarter": "2022-03 (Q1)",
      "signal": "YoY REVENUE GROWTH ACCELERATION",
      "detail": "YoY growth: +10.8% vs prior quarter YoY: +4.9% (accel: +5.9%)",
      "severity": "MEDIUM"
    },
    {
      "quarter": "2021-12 (Q4)",
      "signal": "GROSS MARGIN INFLECTION",
      "detail": "GM: +59.5% -> +46.8% -> +61.2% (reversal +14.4%)",
      "severity": "HIGH"
    },
    {
      "quarter": "2021-09 (Q3)",
      "signal": "FCF MARGIN EXPANSION",
      "detail": "FCF margin: +7.6% -> +12.9% (+5.3%)",
      "severity": "MEDIUM"
    }
  ],
  "data_quality": {
    "n_quarters": 20,
    "coverage": {
      "revenue": [
        20,
        20
      ],
      "gross_profit": [
        20,
        20
      ],
      "op_income": [
        20,
        20
      ],
      "fcf": [
        20,
        20
      ]
    },
    "gaps": [],
    "warnings": []
  },
  "market_cap": null,
  "source": "SEC EDGAR",
  "last_updated": "2026-02-02T20:01:14.207099"
}