{
  "ticker": "TUSK",
  "name": "Mammoth Energy Services, Inc.",
  "quarters": [
    {
      "date": "2020-12-31T00:00:00",
      "quarter_label": "2020-12 (Q4)",
      "revenue": 85050000,
      "gross_profit": 29617000,
      "operating_income": -23078000,
      "net_income": -11861000,
      "opex": 108128000,
      "cogs": 55433000,
      "rd": null,
      "sga": 30364000,
      "fcf": 5185000,
      "ocf": 5185000,
      "capex": null,
      "gross_margin": 0.3482304526748971,
      "op_margin": -0.27134626690182245,
      "fcf_margin": 0.06096413874191652
    },
    {
      "date": "2021-03-31T00:00:00",
      "quarter_label": "2021-03 (Q1)",
      "revenue": 66804000,
      "gross_profit": 18724000,
      "operating_income": -23270000,
      "net_income": -12440000,
      "opex": 90074000,
      "cogs": 48080000,
      "rd": null,
      "sga": 20655000,
      "fcf": 14234000,
      "ocf": 14234000,
      "capex": null,
      "gross_margin": 0.28028261780731695,
      "op_margin": -0.34833243518352197,
      "fcf_margin": 0.21307107358840788,
      "fcf_margin_change": 0.15210693484649135
    },
    {
      "date": "2021-06-30T00:00:00",
      "quarter_label": "2021-06 (Q2)",
      "revenue": 47440000,
      "gross_profit": -2935000,
      "operating_income": -35183000,
      "net_income": -34790000,
      "opex": 82623000,
      "cogs": 50375000,
      "rd": null,
      "sga": 11791000,
      "fcf": -9763000,
      "ocf": -9763000,
      "capex": null,
      "gross_margin": -0.061867622259696456,
      "op_margin": -0.7416315345699831,
      "fcf_margin": -0.20579679595278247,
      "fcf_margin_change": -0.4188678695411904
    },
    {
      "date": "2021-09-30T00:00:00",
      "quarter_label": "2021-09 (Q3)",
      "revenue": 57485000,
      "gross_profit": 3901000,
      "operating_income": -57660000,
      "net_income": -40901000,
      "opex": 115145000,
      "cogs": 53584000,
      "rd": null,
      "sga": 41866000,
      "fcf": -20235000,
      "ocf": -20235000,
      "capex": null,
      "gross_margin": 0.06786118117769853,
      "op_margin": -1.003044272418892,
      "fcf_margin": -0.35200487083587023,
      "op_leverage_ratio": 0.5379339759164713,
      "fcf_margin_change": -0.14620807488308776
    },
    {
      "date": "2021-12-31T00:00:00",
      "quarter_label": "2021-12 (Q4)",
      "revenue": 57232000,
      "gross_profit": 10945000,
      "operating_income": -12076000,
      "net_income": -13299000,
      "opex": 23021000,
      "cogs": 46287000,
      "rd": null,
      "sga": 3549000,
      "fcf": -3101000,
      "ocf": -3101000,
      "capex": null,
      "gross_margin": 0.19123916689963658,
      "op_margin": -0.21100083869164105,
      "fcf_margin": -0.05418297455968689,
      "incr_op_margin_yoy": -0.3954993169889999,
      "rev_growth_yoy": -0.32707818930041155,
      "fcf_margin_change": 0.29782189627618333
    },
    {
      "date": "2022-03-31T00:00:00",
      "quarter_label": "2022-03 (Q1)",
      "revenue": 62298000,
      "gross_profit": 7818000,
      "operating_income": -18017000,
      "net_income": -14817000,
      "opex": 25835000,
      "cogs": 54480000,
      "rd": null,
      "sga": 8668000,
      "fcf": -3563000,
      "ocf": -2381000,
      "capex": -1182000,
      "gross_margin": 0.12549359530000964,
      "op_margin": -0.28920671610645604,
      "fcf_margin": -0.05719284728241677,
      "incr_op_margin_yoy": -1.1657789613848202,
      "rev_growth_yoy": -0.06745105083527933,
      "rev_growth_yoy_accel": 0.2596271384651322,
      "op_leverage_ratio": 0.7241463640104521,
      "fcf_margin_change": -0.0030098727227298797
    },
    {
      "date": "2022-06-30T00:00:00",
      "quarter_label": "2022-06 (Q2)",
      "revenue": 89678000,
      "gross_profit": 20892000,
      "operating_income": -4790000,
      "net_income": 1703000,
      "opex": 91525000,
      "cogs": 68786000,
      "rd": null,
      "sga": 8206000,
      "fcf": -1043000,
      "ocf": 1743000,
      "capex": -2786000,
      "gross_margin": 0.23296683690537257,
      "op_margin": -0.05341332322308705,
      "fcf_margin": -0.011630500234171146,
      "incr_op_margin_yoy": 0.7195653203276671,
      "rev_growth_yoy": 0.8903456998313659,
      "rev_growth_yoy_accel": 0.9577967506666453,
      "op_leverage_ratio": 0.17284966549412437,
      "fcf_margin_change": 0.04556234704824562
    },
    {
      "date": "2022-09-30T00:00:00",
      "quarter_label": "2022-09 (Q3)",
      "revenue": 107202000,
      "gross_profit": 28746000,
      "operating_income": 3818000,
      "net_income": 7726000,
      "opex": 103384000,
      "cogs": 78456000,
      "rd": null,
      "sga": 9685000,
      "fcf": -10559000,
      "ocf": -5428000,
      "capex": -5131000,
      "gross_margin": 0.2681479823137628,
      "op_margin": 0.035615007182701816,
      "fcf_margin": -0.09849629671088225,
      "incr_op_margin_yoy": 1.23655892350705,
      "rev_growth_yoy": 0.8648690962859876,
      "rev_growth_yoy_accel": -0.025476603545378285,
      "op_leverage_ratio": 1.5081307634304693,
      "fcf_margin_change": -0.08686579647671111
    },
    {
      "date": "2022-12-31T00:00:00",
      "quarter_label": "2022-12 (Q4)",
      "revenue": 102908000,
      "gross_profit": 26043000,
      "operating_income": -567000,
      "net_income": 4769000,
      "opex": 103475000,
      "cogs": 76865000,
      "rd": null,
      "sga": 12994000,
      "fcf": 17694000,
      "ocf": 21332000,
      "capex": -3638000,
      "gross_margin": 0.25307070392972364,
      "op_margin": -0.00550977572200412,
      "fcf_margin": 0.1719399852295254,
      "incr_op_margin_yoy": 0.251970400210176,
      "rev_growth_yoy": 0.7980849874196254,
      "rev_growth_yoy_accel": -0.06678410886636221,
      "fcf_margin_change": 0.27043628194040764
    },
    {
      "date": "2023-03-31T00:00:00",
      "quarter_label": "2023-03 (Q1)",
      "revenue": 116320000,
      "gross_profit": 27327000,
      "operating_income": 6349000,
      "net_income": 8351000,
      "opex": 109971000,
      "cogs": 88993000,
      "rd": null,
      "sga": 8383000,
      "fcf": -2796000,
      "ocf": 3240000,
      "capex": -6036000,
      "gross_margin": 0.23492950481430536,
      "op_margin": 0.054582187070151306,
      "fcf_margin": -0.024037138927097662,
      "incr_op_margin_yoy": 0.45103846581022544,
      "rev_growth_yoy": 0.86715464380879,
      "rev_growth_yoy_accel": 0.06906965638916462,
      "op_leverage_ratio": 2.0760309593570687,
      "fcf_margin_change": -0.19597712415662305
    },
    {
      "date": "2023-06-30T00:00:00",
      "quarter_label": "2023-06 (Q2)",
      "revenue": 75431000,
      "gross_profit": 15179000,
      "operating_income": -7355000,
      "net_income": -4470000,
      "opex": 82786000,
      "cogs": 60252000,
      "rd": null,
      "sga": 10357000,
      "fcf": 24866000,
      "ocf": 29369000,
      "capex": -4503000,
      "gross_margin": 0.201230263419549,
      "op_margin": -0.09750633028860813,
      "fcf_margin": 0.32965226498389255,
      "incr_op_margin_yoy": 0.18003790271636133,
      "rev_growth_yoy": -0.1588683958161422,
      "rev_growth_yoy_accel": -1.0260230396249321,
      "fcf_margin_change": 0.35368940391099024
    },
    {
      "date": "2023-09-30T00:00:00",
      "quarter_label": "2023-09 (Q3)",
      "revenue": 64959000,
      "gross_profit": 12142000,
      "operating_income": -8862000,
      "net_income": -1088000,
      "opex": 73821000,
      "cogs": 52817000,
      "rd": null,
      "sga": 10411000,
      "fcf": -12384000,
      "ocf": -7658000,
      "capex": -4726000,
      "gross_margin": 0.1869179020613002,
      "op_margin": -0.13642451392416755,
      "fcf_margin": -0.1906433288689789,
      "incr_op_margin_yoy": 0.30016807518405414,
      "rev_growth_yoy": -0.3940504841327587,
      "rev_growth_yoy_accel": -0.23518208831661652,
      "fcf_margin_change": -0.5202955938528715
    },
    {
      "date": "2023-12-31T00:00:00",
      "quarter_label": "2023-12 (Q4)",
      "revenue": 52782000,
      "gross_profit": 7003000,
      "operating_income": -6818000,
      "net_income": -5956000,
      "opex": 59600000,
      "cogs": 45779000,
      "rd": null,
      "sga": 8307000,
      "fcf": 2305000,
      "ocf": 6435000,
      "capex": -4130000,
      "gross_margin": 0.13267780682808533,
      "op_margin": -0.12917282406881134,
      "fcf_margin": 0.04367019059527869,
      "incr_op_margin_yoy": 0.12470574153134102,
      "rev_growth_yoy": -0.48709526956116145,
      "rev_growth_yoy_accel": -0.09304478542840272,
      "fcf_margin_change": 0.23431351946425757
    },
    {
      "date": "2024-03-31T00:00:00",
      "quarter_label": "2024-03 (Q1)",
      "revenue": 43189000,
      "gross_profit": 2605000,
      "operating_income": -12032000,
      "net_income": -11811000,
      "opex": 55221000,
      "cogs": 40584000,
      "rd": null,
      "sga": 8782000,
      "fcf": 43198000,
      "ocf": 47349000,
      "capex": -4151000,
      "gross_margin": 0.060316284239042346,
      "op_margin": -0.278589455648429,
      "fcf_margin": 1.0002083863946838,
      "incr_op_margin_yoy": 0.2513434795093736,
      "rev_growth_yoy": -0.628705295735901,
      "rev_growth_yoy_accel": -0.1416100261747395,
      "fcf_margin_change": 0.9565381957994051
    },
    {
      "date": "2024-06-30T00:00:00",
      "quarter_label": "2024-06 (Q2)",
      "revenue": 51529000,
      "gross_profit": 7688000,
      "operating_income": -94803000,
      "net_income": -155993000,
      "opex": 146332000,
      "cogs": 43841000,
      "rd": null,
      "sga": 97476000,
      "fcf": -3576000,
      "ocf": -6821000,
      "capex": 3245000,
      "gross_margin": 0.14919753924974286,
      "op_margin": -1.839798948165111,
      "fcf_margin": -0.06939781482272118,
      "incr_op_margin_yoy": 3.658605974395448,
      "rev_growth_yoy": -0.31687237342737073,
      "rev_growth_yoy_accel": 0.3118329223085302,
      "op_leverage_ratio": 0.11703785558393497,
      "fcf_margin_change": -1.069606201217405
    },
    {
      "date": "2024-09-30T00:00:00",
      "quarter_label": "2024-09 (Q3)",
      "revenue": 40015000,
      "gross_profit": 2043000,
      "operating_income": -12550000,
      "net_income": -24042000,
      "opex": 52565000,
      "cogs": 37972000,
      "rd": null,
      "sga": 8702000,
      "fcf": -1386000,
      "ocf": -1227000,
      "capex": -159000,
      "gross_margin": 0.051055854054729476,
      "op_margin": -0.31363238785455455,
      "fcf_margin": -0.03463701112082969,
      "incr_op_margin_yoy": 0.14785118665811417,
      "rev_growth_yoy": -0.3839960590526332,
      "rev_growth_yoy_accel": -0.06712368562526244,
      "fcf_margin_change": 0.034760803701891496
    },
    {
      "date": "2024-12-31T00:00:00",
      "quarter_label": "2024-12 (Q4)",
      "revenue": 53200000,
      "gross_profit": null,
      "operating_income": -9317000,
      "net_income": -15480000,
      "opex": 62517000,
      "cogs": null,
      "rd": null,
      "sga": 9860000,
      "fcf": 125416000,
      "ocf": 141416000,
      "capex": -16000000,
      "gross_margin": null,
      "op_margin": -0.17513157894736842,
      "fcf_margin": 2.3574436090225563,
      "rev_growth_yoy": 0.007919366450683946,
      "rev_growth_yoy_accel": 0.39191542550331715,
      "op_leverage_ratio": 1.7403781183543312,
      "fcf_margin_change": 2.392080620143386
    },
    {
      "date": "2025-03-31T00:00:00",
      "quarter_label": "2025-03 (Q1)",
      "revenue": 62465000,
      "gross_profit": null,
      "operating_income": 509000,
      "net_income": -537000,
      "opex": 61956000,
      "cogs": null,
      "rd": null,
      "sga": 6541000,
      "fcf": -4520000,
      "ocf": 2711000,
      "capex": -7231000,
      "gross_margin": null,
      "op_margin": 0.008148563195389417,
      "fcf_margin": -0.07236052189225967,
      "incr_op_margin_yoy": 0.6506017846026146,
      "rev_growth_yoy": 0.4463173493250596,
      "rev_growth_yoy_accel": 0.4383979828743757,
      "op_leverage_ratio": Infinity,
      "fcf_margin_change": -2.429804130914816
    },
    {
      "date": "2025-06-30T00:00:00",
      "quarter_label": "2025-06 (Q2)",
      "revenue": 16409000,
      "gross_profit": null,
      "operating_income": -36399000,
      "net_income": 8848000,
      "opex": 52808000,
      "cogs": null,
      "rd": null,
      "sga": 5339000,
      "fcf": -32618000,
      "ocf": -12524000,
      "capex": -20094000,
      "gross_margin": null,
      "op_margin": -2.218233896032665,
      "fcf_margin": -1.987811566823085,
      "incr_op_margin_yoy": -1.662984054669704,
      "rev_growth_yoy": -0.6815579576549128,
      "rev_growth_yoy_accel": -1.1278753069799725,
      "fcf_margin_change": -1.9154510449308253
    },
    {
      "date": "2025-09-30T00:00:00",
      "quarter_label": "2025-09 (Q3)",
      "revenue": 14801000,
      "gross_profit": null,
      "operating_income": -9009000,
      "net_income": -12615000,
      "opex": 23810000,
      "cogs": null,
      "rd": null,
      "sga": 5160000,
      "fcf": -16569000,
      "ocf": 730000,
      "capex": -17299000,
      "gross_margin": null,
      "op_margin": -0.6086750895209783,
      "fcf_margin": -1.1194513884197013,
      "incr_op_margin_yoy": -0.14043785198699135,
      "rev_growth_yoy": -0.6301137073597401,
      "rev_growth_yoy_accel": 0.05144425029517263,
      "fcf_margin_change": 0.8683601784033836
    }
  ],
  "signals": [
    {
      "quarter": "2025-09 (Q3)",
      "signal": "FCF MARGIN EXPANSION",
      "detail": "FCF margin: -198.8% -> -111.9% (+86.8%)",
      "severity": "MEDIUM"
    },
    {
      "quarter": "2025-09 (Q3)",
      "signal": "YoY REVENUE GROWTH ACCELERATION",
      "detail": "YoY growth: -63.0% vs prior quarter YoY: -68.2% (accel: +5.1%)",
      "severity": "MEDIUM"
    },
    {
      "quarter": "2025-06 (Q2)",
      "signal": "YoY REVENUE GROWTH DECELERATION",
      "detail": "YoY growth: -68.2% vs prior quarter YoY: +44.6% (decel: -112.8%)",
      "severity": "WARNING"
    },
    {
      "quarter": "2025-03 (Q1)",
      "signal": "YoY REVENUE GROWTH ACCELERATION",
      "detail": "YoY growth: +44.6% vs prior quarter YoY: +0.8% (accel: +43.8%)",
      "severity": "HIGH"
    },
    {
      "quarter": "2025-03 (Q1)",
      "signal": "OP MARGIN TURNED POSITIVE (YoY)",
      "detail": "Op margin: -27.9% (year-ago) -> +0.8%",
      "severity": "HIGH"
    },
    {
      "quarter": "2025-03 (Q1)",
      "signal": "OP MARGIN TURNED POSITIVE (QoQ)",
      "detail": "Op margin: -17.5% -> +0.8%",
      "severity": "HIGH"
    },
    {
      "quarter": "2024-12 (Q4)",
      "signal": "FCF TURNED POSITIVE",
      "detail": "FCF margin: -3.5% -> +235.7%",
      "severity": "HIGH"
    },
    {
      "quarter": "2024-12 (Q4)",
      "signal": "OPERATING LEVERAGE",
      "detail": "Rev growth +33.0% vs OpEx growth +18.9% (leverage: 1.7x)",
      "severity": "MEDIUM"
    },
    {
      "quarter": "2024-12 (Q4)",
      "signal": "YoY REVENUE GROWTH ACCELERATION",
      "detail": "YoY growth: +0.8% vs prior quarter YoY: -38.4% (accel: +39.2%)",
      "severity": "HIGH"
    },
    {
      "quarter": "2024-09 (Q3)",
      "signal": "YoY REVENUE GROWTH DECELERATION",
      "detail": "YoY growth: -38.4% vs prior quarter YoY: -31.7% (decel: -6.7%)",
      "severity": "WARNING"
    },
    {
      "quarter": "2024-06 (Q2)",
      "signal": "GROSS MARGIN INFLECTION",
      "detail": "GM: +13.3% -> +6.0% -> +14.9% (reversal +8.9%)",
      "severity": "HIGH"
    },
    {
      "quarter": "2024-06 (Q2)",
      "signal": "YoY REVENUE GROWTH ACCELERATION",
      "detail": "YoY growth: -31.7% vs prior quarter YoY: -62.9% (accel: +31.2%)",
      "severity": "HIGH"
    },
    {
      "quarter": "2024-03 (Q1)",
      "signal": "FCF MARGIN EXPANSION",
      "detail": "FCF margin: +4.4% -> +100.0% (+95.7%)",
      "severity": "MEDIUM"
    },
    {
      "quarter": "2024-03 (Q1)",
      "signal": "YoY REVENUE GROWTH DECELERATION",
      "detail": "YoY growth: -62.9% vs prior quarter YoY: -48.7% (decel: -14.2%)",
      "severity": "WARNING"
    },
    {
      "quarter": "2023-12 (Q4)",
      "signal": "FCF TURNED POSITIVE",
      "detail": "FCF margin: -19.1% -> +4.4%",
      "severity": "HIGH"
    },
    {
      "quarter": "2023-12 (Q4)",
      "signal": "YoY REVENUE GROWTH DECELERATION",
      "detail": "YoY growth: -48.7% vs prior quarter YoY: -39.4% (decel: -9.3%)",
      "severity": "WARNING"
    },
    {
      "quarter": "2023-09 (Q3)",
      "signal": "YoY REVENUE GROWTH DECELERATION",
      "detail": "YoY growth: -39.4% vs prior quarter YoY: -15.9% (decel: -23.5%)",
      "severity": "WARNING"
    },
    {
      "quarter": "2023-06 (Q2)",
      "signal": "FCF TURNED POSITIVE",
      "detail": "FCF margin: -2.4% -> +33.0%",
      "severity": "HIGH"
    },
    {
      "quarter": "2023-06 (Q2)",
      "signal": "YoY REVENUE GROWTH DECELERATION",
      "detail": "YoY growth: -15.9% vs prior quarter YoY: +86.7% (decel: -102.6%)",
      "severity": "WARNING"
    },
    {
      "quarter": "2023-03 (Q1)",
      "signal": "OPERATING LEVERAGE",
      "detail": "Rev growth +13.0% vs OpEx growth +6.3% (leverage: 2.1x)",
      "severity": "MEDIUM"
    },
    {
      "quarter": "2023-03 (Q1)",
      "signal": "YoY REVENUE GROWTH ACCELERATION",
      "detail": "YoY growth: +86.7% vs prior quarter YoY: +79.8% (accel: +6.9%)",
      "severity": "MEDIUM"
    },
    {
      "quarter": "2023-03 (Q1)",
      "signal": "OP MARGIN TURNED POSITIVE (YoY)",
      "detail": "Op margin: -28.9% (year-ago) -> +5.5%",
      "severity": "HIGH"
    },
    {
      "quarter": "2023-03 (Q1)",
      "signal": "OP MARGIN TURNED POSITIVE (QoQ)",
      "detail": "Op margin: -0.6% -> +5.5%",
      "severity": "HIGH"
    },
    {
      "quarter": "2022-12 (Q4)",
      "signal": "FCF TURNED POSITIVE",
      "detail": "FCF margin: -9.8% -> +17.2%",
      "severity": "HIGH"
    },
    {
      "quarter": "2022-12 (Q4)",
      "signal": "YoY REVENUE GROWTH DECELERATION",
      "detail": "YoY growth: +79.8% vs prior quarter YoY: +86.5% (decel: -6.7%)",
      "severity": "WARNING"
    },
    {
      "quarter": "2022-09 (Q3)",
      "signal": "OPERATING LEVERAGE",
      "detail": "Rev growth +19.5% vs OpEx growth +13.0% (leverage: 1.5x)",
      "severity": "MEDIUM"
    },
    {
      "quarter": "2022-09 (Q3)",
      "signal": "OP MARGIN TURNED POSITIVE (YoY)",
      "detail": "Op margin: -100.3% (year-ago) -> +3.6%",
      "severity": "HIGH"
    },
    {
      "quarter": "2022-09 (Q3)",
      "signal": "OP MARGIN TURNED POSITIVE (QoQ)",
      "detail": "Op margin: -5.3% -> +3.6%",
      "severity": "HIGH"
    },
    {
      "quarter": "2022-06 (Q2)",
      "signal": "GROSS MARGIN INFLECTION",
      "detail": "GM: +19.1% -> +12.5% -> +23.3% (reversal +10.7%)",
      "severity": "HIGH"
    },
    {
      "quarter": "2022-06 (Q2)",
      "signal": "YoY REVENUE GROWTH ACCELERATION",
      "detail": "YoY growth: +89.0% vs prior quarter YoY: -6.7% (accel: +95.8%)",
      "severity": "HIGH"
    },
    {
      "quarter": "2022-03 (Q1)",
      "signal": "YoY REVENUE GROWTH ACCELERATION",
      "detail": "YoY growth: -6.7% vs prior quarter YoY: -32.7% (accel: +26.0%)",
      "severity": "HIGH"
    },
    {
      "quarter": "2021-12 (Q4)",
      "signal": "FCF MARGIN EXPANSION",
      "detail": "FCF margin: -35.2% -> -5.4% (+29.8%)",
      "severity": "MEDIUM"
    },
    {
      "quarter": "2021-09 (Q3)",
      "signal": "GROSS MARGIN INFLECTION",
      "detail": "GM: +28.0% -> -6.2% -> +6.8% (reversal +13.0%)",
      "severity": "HIGH"
    },
    {
      "quarter": "2021-03 (Q1)",
      "signal": "FCF MARGIN EXPANSION",
      "detail": "FCF margin: +6.1% -> +21.3% (+15.2%)",
      "severity": "MEDIUM"
    }
  ],
  "data_quality": {
    "n_quarters": 20,
    "coverage": {
      "revenue": [
        20,
        20
      ],
      "gross_profit": [
        16,
        20
      ],
      "op_income": [
        20,
        20
      ],
      "fcf": [
        20,
        20
      ]
    },
    "gaps": [],
    "warnings": []
  },
  "market_cap": null,
  "source": "SEC EDGAR",
  "last_updated": "2026-02-02T23:20:06.989970"
}