{
  "ticker": "TVTX",
  "name": "TRAVERE THERAPEUTICS, INC.",
  "quarters": [
    {
      "date": "2020-12-31T00:00:00",
      "quarter_label": "2020-12 (Q4)",
      "revenue": 50983000,
      "gross_profit": 48911000,
      "operating_income": -118550000,
      "net_income": -121622000,
      "opex": 169533000,
      "cogs": 2072000,
      "rd": null,
      "sga": 35738000,
      "fcf": -17711000,
      "ocf": -13870000,
      "capex": -3841000,
      "gross_margin": 0.9593590020202812,
      "op_margin": -2.3252848988878645,
      "fcf_margin": -0.34739030657277914
    },
    {
      "date": "2021-03-31T00:00:00",
      "quarter_label": "2021-03 (Q1)",
      "revenue": 47407000,
      "gross_profit": 45762000,
      "operating_income": -47549000,
      "net_income": -53867000,
      "opex": 94956000,
      "cogs": 1645000,
      "rd": 47946000,
      "sga": 36778000,
      "fcf": -30969000,
      "ocf": -26474000,
      "capex": -4495000,
      "gross_margin": 0.9653004830510262,
      "op_margin": -1.002995338241188,
      "fcf_margin": -0.6532579576855738,
      "fcf_margin_change": -0.3058676511127947
    },
    {
      "date": "2021-06-30T00:00:00",
      "quarter_label": "2021-06 (Q2)",
      "revenue": 54617000,
      "gross_profit": 52966000,
      "operating_income": -35315000,
      "net_income": -39012000,
      "opex": 89932000,
      "cogs": 1651000,
      "rd": 51807000,
      "sga": 34965000,
      "fcf": 6393000,
      "ocf": 6496000,
      "capex": -103000,
      "gross_margin": 0.9697713166230295,
      "op_margin": -0.6465935514583372,
      "fcf_margin": 0.11705146749180657,
      "op_leverage_ratio": Infinity,
      "fcf_margin_change": 0.7703094251773804
    },
    {
      "date": "2021-09-30T00:00:00",
      "quarter_label": "2021-09 (Q3)",
      "revenue": 68217000,
      "gross_profit": 66625000,
      "operating_income": -31711000,
      "net_income": -35639000,
      "opex": 99928000,
      "cogs": 1592000,
      "rd": 48407000,
      "sga": 36065000,
      "fcf": 31714000,
      "ocf": 32063000,
      "capex": -349000,
      "gross_margin": 0.9766627087089729,
      "op_margin": -0.46485480158904674,
      "fcf_margin": 0.46489877889675596,
      "op_leverage_ratio": 2.2402633353174655,
      "fcf_margin_change": 0.3478473114049494
    },
    {
      "date": "2021-12-31T00:00:00",
      "quarter_label": "2021-12 (Q4)",
      "revenue": 57249000,
      "gross_profit": 55353000,
      "operating_income": -47190000,
      "net_income": -51573000,
      "opex": 104439000,
      "cogs": 1896000,
      "rd": null,
      "sga": 42075000,
      "fcf": -27031000,
      "ocf": -26877000,
      "capex": -154000,
      "gross_margin": 0.9668815175810931,
      "op_margin": -0.8242938741288057,
      "fcf_margin": -0.4721654526716624,
      "incr_op_margin_yoy": 11.388445579316949,
      "rev_growth_yoy": 0.12290371300237334,
      "fcf_margin_change": -0.9370642315684183
    },
    {
      "date": "2022-03-31T00:00:00",
      "quarter_label": "2022-03 (Q1)",
      "revenue": 48487000,
      "gross_profit": 46349000,
      "operating_income": -66130000,
      "net_income": -75971000,
      "opex": 114617000,
      "cogs": 2138000,
      "rd": null,
      "sga": 46788000,
      "fcf": -55451000,
      "ocf": -55320000,
      "capex": -131000,
      "gross_margin": 0.9559057066842659,
      "op_margin": -1.3638707282364344,
      "fcf_margin": -1.1436261265906325,
      "incr_op_margin_yoy": -17.20462962962963,
      "rev_growth_yoy": 0.022781445778049657,
      "rev_growth_yoy_accel": -0.10012226722432369,
      "fcf_margin_change": -0.6714606739189701
    },
    {
      "date": "2022-06-30T00:00:00",
      "quarter_label": "2022-06 (Q2)",
      "revenue": 54167000,
      "gross_profit": 52116000,
      "operating_income": -65451000,
      "net_income": -67032000,
      "opex": 119618000,
      "cogs": 2051000,
      "rd": null,
      "sga": 52979000,
      "fcf": -36823000,
      "ocf": -36806000,
      "capex": -17000,
      "gross_margin": 0.9621356176269684,
      "op_margin": -1.2083187180386583,
      "fcf_margin": -0.6798050473535547,
      "rev_growth_yoy": -0.008239192925279675,
      "rev_growth_yoy_accel": -0.031020638703329332,
      "op_leverage_ratio": 2.6848201832399416,
      "fcf_margin_change": 0.4638210792370777
    },
    {
      "date": "2022-09-30T00:00:00",
      "quarter_label": "2022-09 (Q3)",
      "revenue": 53496000,
      "gross_profit": 51821000,
      "operating_income": -68134000,
      "net_income": -69656000,
      "opex": 121630000,
      "cogs": 1675000,
      "rd": null,
      "sga": 57519000,
      "fcf": -39538000,
      "ocf": -39525000,
      "capex": -13000,
      "gross_margin": 0.9686892477942276,
      "op_margin": -1.2736279347988635,
      "fcf_margin": -0.7390832959473606,
      "incr_op_margin_yoy": 2.474220501324638,
      "rev_growth_yoy": -0.21579664892915257,
      "rev_growth_yoy_accel": -0.2075574560038729,
      "fcf_margin_change": -0.059278248593805816
    },
    {
      "date": "2022-12-31T00:00:00",
      "quarter_label": "2022-12 (Q4)",
      "revenue": 29339000,
      "gross_profit": 27611000,
      "operating_income": -86702000,
      "net_income": -65823000,
      "opex": 116041000,
      "cogs": 1728000,
      "rd": null,
      "sga": 62920000,
      "fcf": -54670000,
      "ocf": -54640000,
      "capex": -30000,
      "gross_margin": 0.941102287058182,
      "op_margin": -2.9551791131258733,
      "fcf_margin": -1.8633900269266164,
      "incr_op_margin_yoy": 1.4156932998925116,
      "rev_growth_yoy": -0.4875194326538455,
      "rev_growth_yoy_accel": -0.27172278372469294,
      "fcf_margin_change": -1.1243067309792558
    },
    {
      "date": "2023-03-31T00:00:00",
      "quarter_label": "2023-03 (Q1)",
      "revenue": 56993000,
      "gross_profit": 51868000,
      "operating_income": -87046000,
      "net_income": -86331000,
      "opex": 144039000,
      "cogs": 5125000,
      "rd": 7500000,
      "sga": 72245000,
      "fcf": -81747000,
      "ocf": -81117000,
      "capex": -630000,
      "gross_margin": 0.9100766760830278,
      "op_margin": -1.5273103714491254,
      "fcf_margin": -1.4343340410225818,
      "incr_op_margin_yoy": -2.4589701387256055,
      "rev_growth_yoy": 0.17542846536184956,
      "rev_growth_yoy_accel": 0.6629478980156951,
      "op_leverage_ratio": 3.90658344147378,
      "fcf_margin_change": 0.4290559859040346
    },
    {
      "date": "2023-06-30T00:00:00",
      "quarter_label": "2023-06 (Q2)",
      "revenue": 59697000,
      "gross_profit": 57707000,
      "operating_income": -87581000,
      "net_income": -85630000,
      "opex": 147278000,
      "cogs": 1990000,
      "rd": null,
      "sga": 74037000,
      "fcf": -69300000,
      "ocf": -69297000,
      "capex": -3000,
      "gross_margin": 0.9666649915406135,
      "op_margin": -1.4670921486841886,
      "fcf_margin": -1.1608623548922057,
      "incr_op_margin_yoy": -4.001808318264015,
      "rev_growth_yoy": 0.10209167943581886,
      "rev_growth_yoy_accel": -0.0733367859260307,
      "op_leverage_ratio": 2.1098633048466917,
      "fcf_margin_change": 0.2734716861303761
    },
    {
      "date": "2023-09-30T00:00:00",
      "quarter_label": "2023-09 (Q3)",
      "revenue": 37095000,
      "gross_profit": 35806000,
      "operating_income": -92585000,
      "net_income": 150735000,
      "opex": 129680000,
      "cogs": 1289000,
      "rd": null,
      "sga": 67801000,
      "fcf": -59144000,
      "ocf": -59134000,
      "capex": -10000,
      "gross_margin": 0.9652513815878151,
      "op_margin": -2.495888933818574,
      "fcf_margin": -1.5943927753066451,
      "incr_op_margin_yoy": 1.49082373026035,
      "rev_growth_yoy": -0.3065836698070884,
      "rev_growth_yoy_accel": -0.40867534924290727,
      "fcf_margin_change": -0.43353042041443945
    },
    {
      "date": "2023-12-31T00:00:00",
      "quarter_label": "2023-12 (Q4)",
      "revenue": 45059000,
      "gross_profit": 40495000,
      "operating_income": -94233000,
      "net_income": -90173000,
      "opex": 139292000,
      "cogs": 4564000,
      "rd": null,
      "sga": 63588000,
      "fcf": -70498000,
      "ocf": -70473000,
      "capex": -25000,
      "gross_margin": 0.8987105794624826,
      "op_margin": -2.0913247076055836,
      "fcf_margin": -1.5645708959364388,
      "incr_op_margin_yoy": -0.47907124681933844,
      "rev_growth_yoy": 0.5358055830123726,
      "rev_growth_yoy_accel": 0.842389252819461,
      "op_leverage_ratio": 2.89651055648472,
      "fcf_margin_change": 0.029821879370206306
    },
    {
      "date": "2024-03-31T00:00:00",
      "quarter_label": "2024-03 (Q1)",
      "revenue": 41374000,
      "gross_profit": 39870000,
      "operating_income": -139237000,
      "net_income": -136061000,
      "opex": 180611000,
      "cogs": 1504000,
      "rd": null,
      "sga": 64223000,
      "fcf": -119005000,
      "ocf": -119005000,
      "capex": null,
      "gross_margin": 0.9636486682457582,
      "op_margin": -3.3653260501764395,
      "fcf_margin": -2.8763232948228357,
      "incr_op_margin_yoy": 3.3415071387412767,
      "rev_growth_yoy": -0.2740511992700858,
      "rev_growth_yoy_accel": -0.8098567822824584,
      "fcf_margin_change": -1.3117523988863968
    },
    {
      "date": "2024-06-30T00:00:00",
      "quarter_label": "2024-06 (Q2)",
      "revenue": 54116000,
      "gross_profit": 52055000,
      "operating_income": -67704000,
      "net_income": -70409000,
      "opex": 121820000,
      "cogs": 2061000,
      "rd": null,
      "sga": 64776000,
      "fcf": -40325000,
      "ocf": -40243000,
      "capex": -82000,
      "gross_margin": 0.9619151452435509,
      "op_margin": -1.2510902505728436,
      "fcf_margin": -0.745158548303644,
      "incr_op_margin_yoy": -3.5615481096577675,
      "rev_growth_yoy": -0.09348878503107359,
      "rev_growth_yoy_accel": 0.1805624142390122,
      "op_leverage_ratio": Infinity,
      "fcf_margin_change": 2.1311647465191914
    },
    {
      "date": "2024-09-30T00:00:00",
      "quarter_label": "2024-09 (Q3)",
      "revenue": 62898000,
      "gross_profit": 61272000,
      "operating_income": -56149000,
      "net_income": -54811000,
      "opex": 119047000,
      "cogs": 1626000,
      "rd": null,
      "sga": 65619000,
      "fcf": -42507000,
      "ocf": -42507000,
      "capex": null,
      "gross_margin": 0.9741486215777926,
      "op_margin": -0.8926992909154504,
      "fcf_margin": -0.6758084517790709,
      "incr_op_margin_yoy": 1.4120838662171065,
      "rev_growth_yoy": 0.6955923978972908,
      "rev_growth_yoy_accel": 0.7890811829283644,
      "op_leverage_ratio": Infinity,
      "fcf_margin_change": 0.06935009652457313
    },
    {
      "date": "2024-12-31T00:00:00",
      "quarter_label": "2024-12 (Q4)",
      "revenue": 74787000,
      "gross_profit": 72234000,
      "operating_income": -60737000,
      "net_income": -60264000,
      "opex": 135524000,
      "cogs": 2553000,
      "rd": null,
      "sga": 69501000,
      "fcf": -35720000,
      "ocf": -35720000,
      "capex": null,
      "gross_margin": 0.9658630510650247,
      "op_margin": -0.8121331247409309,
      "fcf_margin": -0.477623116317007,
      "incr_op_margin_yoy": 1.1267491926803015,
      "rev_growth_yoy": 0.6597572072172041,
      "rev_growth_yoy_accel": -0.03583519068008667,
      "op_leverage_ratio": 1.3656795454083748,
      "fcf_margin_change": 0.1981853354620639
    },
    {
      "date": "2025-03-31T00:00:00",
      "quarter_label": "2025-03 (Q1)",
      "revenue": 81732000,
      "gross_profit": 77053000,
      "operating_income": -42674000,
      "net_income": -41226000,
      "opex": 124406000,
      "cogs": 4679000,
      "rd": null,
      "sga": 72838000,
      "fcf": -42194000,
      "ocf": -42194000,
      "capex": null,
      "gross_margin": 0.9427519209122498,
      "op_margin": -0.5221210786472863,
      "fcf_margin": -0.5162482259090687,
      "incr_op_margin_yoy": 2.3926606868526687,
      "rev_growth_yoy": 0.9754435152511239,
      "rev_growth_yoy_accel": 0.31568630803391984,
      "op_leverage_ratio": Infinity,
      "fcf_margin_change": -0.038625109592061724
    },
    {
      "date": "2025-06-30T00:00:00",
      "quarter_label": "2025-06 (Q2)",
      "revenue": 114449000,
      "gross_profit": 112928000,
      "operating_income": -12650000,
      "net_income": -12755000,
      "opex": 127099000,
      "cogs": 1521000,
      "rd": null,
      "sga": 76216000,
      "fcf": 4983000,
      "ocf": 4983000,
      "capex": null,
      "gross_margin": 0.9867102377478179,
      "op_margin": -0.11052958086134436,
      "fcf_margin": 0.043539043591468686,
      "incr_op_margin_yoy": 0.9125022790181161,
      "rev_growth_yoy": 1.1148828442604775,
      "rev_growth_yoy_accel": 0.13943932900935352,
      "op_leverage_ratio": 18.492103724509196,
      "fcf_margin_change": 0.5597872695005374
    },
    {
      "date": "2025-09-30T00:00:00",
      "quarter_label": "2025-09 (Q3)",
      "revenue": 164859000,
      "gross_profit": 163274000,
      "operating_income": 24931000,
      "net_income": 25706000,
      "opex": 139928000,
      "cogs": 1585000,
      "rd": null,
      "sga": 86453000,
      "fcf": 14177000,
      "ocf": 14317000,
      "capex": -140000,
      "gross_margin": 0.9903857235577069,
      "op_margin": 0.15122619935823947,
      "fcf_margin": 0.08599469849993024,
      "incr_op_margin_yoy": 0.7952060101411323,
      "rev_growth_yoy": 1.621053133644949,
      "rev_growth_yoy_accel": 0.5061702893844715,
      "op_leverage_ratio": 4.363691337689638,
      "fcf_margin_change": 0.04245565490846156
    }
  ],
  "signals": [
    {
      "quarter": "2025-09 (Q3)",
      "signal": "OPERATING LEVERAGE",
      "detail": "Rev growth +44.0% vs OpEx growth +10.1% (leverage: 4.4x)",
      "severity": "MEDIUM"
    },
    {
      "quarter": "2025-09 (Q3)",
      "signal": "YoY REVENUE GROWTH ACCELERATION",
      "detail": "YoY growth: +162.1% vs prior quarter YoY: +111.5% (accel: +50.6%)",
      "severity": "HIGH"
    },
    {
      "quarter": "2025-09 (Q3)",
      "signal": "OP MARGIN TURNED POSITIVE (YoY)",
      "detail": "Op margin: -89.3% (year-ago) -> +15.1%",
      "severity": "HIGH"
    },
    {
      "quarter": "2025-09 (Q3)",
      "signal": "OP MARGIN TURNED POSITIVE (QoQ)",
      "detail": "Op margin: -11.1% -> +15.1%",
      "severity": "HIGH"
    },
    {
      "quarter": "2025-06 (Q2)",
      "signal": "FCF TURNED POSITIVE",
      "detail": "FCF margin: -51.6% -> +4.4%",
      "severity": "HIGH"
    },
    {
      "quarter": "2025-06 (Q2)",
      "signal": "OPERATING LEVERAGE",
      "detail": "Rev growth +40.0% vs OpEx growth +2.2% (leverage: 18.5x)",
      "severity": "MEDIUM"
    },
    {
      "quarter": "2025-06 (Q2)",
      "signal": "GROSS MARGIN INFLECTION",
      "detail": "GM: +96.6% -> +94.3% -> +98.7% (reversal +4.4%)",
      "severity": "MEDIUM"
    },
    {
      "quarter": "2025-06 (Q2)",
      "signal": "YoY REVENUE GROWTH ACCELERATION",
      "detail": "YoY growth: +111.5% vs prior quarter YoY: +97.5% (accel: +13.9%)",
      "severity": "MEDIUM"
    },
    {
      "quarter": "2025-03 (Q1)",
      "signal": "YoY REVENUE GROWTH ACCELERATION",
      "detail": "YoY growth: +97.5% vs prior quarter YoY: +66.0% (accel: +31.6%)",
      "severity": "HIGH"
    },
    {
      "quarter": "2024-12 (Q4)",
      "signal": "FCF MARGIN EXPANSION",
      "detail": "FCF margin: -67.6% -> -47.8% (+19.8%)",
      "severity": "MEDIUM"
    },
    {
      "quarter": "2024-09 (Q3)",
      "signal": "FCF MARGIN EXPANSION",
      "detail": "FCF margin: -74.5% -> -67.6% (+6.9%)",
      "severity": "MEDIUM"
    },
    {
      "quarter": "2024-09 (Q3)",
      "signal": "YoY REVENUE GROWTH ACCELERATION",
      "detail": "YoY growth: +69.6% vs prior quarter YoY: -9.3% (accel: +78.9%)",
      "severity": "HIGH"
    },
    {
      "quarter": "2024-06 (Q2)",
      "signal": "FCF MARGIN EXPANSION",
      "detail": "FCF margin: -287.6% -> -74.5% (+213.1%)",
      "severity": "MEDIUM"
    },
    {
      "quarter": "2024-06 (Q2)",
      "signal": "YoY REVENUE GROWTH ACCELERATION",
      "detail": "YoY growth: -9.3% vs prior quarter YoY: -27.4% (accel: +18.1%)",
      "severity": "HIGH"
    },
    {
      "quarter": "2024-03 (Q1)",
      "signal": "GROSS MARGIN INFLECTION",
      "detail": "GM: +96.5% -> +89.9% -> +96.4% (reversal +6.5%)",
      "severity": "HIGH"
    },
    {
      "quarter": "2024-03 (Q1)",
      "signal": "YoY REVENUE GROWTH DECELERATION",
      "detail": "YoY growth: -27.4% vs prior quarter YoY: +53.6% (decel: -81.0%)",
      "severity": "WARNING"
    },
    {
      "quarter": "2023-12 (Q4)",
      "signal": "OPERATING LEVERAGE",
      "detail": "Rev growth +21.5% vs OpEx growth +7.4% (leverage: 2.9x)",
      "severity": "MEDIUM"
    },
    {
      "quarter": "2023-12 (Q4)",
      "signal": "YoY REVENUE GROWTH ACCELERATION",
      "detail": "YoY growth: +53.6% vs prior quarter YoY: -30.7% (accel: +84.2%)",
      "severity": "HIGH"
    },
    {
      "quarter": "2023-09 (Q3)",
      "signal": "YoY REVENUE GROWTH DECELERATION",
      "detail": "YoY growth: -30.7% vs prior quarter YoY: +10.2% (decel: -40.9%)",
      "severity": "WARNING"
    },
    {
      "quarter": "2023-06 (Q2)",
      "signal": "FCF MARGIN EXPANSION",
      "detail": "FCF margin: -143.4% -> -116.1% (+27.3%)",
      "severity": "MEDIUM"
    },
    {
      "quarter": "2023-06 (Q2)",
      "signal": "OPERATING LEVERAGE",
      "detail": "Rev growth +4.7% vs OpEx growth +2.2% (leverage: 2.1x)",
      "severity": "MEDIUM"
    },
    {
      "quarter": "2023-06 (Q2)",
      "signal": "GROSS MARGIN INFLECTION",
      "detail": "GM: +94.1% -> +91.0% -> +96.7% (reversal +5.7%)",
      "severity": "HIGH"
    },
    {
      "quarter": "2023-06 (Q2)",
      "signal": "YoY REVENUE GROWTH DECELERATION",
      "detail": "YoY growth: +10.2% vs prior quarter YoY: +17.5% (decel: -7.3%)",
      "severity": "WARNING"
    },
    {
      "quarter": "2023-03 (Q1)",
      "signal": "FCF MARGIN EXPANSION",
      "detail": "FCF margin: -186.3% -> -143.4% (+42.9%)",
      "severity": "MEDIUM"
    },
    {
      "quarter": "2023-03 (Q1)",
      "signal": "OPERATING LEVERAGE",
      "detail": "Rev growth +94.3% vs OpEx growth +24.1% (leverage: 3.9x)",
      "severity": "MEDIUM"
    },
    {
      "quarter": "2023-03 (Q1)",
      "signal": "YoY REVENUE GROWTH ACCELERATION",
      "detail": "YoY growth: +17.5% vs prior quarter YoY: -48.8% (accel: +66.3%)",
      "severity": "HIGH"
    },
    {
      "quarter": "2022-12 (Q4)",
      "signal": "YoY REVENUE GROWTH DECELERATION",
      "detail": "YoY growth: -48.8% vs prior quarter YoY: -21.6% (decel: -27.2%)",
      "severity": "WARNING"
    },
    {
      "quarter": "2022-09 (Q3)",
      "signal": "YoY REVENUE GROWTH DECELERATION",
      "detail": "YoY growth: -21.6% vs prior quarter YoY: -0.8% (decel: -20.8%)",
      "severity": "WARNING"
    },
    {
      "quarter": "2022-06 (Q2)",
      "signal": "FCF MARGIN EXPANSION",
      "detail": "FCF margin: -114.4% -> -68.0% (+46.4%)",
      "severity": "MEDIUM"
    },
    {
      "quarter": "2022-06 (Q2)",
      "signal": "OPERATING LEVERAGE",
      "detail": "Rev growth +11.7% vs OpEx growth +4.4% (leverage: 2.7x)",
      "severity": "MEDIUM"
    },
    {
      "quarter": "2022-03 (Q1)",
      "signal": "YoY REVENUE GROWTH DECELERATION",
      "detail": "YoY growth: +2.3% vs prior quarter YoY: +12.3% (decel: -10.0%)",
      "severity": "WARNING"
    },
    {
      "quarter": "2021-09 (Q3)",
      "signal": "FCF MARGIN EXPANSION",
      "detail": "FCF margin: +11.7% -> +46.5% (+34.8%)",
      "severity": "MEDIUM"
    },
    {
      "quarter": "2021-09 (Q3)",
      "signal": "OPERATING LEVERAGE",
      "detail": "Rev growth +24.9% vs OpEx growth +11.1% (leverage: 2.2x)",
      "severity": "MEDIUM"
    },
    {
      "quarter": "2021-06 (Q2)",
      "signal": "FCF TURNED POSITIVE",
      "detail": "FCF margin: -65.3% -> +11.7%",
      "severity": "HIGH"
    }
  ],
  "data_quality": {
    "n_quarters": 20,
    "coverage": {
      "revenue": [
        20,
        20
      ],
      "gross_profit": [
        20,
        20
      ],
      "op_income": [
        20,
        20
      ],
      "fcf": [
        20,
        20
      ]
    },
    "gaps": [],
    "warnings": []
  },
  "market_cap": null,
  "source": "SEC EDGAR",
  "last_updated": "2026-02-02T21:26:56.720143"
}