{
  "ticker": "TWI",
  "name": "TITAN INTERNATIONAL, INC.",
  "quarters": [
    {
      "date": "2020-12-31T00:00:00",
      "quarter_label": "2020-12 (Q4)",
      "revenue": 326908000,
      "gross_profit": 25891000,
      "operating_income": -15839000,
      "net_income": -17214000,
      "opex": 41730000,
      "cogs": 289803000,
      "rd": 2231000,
      "sga": 37093000,
      "fcf": 1468000,
      "ocf": 9798000,
      "capex": -8330000,
      "gross_margin": 0.07919965250162125,
      "op_margin": -0.048450940325718554,
      "fcf_margin": 0.004490560035239272
    },
    {
      "date": "2021-03-31T00:00:00",
      "quarter_label": "2021-03 (Q1)",
      "revenue": 403518000,
      "gross_profit": 53265000,
      "operating_income": 14231000,
      "net_income": 13574000,
      "opex": 39034000,
      "cogs": 350253000,
      "rd": 2553000,
      "sga": 34028000,
      "fcf": -24823000,
      "ocf": -15962000,
      "capex": -8861000,
      "gross_margin": 0.13200154639941714,
      "op_margin": 0.03526732388641895,
      "fcf_margin": -0.06151646271046149,
      "op_leverage_ratio": Infinity,
      "fcf_margin_change": -0.06600702274570076
    },
    {
      "date": "2021-06-30T00:00:00",
      "quarter_label": "2021-06 (Q2)",
      "revenue": 438639000,
      "gross_profit": 61470000,
      "operating_income": 23719000,
      "net_income": -2773000,
      "opex": 37751000,
      "cogs": 377169000,
      "rd": 2528000,
      "sga": 32566000,
      "fcf": -7301000,
      "ocf": -1525000,
      "capex": -5776000,
      "gross_margin": 0.14013801782331256,
      "op_margin": 0.054074079140249726,
      "fcf_margin": -0.016644666798893853,
      "op_leverage_ratio": Infinity,
      "fcf_margin_change": 0.04487179591156763
    },
    {
      "date": "2021-09-30T00:00:00",
      "quarter_label": "2021-09 (Q3)",
      "revenue": 450382000,
      "gross_profit": 60292000,
      "operating_income": 22900000,
      "net_income": 11187000,
      "opex": 37392000,
      "cogs": 390090000,
      "rd": 2370000,
      "sga": 32217000,
      "fcf": 5584000,
      "ocf": 15197000,
      "capex": -9613000,
      "gross_margin": 0.13386858266982252,
      "op_margin": 0.050845726516601464,
      "fcf_margin": 0.012398364055401859,
      "op_leverage_ratio": Infinity,
      "fcf_margin_change": 0.02904303085429571
    },
    {
      "date": "2021-12-31T00:00:00",
      "quarter_label": "2021-12 (Q4)",
      "revenue": 487676000,
      "gross_profit": 62515000,
      "operating_income": 24325000,
      "net_income": 27598000,
      "opex": 38190000,
      "cogs": 425161000,
      "rd": 2653000,
      "sga": 32961000,
      "fcf": -1536000,
      "ocf": 13016000,
      "capex": -14552000,
      "gross_margin": 0.12818961769699555,
      "op_margin": 0.04987942814491589,
      "fcf_margin": -0.003149632132809488,
      "incr_op_margin_yoy": 0.24982583598726116,
      "rev_growth_yoy": 0.49178362107993684,
      "op_leverage_ratio": 3.8800180418273498,
      "fcf_margin_change": -0.015547996188211347
    },
    {
      "date": "2022-03-31T00:00:00",
      "quarter_label": "2022-03 (Q1)",
      "revenue": 555997000,
      "gross_profit": 86729000,
      "operating_income": 44708000,
      "net_income": 23922000,
      "opex": 42021000,
      "cogs": 469268000,
      "rd": 2920000,
      "sga": 36227000,
      "fcf": -26154000,
      "ocf": -18517000,
      "capex": -7637000,
      "gross_margin": 0.15598825173517122,
      "op_margin": 0.08041050581208171,
      "fcf_margin": -0.047039822157313796,
      "incr_op_margin_yoy": 0.1998767043330557,
      "rev_growth_yoy": 0.3778740973141223,
      "rev_growth_yoy_accel": -0.11390952376581454,
      "op_leverage_ratio": 1.3965623754600978,
      "fcf_margin_change": -0.04389019002450431
    },
    {
      "date": "2022-06-30T00:00:00",
      "quarter_label": "2022-06 (Q2)",
      "revenue": 572895000,
      "gross_profit": 109653000,
      "operating_income": 69701000,
      "net_income": 67171000,
      "opex": 39952000,
      "cogs": 463242000,
      "rd": 2238000,
      "sga": 34669000,
      "fcf": 55608000,
      "ocf": 67435000,
      "capex": -11827000,
      "gross_margin": 0.19140156573194042,
      "op_margin": 0.12166452840398327,
      "fcf_margin": 0.09706490718194434,
      "incr_op_margin_yoy": 0.34249493504945777,
      "rev_growth_yoy": 0.3060740153064365,
      "rev_growth_yoy_accel": -0.07180008200768578,
      "op_leverage_ratio": Infinity,
      "fcf_margin_change": 0.14410472933925814
    },
    {
      "date": "2022-09-30T00:00:00",
      "quarter_label": "2022-09 (Q3)",
      "revenue": 530722000,
      "gross_profit": 87633000,
      "operating_income": 50491000,
      "net_income": 43169000,
      "opex": 37142000,
      "cogs": 443089000,
      "rd": 2434000,
      "sga": 31410000,
      "fcf": 40031000,
      "ocf": 53322000,
      "capex": -13291000,
      "gross_margin": 0.1651203454916133,
      "op_margin": 0.09513643677857711,
      "fcf_margin": 0.07542743658638609,
      "incr_op_margin_yoy": 0.34342793129200894,
      "rev_growth_yoy": 0.17838190691457473,
      "rev_growth_yoy_accel": -0.1276921083918618,
      "fcf_margin_change": -0.021637470595558247
    },
    {
      "date": "2022-12-31T00:00:00",
      "quarter_label": "2022-12 (Q4)",
      "revenue": 509766000,
      "gross_profit": 76695000,
      "operating_income": 40902000,
      "net_income": 42040000,
      "opex": 35793000,
      "cogs": 433071000,
      "rd": 2812000,
      "sga": 30486000,
      "fcf": 44219000,
      "ocf": 58438000,
      "capex": -14219000,
      "gross_margin": 0.1504513835759937,
      "op_margin": 0.08023681453843529,
      "fcf_margin": 0.08674372162913964,
      "incr_op_margin_yoy": 0.7504300588501585,
      "rev_growth_yoy": 0.04529646732666771,
      "rev_growth_yoy_accel": -0.13308543958790703,
      "fcf_margin_change": 0.011316285042753546
    },
    {
      "date": "2023-03-31T00:00:00",
      "quarter_label": "2023-03 (Q1)",
      "revenue": 548644000,
      "gross_profit": 95557000,
      "operating_income": 55136000,
      "net_income": 31838000,
      "opex": 40421000,
      "cogs": 453087000,
      "rd": 3014000,
      "sga": 34472000,
      "fcf": 12388000,
      "ocf": 24086000,
      "capex": -11698000,
      "gross_margin": 0.17416940675556464,
      "op_margin": 0.100495038677175,
      "fcf_margin": 0.022579304612827263,
      "incr_op_margin_yoy": -1.4181966544267646,
      "rev_growth_yoy": -0.013224891501213136,
      "rev_growth_yoy_accel": -0.05852135882788084,
      "op_leverage_ratio": 0.5898448606400596,
      "fcf_margin_change": -0.06416441701631237
    },
    {
      "date": "2023-06-30T00:00:00",
      "quarter_label": "2023-06 (Q2)",
      "revenue": 481176000,
      "gross_profit": 85895000,
      "operating_income": 45898000,
      "net_income": 30207000,
      "opex": 39997000,
      "cogs": 395281000,
      "rd": 3218000,
      "sga": 34858000,
      "fcf": 48935000,
      "ocf": 64804000,
      "capex": -15869000,
      "gross_margin": 0.17851056578050442,
      "op_margin": 0.09538713485294362,
      "fcf_margin": 0.10169875471760853,
      "incr_op_margin_yoy": 0.25952092805198484,
      "rev_growth_yoy": -0.16009740004712905,
      "rev_growth_yoy_accel": -0.1468725085459159,
      "fcf_margin_change": 0.07911945010478127
    },
    {
      "date": "2023-09-30T00:00:00",
      "quarter_label": "2023-09 (Q3)",
      "revenue": 401781000,
      "gross_profit": 66073000,
      "operating_income": 26975000,
      "net_income": 19280000,
      "opex": 39098000,
      "cogs": 335708000,
      "rd": 3167000,
      "sga": 33587000,
      "fcf": 37303000,
      "ocf": 51216000,
      "capex": -13913000,
      "gross_margin": 0.16445028510556747,
      "op_margin": 0.06713856553694675,
      "fcf_margin": 0.09284411159313158,
      "incr_op_margin_yoy": 0.18237798683118636,
      "rev_growth_yoy": -0.2429539382200097,
      "rev_growth_yoy_accel": -0.08285653817288066,
      "fcf_margin_change": -0.008854643124476952
    },
    {
      "date": "2023-12-31T00:00:00",
      "quarter_label": "2023-12 (Q4)",
      "revenue": 390199000,
      "gross_profit": 58324000,
      "operating_income": 20718000,
      "net_income": -2565000,
      "opex": 37606000,
      "cogs": 331875000,
      "rd": 3140000,
      "sga": 32021000,
      "fcf": 19925000,
      "ocf": 39244000,
      "capex": -19319000,
      "gross_margin": 0.1494724486736255,
      "op_margin": 0.05309598435670004,
      "fcf_margin": 0.05106368801560229,
      "incr_op_margin_yoy": 0.16880911957312636,
      "rev_growth_yoy": -0.23455271634436192,
      "rev_growth_yoy_accel": 0.00840122187564779,
      "fcf_margin_change": -0.041780423577529285
    },
    {
      "date": "2024-03-31T00:00:00",
      "quarter_label": "2024-03 (Q1)",
      "revenue": 482209000,
      "gross_profit": 77370000,
      "operating_income": 25072000,
      "net_income": 9201000,
      "opex": 52298000,
      "cogs": 404839000,
      "rd": 3654000,
      "sga": 39420000,
      "fcf": -14602000,
      "ocf": 2005000,
      "capex": -16607000,
      "gross_margin": 0.16044909987163242,
      "op_margin": 0.05199405237148207,
      "fcf_margin": -0.030281475459810994,
      "incr_op_margin_yoy": 0.4525325506133815,
      "rev_growth_yoy": -0.12108944962489337,
      "rev_growth_yoy_accel": 0.11346326671946855,
      "op_leverage_ratio": 0.603566463503969,
      "fcf_margin_change": -0.08134516347541329
    },
    {
      "date": "2024-06-30T00:00:00",
      "quarter_label": "2024-06 (Q2)",
      "revenue": 532170000,
      "gross_profit": 80442000,
      "operating_income": 22322000,
      "net_income": 2149000,
      "opex": 58120000,
      "cogs": 451728000,
      "rd": 4218000,
      "sga": 51583000,
      "fcf": 53249000,
      "ocf": 70841000,
      "capex": -17592000,
      "gross_margin": 0.15115846440047354,
      "op_margin": 0.04194524306142774,
      "fcf_margin": 0.10006013116109513,
      "incr_op_margin_yoy": -0.46232890143938504,
      "rev_growth_yoy": 0.10597785425707018,
      "rev_growth_yoy_accel": 0.22706730388196356,
      "op_leverage_ratio": 0.9306978062787722,
      "fcf_margin_change": 0.13034160662090613
    },
    {
      "date": "2024-09-30T00:00:00",
      "quarter_label": "2024-09 (Q3)",
      "revenue": 447985000,
      "gross_profit": 58805000,
      "operating_income": 2807000,
      "net_income": -18249000,
      "opex": 55998000,
      "cogs": 389180000,
      "rd": 4199000,
      "sga": 49533000,
      "fcf": 41786000,
      "ocf": 59905000,
      "capex": -18119000,
      "gross_margin": 0.1312655557663761,
      "op_margin": 0.006265834793575678,
      "fcf_margin": 0.09327544449032892,
      "incr_op_margin_yoy": -0.5230715955328543,
      "rev_growth_yoy": 0.11499797153175487,
      "rev_growth_yoy_accel": 0.009020117274684686,
      "fcf_margin_change": -0.0067846866707662185
    },
    {
      "date": "2024-12-31T00:00:00",
      "quarter_label": "2024-12 (Q4)",
      "revenue": 383573000,
      "gross_profit": 41185000,
      "operating_income": -17017000,
      "net_income": 1339000,
      "opex": 58202000,
      "cogs": 342388000,
      "rd": 4449000,
      "sga": 51258000,
      "fcf": -4570000,
      "ocf": 8736000,
      "capex": -13306000,
      "gross_margin": 0.10737199959329775,
      "op_margin": -0.044364436495790895,
      "fcf_margin": -0.011914290109053557,
      "incr_op_margin_yoy": 5.694989435556897,
      "rev_growth_yoy": -0.01698107888538925,
      "rev_growth_yoy_accel": -0.1319790504171441,
      "fcf_margin_change": -0.10518973459938247
    },
    {
      "date": "2025-03-31T00:00:00",
      "quarter_label": "2025-03 (Q1)",
      "revenue": 490708000,
      "gross_profit": 68644000,
      "operating_income": 11799000,
      "net_income": -649000,
      "opex": 56845000,
      "cogs": 422064000,
      "rd": 4544000,
      "sga": 49855000,
      "fcf": -53618000,
      "ocf": -38591000,
      "capex": -15027000,
      "gross_margin": 0.1398876725058487,
      "op_margin": 0.024044849482788136,
      "fcf_margin": -0.10926661069312096,
      "incr_op_margin_yoy": -1.5617131427226734,
      "rev_growth_yoy": 0.01762513764778343,
      "rev_growth_yoy_accel": 0.03460621653317268,
      "op_leverage_ratio": Infinity,
      "fcf_margin_change": -0.09735232058406741
    },
    {
      "date": "2025-06-30T00:00:00",
      "quarter_label": "2025-06 (Q2)",
      "revenue": 460830000,
      "gross_profit": 69273000,
      "operating_income": 10160000,
      "net_income": -4545000,
      "opex": 59113000,
      "cogs": 391557000,
      "rd": 4341000,
      "sga": 52353000,
      "fcf": 4219000,
      "ocf": 14313000,
      "capex": -10094000,
      "gross_margin": 0.1503222446455309,
      "op_margin": 0.022047175748106676,
      "fcf_margin": 0.009155219929258078,
      "incr_op_margin_yoy": 0.17047939444911692,
      "rev_growth_yoy": -0.134054907266475,
      "rev_growth_yoy_accel": -0.15168004491425843,
      "fcf_margin_change": 0.11842183062237904
    },
    {
      "date": "2025-09-30T00:00:00",
      "quarter_label": "2025-09 (Q3)",
      "revenue": 466466000,
      "gross_profit": 70871000,
      "operating_income": 9744000,
      "net_income": -2262000,
      "opex": 61127000,
      "cogs": 395595000,
      "rd": 4550000,
      "sga": 53132000,
      "fcf": 29889000,
      "ocf": 41521000,
      "capex": -11632000,
      "gross_margin": 0.15193175922789656,
      "op_margin": 0.020888982262372822,
      "fcf_margin": 0.0640754095689718,
      "incr_op_margin_yoy": 0.37535847627292895,
      "rev_growth_yoy": 0.04125361340223445,
      "rev_growth_yoy_accel": 0.17530852066870944,
      "op_leverage_ratio": 0.35896637949646615,
      "fcf_margin_change": 0.05492018963971372
    }
  ],
  "signals": [
    {
      "quarter": "2025-09 (Q3)",
      "signal": "FCF MARGIN EXPANSION",
      "detail": "FCF margin: +0.9% -> +6.4% (+5.5%)",
      "severity": "MEDIUM"
    },
    {
      "quarter": "2025-09 (Q3)",
      "signal": "YoY REVENUE GROWTH ACCELERATION",
      "detail": "YoY growth: +4.1% vs prior quarter YoY: -13.4% (accel: +17.5%)",
      "severity": "HIGH"
    },
    {
      "quarter": "2025-09 (Q3)",
      "signal": "INCREMENTAL MARGIN (YoY)",
      "detail": "YoY Incr OPM: +37.5% vs year-ago OPM: +0.6%",
      "severity": "HIGH"
    },
    {
      "quarter": "2025-06 (Q2)",
      "signal": "FCF TURNED POSITIVE",
      "detail": "FCF margin: -10.9% -> +0.9%",
      "severity": "HIGH"
    },
    {
      "quarter": "2025-06 (Q2)",
      "signal": "YoY REVENUE GROWTH DECELERATION",
      "detail": "YoY growth: -13.4% vs prior quarter YoY: +1.8% (decel: -15.2%)",
      "severity": "WARNING"
    },
    {
      "quarter": "2025-06 (Q2)",
      "signal": "INCREMENTAL MARGIN (YoY)",
      "detail": "YoY Incr OPM: +17.0% vs year-ago OPM: +4.2%",
      "severity": "MEDIUM"
    },
    {
      "quarter": "2025-03 (Q1)",
      "signal": "GROSS MARGIN INFLECTION",
      "detail": "GM: +13.1% -> +10.7% -> +14.0% (reversal +3.3%)",
      "severity": "MEDIUM"
    },
    {
      "quarter": "2025-03 (Q1)",
      "signal": "OP MARGIN TURNED POSITIVE (QoQ)",
      "detail": "Op margin: -4.4% -> +2.4%",
      "severity": "HIGH"
    },
    {
      "quarter": "2024-12 (Q4)",
      "signal": "YoY REVENUE GROWTH DECELERATION",
      "detail": "YoY growth: -1.7% vs prior quarter YoY: +11.5% (decel: -13.2%)",
      "severity": "WARNING"
    },
    {
      "quarter": "2024-06 (Q2)",
      "signal": "FCF TURNED POSITIVE",
      "detail": "FCF margin: -3.0% -> +10.0%",
      "severity": "HIGH"
    },
    {
      "quarter": "2024-06 (Q2)",
      "signal": "YoY REVENUE GROWTH ACCELERATION",
      "detail": "YoY growth: +10.6% vs prior quarter YoY: -12.1% (accel: +22.7%)",
      "severity": "HIGH"
    },
    {
      "quarter": "2024-03 (Q1)",
      "signal": "YoY REVENUE GROWTH ACCELERATION",
      "detail": "YoY growth: -12.1% vs prior quarter YoY: -23.5% (accel: +11.3%)",
      "severity": "MEDIUM"
    },
    {
      "quarter": "2024-03 (Q1)",
      "signal": "INCREMENTAL MARGIN (YoY)",
      "detail": "YoY Incr OPM: +45.3% vs year-ago OPM: +10.0%",
      "severity": "HIGH"
    },
    {
      "quarter": "2023-09 (Q3)",
      "signal": "YoY REVENUE GROWTH DECELERATION",
      "detail": "YoY growth: -24.3% vs prior quarter YoY: -16.0% (decel: -8.3%)",
      "severity": "WARNING"
    },
    {
      "quarter": "2023-06 (Q2)",
      "signal": "FCF MARGIN EXPANSION",
      "detail": "FCF margin: +2.3% -> +10.2% (+7.9%)",
      "severity": "MEDIUM"
    },
    {
      "quarter": "2023-06 (Q2)",
      "signal": "YoY REVENUE GROWTH DECELERATION",
      "detail": "YoY growth: -16.0% vs prior quarter YoY: -1.3% (decel: -14.7%)",
      "severity": "WARNING"
    },
    {
      "quarter": "2023-06 (Q2)",
      "signal": "INCREMENTAL MARGIN (YoY)",
      "detail": "YoY Incr OPM: +26.0% vs year-ago OPM: +12.2%",
      "severity": "MEDIUM"
    },
    {
      "quarter": "2023-03 (Q1)",
      "signal": "GROSS MARGIN INFLECTION",
      "detail": "GM: +16.5% -> +15.0% -> +17.4% (reversal +2.4%)",
      "severity": "MEDIUM"
    },
    {
      "quarter": "2023-03 (Q1)",
      "signal": "YoY REVENUE GROWTH DECELERATION",
      "detail": "YoY growth: -1.3% vs prior quarter YoY: +4.5% (decel: -5.9%)",
      "severity": "WARNING"
    },
    {
      "quarter": "2022-12 (Q4)",
      "signal": "YoY REVENUE GROWTH DECELERATION",
      "detail": "YoY growth: +4.5% vs prior quarter YoY: +17.8% (decel: -13.3%)",
      "severity": "WARNING"
    },
    {
      "quarter": "2022-12 (Q4)",
      "signal": "INCREMENTAL MARGIN (YoY)",
      "detail": "YoY Incr OPM: +75.0% vs year-ago OPM: +5.0%",
      "severity": "HIGH"
    },
    {
      "quarter": "2022-09 (Q3)",
      "signal": "YoY REVENUE GROWTH DECELERATION",
      "detail": "YoY growth: +17.8% vs prior quarter YoY: +30.6% (decel: -12.8%)",
      "severity": "WARNING"
    },
    {
      "quarter": "2022-09 (Q3)",
      "signal": "INCREMENTAL MARGIN (YoY)",
      "detail": "YoY Incr OPM: +34.3% vs year-ago OPM: +5.1%",
      "severity": "HIGH"
    },
    {
      "quarter": "2022-06 (Q2)",
      "signal": "FCF TURNED POSITIVE",
      "detail": "FCF margin: -4.7% -> +9.7%",
      "severity": "HIGH"
    },
    {
      "quarter": "2022-06 (Q2)",
      "signal": "YoY REVENUE GROWTH DECELERATION",
      "detail": "YoY growth: +30.6% vs prior quarter YoY: +37.8% (decel: -7.2%)",
      "severity": "WARNING"
    },
    {
      "quarter": "2022-06 (Q2)",
      "signal": "INCREMENTAL MARGIN (YoY)",
      "detail": "YoY Incr OPM: +34.2% vs year-ago OPM: +5.4%",
      "severity": "HIGH"
    },
    {
      "quarter": "2022-03 (Q1)",
      "signal": "GROSS MARGIN INFLECTION",
      "detail": "GM: +13.4% -> +12.8% -> +15.6% (reversal +2.8%)",
      "severity": "MEDIUM"
    },
    {
      "quarter": "2022-03 (Q1)",
      "signal": "YoY REVENUE GROWTH DECELERATION",
      "detail": "YoY growth: +37.8% vs prior quarter YoY: +49.2% (decel: -11.4%)",
      "severity": "WARNING"
    },
    {
      "quarter": "2022-03 (Q1)",
      "signal": "INCREMENTAL MARGIN (YoY)",
      "detail": "YoY Incr OPM: +20.0% vs year-ago OPM: +3.5%",
      "severity": "MEDIUM"
    },
    {
      "quarter": "2021-12 (Q4)",
      "signal": "OPERATING LEVERAGE",
      "detail": "Rev growth +8.3% vs OpEx growth +2.1% (leverage: 3.9x)",
      "severity": "MEDIUM"
    },
    {
      "quarter": "2021-12 (Q4)",
      "signal": "OP MARGIN TURNED POSITIVE (YoY)",
      "detail": "Op margin: -4.8% (year-ago) -> +5.0%",
      "severity": "HIGH"
    },
    {
      "quarter": "2021-09 (Q3)",
      "signal": "FCF TURNED POSITIVE",
      "detail": "FCF margin: -1.7% -> +1.2%",
      "severity": "HIGH"
    },
    {
      "quarter": "2021-03 (Q1)",
      "signal": "OP MARGIN TURNED POSITIVE (QoQ)",
      "detail": "Op margin: -4.8% -> +3.5%",
      "severity": "HIGH"
    }
  ],
  "data_quality": {
    "n_quarters": 20,
    "coverage": {
      "revenue": [
        20,
        20
      ],
      "gross_profit": [
        20,
        20
      ],
      "op_income": [
        20,
        20
      ],
      "fcf": [
        20,
        20
      ]
    },
    "gaps": [],
    "warnings": []
  },
  "market_cap": null,
  "source": "SEC EDGAR",
  "last_updated": "2026-02-02T22:20:46.312169"
}