{
  "ticker": "TWIN",
  "name": "TWIN DISC INC",
  "quarters": [
    {
      "date": "2021-03-26T00:00:00",
      "quarter_label": "2021-03 (Q1)",
      "revenue": 57640000,
      "gross_profit": 13962000,
      "operating_income": 515000,
      "net_income": 94000,
      "opex": 13447000,
      "cogs": 43678000,
      "rd": null,
      "sga": 13196000,
      "fcf": 1175000,
      "ocf": 2238000,
      "capex": -1063000,
      "gross_margin": 0.24222761970853574,
      "op_margin": 0.008934767522553783,
      "fcf_margin": 0.020385149201943096
    },
    {
      "date": "2021-06-30T00:00:00",
      "quarter_label": "2021-06 (Q2)",
      "revenue": 66204000,
      "gross_profit": 18315000,
      "operating_income": -5035000,
      "net_income": -21521000,
      "opex": 23350000,
      "cogs": 47889000,
      "rd": null,
      "sga": 16750000,
      "fcf": 900000,
      "ocf": 1513000,
      "capex": -613000,
      "gross_margin": 0.27664491571506256,
      "op_margin": -0.07605280647695004,
      "fcf_margin": 0.013594344752582926,
      "op_leverage_ratio": 0.20174896355859329,
      "fcf_margin_change": -0.00679080444936017
    },
    {
      "date": "2021-09-24T00:00:00",
      "quarter_label": "2021-09 (Q3)",
      "revenue": 47761000,
      "gross_profit": 13447000,
      "operating_income": 3247000,
      "net_income": 1920000,
      "opex": 10200000,
      "cogs": 34314000,
      "rd": null,
      "sga": 13091000,
      "fcf": 1528000,
      "ocf": 2374000,
      "capex": -846000,
      "gross_margin": 0.2815477062875568,
      "op_margin": 0.06798433868637592,
      "fcf_margin": 0.03199262997005926,
      "fcf_margin_change": 0.01839828521747633
    },
    {
      "date": "2021-12-31T00:00:00",
      "quarter_label": "2021-12 (Q4)",
      "revenue": 59889000,
      "gross_profit": 13482000,
      "operating_income": -3020000,
      "net_income": -3836000,
      "opex": 16502000,
      "cogs": 46407000,
      "rd": null,
      "sga": 15267000,
      "fcf": -4327000,
      "ocf": -3423000,
      "capex": -904000,
      "gross_margin": 0.22511646546110303,
      "op_margin": -0.0504266225851158,
      "fcf_margin": -0.07225032977675366,
      "op_leverage_ratio": 0.4109959571988451,
      "fcf_margin_change": -0.10424295974681291
    },
    {
      "date": "2022-03-25T00:00:00",
      "quarter_label": "2022-03 (Q1)",
      "revenue": 59289000,
      "gross_profit": 17691000,
      "operating_income": 3055000,
      "net_income": 2231000,
      "opex": 14636000,
      "cogs": 41598000,
      "rd": null,
      "sga": 14396000,
      "fcf": -6795000,
      "ocf": -6174000,
      "capex": -621000,
      "gross_margin": 0.2983858725901938,
      "op_margin": 0.05152726475400159,
      "fcf_margin": -0.11460810605677275,
      "incr_op_margin_yoy": 1.5403274711946635,
      "rev_growth_yoy": 0.028608605135322693,
      "fcf_margin_change": -0.04235777628001909
    },
    {
      "date": "2022-06-30T00:00:00",
      "quarter_label": "2022-06 (Q2)",
      "revenue": 75974000,
      "gross_profit": 24192000,
      "operating_income": 7754000,
      "net_income": 7779000,
      "opex": 16438000,
      "cogs": 51782000,
      "rd": null,
      "sga": 17332000,
      "fcf": -3448000,
      "ocf": -1090000,
      "capex": -2358000,
      "gross_margin": 0.31842472424776896,
      "op_margin": 0.10206123147392529,
      "fcf_margin": -0.04538394713981099,
      "incr_op_margin_yoy": 1.309007164790174,
      "rev_growth_yoy": 0.14757416470303908,
      "rev_growth_yoy_accel": 0.11896555956771639,
      "op_leverage_ratio": 2.285702481546541,
      "fcf_margin_change": 0.06922415891696176
    },
    {
      "date": "2022-09-30T00:00:00",
      "quarter_label": "2022-09 (Q3)",
      "revenue": 55913000,
      "gross_profit": 13297000,
      "operating_income": -1793000,
      "net_income": -2029000,
      "opex": 15090000,
      "cogs": 42616000,
      "rd": null,
      "sga": 15079000,
      "fcf": -2933000,
      "ocf": -696000,
      "capex": -2237000,
      "gross_margin": 0.23781589254735036,
      "op_margin": -0.032067676568955344,
      "fcf_margin": -0.05245649491173788,
      "incr_op_margin_yoy": -0.6182531894013739,
      "rev_growth_yoy": 0.1706831934004732,
      "rev_growth_yoy_accel": 0.023109028697434114,
      "fcf_margin_change": -0.007072547771926889
    },
    {
      "date": "2022-12-30T00:00:00",
      "quarter_label": "2022-12 (Q4)",
      "revenue": 63351000,
      "gross_profit": 17023000,
      "operating_income": 5026000,
      "net_income": 1139000,
      "opex": 11997000,
      "cogs": 46328000,
      "rd": null,
      "sga": 15983000,
      "fcf": -1769000,
      "ocf": 728000,
      "capex": -2497000,
      "gross_margin": 0.2687092547868226,
      "op_margin": 0.07933576423418731,
      "fcf_margin": -0.02792378967972092,
      "incr_op_margin_yoy": 2.3240901213171576,
      "rev_growth_yoy": 0.05780694284426188,
      "rev_growth_yoy_accel": -0.11287625055621131,
      "op_leverage_ratio": Infinity,
      "fcf_margin_change": 0.02453270523201696
    },
    {
      "date": "2023-03-31T00:00:00",
      "quarter_label": "2023-03 (Q1)",
      "revenue": 73772000,
      "gross_profit": 19265000,
      "operating_income": 4605000,
      "net_income": 2674000,
      "opex": 14660000,
      "cogs": 54507000,
      "rd": null,
      "sga": 14626000,
      "fcf": 4778000,
      "ocf": 6827000,
      "capex": -2049000,
      "gross_margin": 0.2611424388656943,
      "op_margin": 0.06242205714905384,
      "fcf_margin": 0.0647671203166513,
      "incr_op_margin_yoy": 0.10702202582337914,
      "rev_growth_yoy": 0.2442780279647152,
      "rev_growth_yoy_accel": 0.18647108512045332,
      "op_leverage_ratio": 0.7410668963758966,
      "fcf_margin_change": 0.09269090999637222
    },
    {
      "date": "2023-06-30T00:00:00",
      "quarter_label": "2023-06 (Q2)",
      "revenue": 83924000,
      "gross_profit": 24747000,
      "operating_income": 8222000,
      "net_income": 8595000,
      "opex": 16525000,
      "cogs": 59177000,
      "rd": null,
      "sga": 16555000,
      "fcf": 14904000,
      "ocf": 16039000,
      "capex": -1135000,
      "gross_margin": 0.29487393355893426,
      "op_margin": 0.09796959153519852,
      "fcf_margin": 0.17758924741432724,
      "incr_op_margin_yoy": 0.05886792452830188,
      "rev_growth_yoy": 0.1046410614157475,
      "rev_growth_yoy_accel": -0.1396369665489677,
      "op_leverage_ratio": 1.0817208124328868,
      "fcf_margin_change": 0.11282212709767594
    },
    {
      "date": "2023-09-29T00:00:00",
      "quarter_label": "2023-09 (Q3)",
      "revenue": 63554000,
      "gross_profit": 16637000,
      "operating_income": -280000,
      "net_income": -1173000,
      "opex": 16917000,
      "cogs": null,
      "rd": null,
      "sga": 16917000,
      "fcf": 6112000,
      "ocf": 9802000,
      "capex": -3690000,
      "gross_margin": 0.2617773861598011,
      "op_margin": -0.0044057022374673505,
      "fcf_margin": 0.09617018598357302,
      "incr_op_margin_yoy": 0.19801073157963617,
      "rev_growth_yoy": 0.13665873768175557,
      "rev_growth_yoy_accel": 0.03201767626600807,
      "fcf_margin_change": -0.08141906143075422
    },
    {
      "date": "2023-09-30T00:00:00",
      "quarter_label": "2023-09 (Q3)",
      "revenue": 63554000,
      "gross_profit": 16637000,
      "operating_income": -280000,
      "net_income": -1173000,
      "opex": 16917000,
      "cogs": null,
      "rd": null,
      "sga": 16917000,
      "fcf": null,
      "ocf": null,
      "capex": null,
      "gross_margin": 0.2617773861598011,
      "op_margin": -0.0044057022374673505,
      "fcf_margin": null,
      "incr_op_margin_yoy": 0.19801073157963617,
      "rev_growth_yoy": 0.13665873768175557,
      "rev_growth_yoy_accel": 0.0
    },
    {
      "date": "2023-12-29T00:00:00",
      "quarter_label": "2023-12 (Q4)",
      "revenue": 72994000,
      "gross_profit": 20656000,
      "operating_income": 3438000,
      "net_income": 930000,
      "opex": 17218000,
      "cogs": null,
      "rd": null,
      "sga": 17149000,
      "fcf": 4516000,
      "ocf": 6245000,
      "capex": -1729000,
      "gross_margin": 0.28298216291750006,
      "op_margin": 0.04709976162424309,
      "fcf_margin": 0.06186809874784229,
      "incr_op_margin_yoy": -0.16467904179197346,
      "rev_growth_yoy": 0.15221543464191567,
      "rev_growth_yoy_accel": 0.015556696960160099,
      "op_leverage_ratio": 8.348067622824633
    },
    {
      "date": "2024-03-29T00:00:00",
      "quarter_label": "2024-03 (Q1)",
      "revenue": 74161000,
      "gross_profit": 20940000,
      "operating_income": 3602000,
      "net_income": 3822000,
      "opex": 17338000,
      "cogs": null,
      "rd": null,
      "sga": 17199000,
      "fcf": 4047000,
      "ocf": 6226000,
      "capex": -2179000,
      "gross_margin": 0.28235865212173517,
      "op_margin": 0.04857000310136055,
      "fcf_margin": 0.054570461563355405,
      "rev_growth_yoy": 0.005273003307487936,
      "rev_growth_yoy_accel": -0.14694243133442775,
      "op_leverage_ratio": 2.2939563525769238,
      "fcf_margin_change": -0.007297637184486887
    },
    {
      "date": "2024-06-30T00:00:00",
      "quarter_label": "2024-06 (Q2)",
      "revenue": 84418000,
      "gross_profit": 25086000,
      "operating_income": 4721000,
      "net_income": 7409000,
      "opex": 20365000,
      "cogs": null,
      "rd": null,
      "sga": 20354000,
      "fcf": 10334000,
      "ocf": 11443000,
      "capex": -1109000,
      "gross_margin": 0.2971641119192589,
      "op_margin": 0.05592409201828994,
      "fcf_margin": 0.12241465090383567,
      "rev_growth_yoy": 0.005886278061102902,
      "rev_growth_yoy_accel": 0.000613274753614966,
      "op_leverage_ratio": 0.7921936481671563,
      "fcf_margin_change": 0.06784418934048027
    },
    {
      "date": "2024-09-27T00:00:00",
      "quarter_label": "2024-09 (Q3)",
      "revenue": 72897000,
      "gross_profit": 19322000,
      "operating_income": -165000,
      "net_income": -2765000,
      "opex": 19487000,
      "cogs": 53575000,
      "rd": null,
      "sga": 19487000,
      "fcf": -6706000,
      "ocf": -4344000,
      "capex": -2362000,
      "gross_margin": 0.265058918748371,
      "op_margin": -0.0022634676324128564,
      "fcf_margin": -0.09199281177551888,
      "incr_op_margin_yoy": 0.012308680295408327,
      "rev_growth_yoy": 0.14700884287377664,
      "rev_growth_yoy_accel": 0.14112256481267374,
      "fcf_margin_change": -0.21440746267935457
    },
    {
      "date": "2024-12-27T00:00:00",
      "quarter_label": "2024-12 (Q4)",
      "revenue": 89921000,
      "gross_profit": 21680000,
      "operating_income": 2760000,
      "net_income": 919000,
      "opex": 18920000,
      "cogs": null,
      "rd": null,
      "sga": 18920000,
      "fcf": 5879000,
      "ocf": 8659000,
      "capex": -2780000,
      "gross_margin": 0.24110052156893272,
      "op_margin": 0.030693608834421324,
      "fcf_margin": 0.06537961099187065,
      "incr_op_margin_yoy": -0.0400543510368051,
      "rev_growth_yoy": 0.23189577225525385,
      "rev_growth_yoy_accel": 0.08488692938147721,
      "op_leverage_ratio": Infinity,
      "fcf_margin_change": 0.15737242276738952
    },
    {
      "date": "2025-03-28T00:00:00",
      "quarter_label": "2025-03 (Q1)",
      "revenue": 81242000,
      "gross_profit": 21706000,
      "operating_income": 1947000,
      "net_income": -1472000,
      "opex": 19759000,
      "cogs": null,
      "rd": null,
      "sga": 19472000,
      "fcf": 906000,
      "ocf": 3216000,
      "capex": -2310000,
      "gross_margin": 0.2671770758967037,
      "op_margin": 0.02396543659683415,
      "fcf_margin": 0.011151867260776445,
      "incr_op_margin_yoy": -0.23372405027538484,
      "rev_growth_yoy": 0.09548145251547309,
      "rev_growth_yoy_accel": -0.13641431973978074,
      "fcf_margin_change": -0.0542277437310942
    },
    {
      "date": "2025-06-30T00:00:00",
      "quarter_label": "2025-06 (Q2)",
      "revenue": 96678000,
      "gross_profit": 30018000,
      "operating_income": 5345000,
      "net_income": 1423000,
      "opex": 24673000,
      "cogs": null,
      "rd": null,
      "sga": 24620000,
      "fcf": 8743000,
      "ocf": 16448000,
      "capex": -7705000,
      "gross_margin": 0.31049463166387387,
      "op_margin": 0.055286621568505764,
      "fcf_margin": 0.09043422495293656,
      "incr_op_margin_yoy": 0.05089722675367047,
      "rev_growth_yoy": 0.1452296903503992,
      "rev_growth_yoy_accel": 0.049748237834926115,
      "op_leverage_ratio": 0.7639834888548608,
      "fcf_margin_change": 0.0792823576921601
    },
    {
      "date": "2025-09-26T00:00:00",
      "quarter_label": "2025-09 (Q3)",
      "revenue": 79996000,
      "gross_profit": 22934000,
      "operating_income": 2235000,
      "net_income": -518000,
      "opex": 20699000,
      "cogs": 57062000,
      "rd": null,
      "sga": 20699000,
      "fcf": -10954000,
      "ocf": -7524000,
      "capex": -3430000,
      "gross_margin": 0.28668933446672334,
      "op_margin": 0.027938896944847243,
      "fcf_margin": -0.13693184659232963,
      "incr_op_margin_yoy": 0.3380757853218763,
      "rev_growth_yoy": 0.09738398013635678,
      "rev_growth_yoy_accel": -0.04784571021404242,
      "fcf_margin_change": -0.22736607154526617
    }
  ],
  "signals": [
    {
      "quarter": "2025-09 (Q3)",
      "signal": "OP MARGIN TURNED POSITIVE (YoY)",
      "detail": "Op margin: -0.2% (year-ago) -> +2.8%",
      "severity": "HIGH"
    },
    {
      "quarter": "2025-06 (Q2)",
      "signal": "FCF MARGIN EXPANSION",
      "detail": "FCF margin: +1.1% -> +9.0% (+7.9%)",
      "severity": "MEDIUM"
    },
    {
      "quarter": "2025-03 (Q1)",
      "signal": "GROSS MARGIN INFLECTION",
      "detail": "GM: +26.5% -> +24.1% -> +26.7% (reversal +2.6%)",
      "severity": "MEDIUM"
    },
    {
      "quarter": "2025-03 (Q1)",
      "signal": "YoY REVENUE GROWTH DECELERATION",
      "detail": "YoY growth: +9.5% vs prior quarter YoY: +23.2% (decel: -13.6%)",
      "severity": "WARNING"
    },
    {
      "quarter": "2024-12 (Q4)",
      "signal": "FCF TURNED POSITIVE",
      "detail": "FCF margin: -9.2% -> +6.5%",
      "severity": "HIGH"
    },
    {
      "quarter": "2024-12 (Q4)",
      "signal": "YoY REVENUE GROWTH ACCELERATION",
      "detail": "YoY growth: +23.2% vs prior quarter YoY: +14.7% (accel: +8.5%)",
      "severity": "MEDIUM"
    },
    {
      "quarter": "2024-12 (Q4)",
      "signal": "OP MARGIN TURNED POSITIVE (QoQ)",
      "detail": "Op margin: -0.2% -> +3.1%",
      "severity": "HIGH"
    },
    {
      "quarter": "2024-09 (Q3)",
      "signal": "YoY REVENUE GROWTH ACCELERATION",
      "detail": "YoY growth: +14.7% vs prior quarter YoY: +0.6% (accel: +14.1%)",
      "severity": "MEDIUM"
    },
    {
      "quarter": "2024-06 (Q2)",
      "signal": "FCF MARGIN EXPANSION",
      "detail": "FCF margin: +5.5% -> +12.2% (+6.8%)",
      "severity": "MEDIUM"
    },
    {
      "quarter": "2024-03 (Q1)",
      "signal": "OPERATING LEVERAGE",
      "detail": "Rev growth +1.6% vs OpEx growth +0.7% (leverage: 2.3x)",
      "severity": "MEDIUM"
    },
    {
      "quarter": "2024-03 (Q1)",
      "signal": "YoY REVENUE GROWTH DECELERATION",
      "detail": "YoY growth: +0.5% vs prior quarter YoY: +15.2% (decel: -14.7%)",
      "severity": "WARNING"
    },
    {
      "quarter": "2023-12 (Q4)",
      "signal": "OPERATING LEVERAGE",
      "detail": "Rev growth +14.9% vs OpEx growth +1.8% (leverage: 8.3x)",
      "severity": "MEDIUM"
    },
    {
      "quarter": "2023-12 (Q4)",
      "signal": "OP MARGIN TURNED POSITIVE (QoQ)",
      "detail": "Op margin: -0.4% -> +4.7%",
      "severity": "HIGH"
    },
    {
      "quarter": "2023-06 (Q2)",
      "signal": "FCF MARGIN EXPANSION",
      "detail": "FCF margin: +6.5% -> +17.8% (+11.3%)",
      "severity": "MEDIUM"
    },
    {
      "quarter": "2023-06 (Q2)",
      "signal": "GROSS MARGIN INFLECTION",
      "detail": "GM: +26.9% -> +26.1% -> +29.5% (reversal +3.4%)",
      "severity": "MEDIUM"
    },
    {
      "quarter": "2023-06 (Q2)",
      "signal": "YoY REVENUE GROWTH DECELERATION",
      "detail": "YoY growth: +10.5% vs prior quarter YoY: +24.4% (decel: -14.0%)",
      "severity": "WARNING"
    },
    {
      "quarter": "2023-03 (Q1)",
      "signal": "FCF TURNED POSITIVE",
      "detail": "FCF margin: -2.8% -> +6.5%",
      "severity": "HIGH"
    },
    {
      "quarter": "2023-03 (Q1)",
      "signal": "YoY REVENUE GROWTH ACCELERATION",
      "detail": "YoY growth: +24.4% vs prior quarter YoY: +5.8% (accel: +18.6%)",
      "severity": "HIGH"
    },
    {
      "quarter": "2022-12 (Q4)",
      "signal": "GROSS MARGIN INFLECTION",
      "detail": "GM: +31.8% -> +23.8% -> +26.9% (reversal +3.1%)",
      "severity": "MEDIUM"
    },
    {
      "quarter": "2022-12 (Q4)",
      "signal": "YoY REVENUE GROWTH DECELERATION",
      "detail": "YoY growth: +5.8% vs prior quarter YoY: +17.1% (decel: -11.3%)",
      "severity": "WARNING"
    },
    {
      "quarter": "2022-12 (Q4)",
      "signal": "OP MARGIN TURNED POSITIVE (YoY)",
      "detail": "Op margin: -5.0% (year-ago) -> +7.9%",
      "severity": "HIGH"
    },
    {
      "quarter": "2022-12 (Q4)",
      "signal": "OP MARGIN TURNED POSITIVE (QoQ)",
      "detail": "Op margin: -3.2% -> +7.9%",
      "severity": "HIGH"
    },
    {
      "quarter": "2022-06 (Q2)",
      "signal": "FCF MARGIN EXPANSION",
      "detail": "FCF margin: -11.5% -> -4.5% (+6.9%)",
      "severity": "MEDIUM"
    },
    {
      "quarter": "2022-06 (Q2)",
      "signal": "OPERATING LEVERAGE",
      "detail": "Rev growth +28.1% vs OpEx growth +12.3% (leverage: 2.3x)",
      "severity": "MEDIUM"
    },
    {
      "quarter": "2022-06 (Q2)",
      "signal": "YoY REVENUE GROWTH ACCELERATION",
      "detail": "YoY growth: +14.8% vs prior quarter YoY: +2.9% (accel: +11.9%)",
      "severity": "MEDIUM"
    },
    {
      "quarter": "2022-06 (Q2)",
      "signal": "OP MARGIN TURNED POSITIVE (YoY)",
      "detail": "Op margin: -7.6% (year-ago) -> +10.2%",
      "severity": "HIGH"
    },
    {
      "quarter": "2022-03 (Q1)",
      "signal": "GROSS MARGIN INFLECTION",
      "detail": "GM: +28.2% -> +22.5% -> +29.8% (reversal +7.3%)",
      "severity": "HIGH"
    },
    {
      "quarter": "2022-03 (Q1)",
      "signal": "INCREMENTAL MARGIN (YoY)",
      "detail": "YoY Incr OPM: +154.0% vs year-ago OPM: +0.9%",
      "severity": "HIGH"
    },
    {
      "quarter": "2022-03 (Q1)",
      "signal": "OP MARGIN TURNED POSITIVE (QoQ)",
      "detail": "Op margin: -5.0% -> +5.2%",
      "severity": "HIGH"
    },
    {
      "quarter": "2021-09 (Q3)",
      "signal": "OP MARGIN TURNED POSITIVE (QoQ)",
      "detail": "Op margin: -7.6% -> +6.8%",
      "severity": "HIGH"
    }
  ],
  "data_quality": {
    "n_quarters": 20,
    "coverage": {
      "revenue": [
        20,
        20
      ],
      "gross_profit": [
        20,
        20
      ],
      "op_income": [
        20,
        20
      ],
      "fcf": [
        19,
        20
      ]
    },
    "gaps": [],
    "warnings": []
  },
  "market_cap": null,
  "source": "SEC EDGAR",
  "last_updated": "2026-02-02T22:52:45.217180"
}