{
  "ticker": "TWLO",
  "name": "TWILIO INC.",
  "quarters": [
    {
      "date": "2020-12-31T00:00:00",
      "quarter_label": "2020-12 (Q4)",
      "revenue": 548090000,
      "gross_profit": 282121000,
      "operating_income": -185291000,
      "net_income": -179351000,
      "opex": 467412000,
      "cogs": 265969000,
      "rd": 158856000,
      "sga": null,
      "fcf": 8348000,
      "ocf": 14901000,
      "capex": -6553000,
      "gross_margin": 0.514734806327428,
      "op_margin": -0.33806674086372673,
      "fcf_margin": 0.01523107518838147
    },
    {
      "date": "2021-03-31T00:00:00",
      "quarter_label": "2021-03 (Q1)",
      "revenue": 589988000,
      "gross_profit": 298304000,
      "operating_income": -197339000,
      "net_income": -206542000,
      "opex": 495643000,
      "cogs": 291684000,
      "rd": 174800000,
      "sga": null,
      "fcf": -481000,
      "ocf": 4505000,
      "capex": -4986000,
      "gross_margin": 0.5056102835989884,
      "op_margin": -0.3344796843325627,
      "fcf_margin": -0.0008152708190675064,
      "op_leverage_ratio": 1.2656540407429777,
      "fcf_margin_change": -0.016046346007448975
    },
    {
      "date": "2021-06-30T00:00:00",
      "quarter_label": "2021-06 (Q2)",
      "revenue": 668931000,
      "gross_profit": 331247000,
      "operating_income": -202274000,
      "net_income": -227853000,
      "opex": 533521000,
      "cogs": 337684000,
      "rd": 181280000,
      "sga": null,
      "fcf": 14563000,
      "ocf": 21717000,
      "capex": -7154000,
      "gross_margin": 0.49518859194745046,
      "op_margin": -0.3023839529039617,
      "fcf_margin": 0.02177055630550834,
      "op_leverage_ratio": 1.7508638877031637,
      "fcf_margin_change": 0.022585827124575845
    },
    {
      "date": "2021-09-30T00:00:00",
      "quarter_label": "2021-09 (Q3)",
      "revenue": 740176000,
      "gross_profit": 364615000,
      "operating_income": -232345000,
      "net_income": -224109000,
      "opex": 596960000,
      "cogs": 375561000,
      "rd": 209890000,
      "sga": null,
      "fcf": -67606000,
      "ocf": -46171000,
      "capex": -21435000,
      "gross_margin": 0.4926058126715808,
      "op_margin": -0.31390507122630296,
      "fcf_margin": -0.09133773588984241,
      "op_leverage_ratio": 0.8957117224095408,
      "fcf_margin_change": -0.11310829219535075
    },
    {
      "date": "2021-12-31T00:00:00",
      "quarter_label": "2021-12 (Q4)",
      "revenue": 842744000,
      "gross_profit": 396547000,
      "operating_income": -283626000,
      "net_income": -291396000,
      "opex": 680173000,
      "cogs": 446197000,
      "rd": 223249000,
      "sga": null,
      "fcf": -50716000,
      "ocf": -38243000,
      "capex": -12473000,
      "gross_margin": 0.47054265589550326,
      "op_margin": -0.3365506013688617,
      "fcf_margin": -0.06017960377054005,
      "incr_op_margin_yoy": -0.33373040922573594,
      "rev_growth_yoy": 0.5376014888065829,
      "op_leverage_ratio": 0.9941019833396001,
      "fcf_margin_change": 0.031158132119302365
    },
    {
      "date": "2022-03-31T00:00:00",
      "quarter_label": "2022-03 (Q1)",
      "revenue": 875363000,
      "gross_profit": 425071000,
      "operating_income": -217808000,
      "net_income": -221627000,
      "opex": 642879000,
      "cogs": 450292000,
      "rd": 240611000,
      "sga": null,
      "fcf": -24555000,
      "ocf": -17575000,
      "capex": -6980000,
      "gross_margin": 0.4855939764417733,
      "op_margin": -0.24882020373262292,
      "fcf_margin": -0.028051219893918296,
      "incr_op_margin_yoy": -0.07172667542706965,
      "rev_growth_yoy": 0.48369627856837766,
      "rev_growth_yoy_accel": -0.053905210238205215,
      "op_leverage_ratio": Infinity,
      "fcf_margin_change": 0.03212838387662175
    },
    {
      "date": "2022-06-30T00:00:00",
      "quarter_label": "2022-06 (Q2)",
      "revenue": 943354000,
      "gross_profit": 445289000,
      "operating_income": -311936000,
      "net_income": -322769000,
      "opex": 757225000,
      "cogs": 498065000,
      "rd": 279641000,
      "sga": null,
      "fcf": -66365000,
      "ocf": -62566000,
      "capex": -3799000,
      "gross_margin": 0.47202746794946543,
      "op_margin": -0.3306669606531588,
      "fcf_margin": -0.07035004886818734,
      "incr_op_margin_yoy": -0.39960936218902937,
      "rev_growth_yoy": 0.41024111604933844,
      "rev_growth_yoy_accel": -0.07345516251903922,
      "op_leverage_ratio": 0.43668824903571063,
      "fcf_margin_change": -0.042298828974269044
    },
    {
      "date": "2022-09-30T00:00:00",
      "quarter_label": "2022-09 (Q3)",
      "revenue": 983030000,
      "gross_profit": 462075000,
      "operating_income": -456997000,
      "net_income": -482327000,
      "opex": 919072000,
      "cogs": 520955000,
      "rd": 284735000,
      "sga": null,
      "fcf": -133627000,
      "ocf": -115772000,
      "capex": -17855000,
      "gross_margin": 0.4700517786842721,
      "op_margin": -0.46488611741249,
      "fcf_margin": -0.13593379652706428,
      "incr_op_margin_yoy": -0.9250496182891779,
      "rev_growth_yoy": 0.32810304576208904,
      "rev_growth_yoy_accel": -0.0821380702872494,
      "op_leverage_ratio": 0.196776610930309,
      "fcf_margin_change": -0.06558374765887694
    },
    {
      "date": "2022-12-31T00:00:00",
      "quarter_label": "2022-12 (Q4)",
      "revenue": 1024574000,
      "gross_profit": 481142000,
      "operating_income": -218567000,
      "net_income": -229422000,
      "opex": 699709000,
      "cogs": 543432000,
      "rd": 274094000,
      "sga": null,
      "fcf": -58455000,
      "ocf": -58455000,
      "capex": null,
      "gross_margin": 0.46960200044115896,
      "op_margin": -0.2133247574113729,
      "fcf_margin": -0.05705298006781355,
      "incr_op_margin_yoy": 0.3578012429192102,
      "rev_growth_yoy": 0.21575947144091207,
      "rev_growth_yoy_accel": -0.11234357432117698,
      "op_leverage_ratio": Infinity,
      "fcf_margin_change": 0.07888081645925073
    },
    {
      "date": "2023-03-31T00:00:00",
      "quarter_label": "2023-03 (Q1)",
      "revenue": 1006564000,
      "gross_profit": 490690000,
      "operating_income": -264084000,
      "net_income": -342139000,
      "opex": 754774000,
      "cogs": 515874000,
      "rd": 238595000,
      "sga": null,
      "fcf": -97866000,
      "ocf": -97866000,
      "capex": null,
      "gross_margin": 0.487490114885889,
      "op_margin": -0.26236185677214763,
      "fcf_margin": -0.0972277967421843,
      "incr_op_margin_yoy": -0.35271072629019595,
      "rev_growth_yoy": 0.14988182045619933,
      "rev_growth_yoy_accel": -0.06587765098471274,
      "fcf_margin_change": -0.040174816674370756
    },
    {
      "date": "2023-06-30T00:00:00",
      "quarter_label": "2023-06 (Q2)",
      "revenue": 1037761000,
      "gross_profit": 505755000,
      "operating_income": -141827000,
      "net_income": -166187000,
      "opex": 647582000,
      "cogs": 532006000,
      "rd": 226896000,
      "sga": null,
      "fcf": 83646000,
      "ocf": 83646000,
      "capex": null,
      "gross_margin": 0.4873520974482564,
      "op_margin": -0.13666634225028693,
      "fcf_margin": 0.08060237376428676,
      "incr_op_margin_yoy": 1.8018685055133623,
      "rev_growth_yoy": 0.10007589939725701,
      "rev_growth_yoy_accel": -0.04980592105894231,
      "op_leverage_ratio": Infinity,
      "fcf_margin_change": 0.17783017050647107
    },
    {
      "date": "2023-09-30T00:00:00",
      "quarter_label": "2023-09 (Q3)",
      "revenue": 1033670000,
      "gross_profit": 516319000,
      "operating_income": -108903000,
      "net_income": -141707000,
      "opex": 625222000,
      "cogs": 517351000,
      "rd": 241654000,
      "sga": null,
      "fcf": 206427000,
      "ocf": 206427000,
      "capex": null,
      "gross_margin": 0.49950080780132927,
      "op_margin": -0.10535567444155292,
      "fcf_margin": 0.19970299999032573,
      "incr_op_margin_yoy": 6.873894154818325,
      "rev_growth_yoy": 0.051514195904499356,
      "rev_growth_yoy_accel": -0.04856170349275766,
      "fcf_margin_change": 0.11910062622603897
    },
    {
      "date": "2023-12-31T00:00:00",
      "quarter_label": "2023-12 (Q4)",
      "revenue": 1075950000,
      "gross_profit": 531166000,
      "operating_income": -361727000,
      "net_income": -365408000,
      "opex": 892893000,
      "cogs": 544784000,
      "rd": 235645000,
      "sga": null,
      "fcf": 222545000,
      "ocf": 222545000,
      "capex": null,
      "gross_margin": 0.49367163901668293,
      "op_margin": -0.33619313165109904,
      "fcf_margin": 0.20683581950834146,
      "incr_op_margin_yoy": -2.7865151043288696,
      "rev_growth_yoy": 0.050143767068069264,
      "rev_growth_yoy_accel": -0.0013704288364300918,
      "op_leverage_ratio": 0.09554016710524882,
      "fcf_margin_change": 0.007132819518015726
    },
    {
      "date": "2024-03-31T00:00:00",
      "quarter_label": "2024-03 (Q1)",
      "revenue": 1047050000,
      "gross_profit": 544041000,
      "operating_income": -43504000,
      "net_income": -55349000,
      "opex": 587545000,
      "cogs": 503009000,
      "rd": 251615000,
      "sga": null,
      "fcf": 190123000,
      "ocf": 190123000,
      "capex": null,
      "gross_margin": 0.5195940977030705,
      "op_margin": -0.04154911417792847,
      "fcf_margin": 0.18157967623322668,
      "incr_op_margin_yoy": 5.448303117126908,
      "rev_growth_yoy": 0.04022198290421672,
      "rev_growth_yoy_accel": -0.009921784163852546,
      "fcf_margin_change": -0.025256143275114773
    },
    {
      "date": "2024-06-30T00:00:00",
      "quarter_label": "2024-06 (Q2)",
      "revenue": 1082502000,
      "gross_profit": 555845000,
      "operating_income": -19037000,
      "net_income": -31858000,
      "opex": 574882000,
      "cogs": 526657000,
      "rd": 243652000,
      "sga": null,
      "fcf": 213343000,
      "ocf": 213343000,
      "capex": null,
      "gross_margin": 0.5134817302877962,
      "op_margin": -0.01758611069540749,
      "fcf_margin": 0.19708323864528657,
      "incr_op_margin_yoy": 2.744462573478465,
      "rev_growth_yoy": 0.043113009642875386,
      "rev_growth_yoy_accel": 0.002891026738658667,
      "op_leverage_ratio": Infinity,
      "fcf_margin_change": 0.015503562412059885
    },
    {
      "date": "2024-09-30T00:00:00",
      "quarter_label": "2024-09 (Q3)",
      "revenue": 1133649000,
      "gross_profit": 578629000,
      "operating_income": -4894000,
      "net_income": -9726000,
      "opex": 583523000,
      "cogs": 555020000,
      "rd": 260903000,
      "sga": null,
      "fcf": 204329000,
      "ocf": 204329000,
      "capex": null,
      "gross_margin": 0.5104128350133066,
      "op_margin": -0.004317032873490825,
      "fcf_margin": 0.18024009195085958,
      "incr_op_margin_yoy": 1.0403084647776033,
      "rev_growth_yoy": 0.09672235819942535,
      "rev_growth_yoy_accel": 0.05360934855654996,
      "op_leverage_ratio": 3.1434471545848766,
      "fcf_margin_change": -0.01684314669442699
    },
    {
      "date": "2024-12-31T00:00:00",
      "quarter_label": "2024-12 (Q4)",
      "revenue": 1194835000,
      "gross_profit": 599697000,
      "operating_income": 13727000,
      "net_income": -12470000,
      "opex": 585970000,
      "cogs": 595138000,
      "rd": 252577000,
      "sga": null,
      "fcf": 108446000,
      "ocf": 108446000,
      "capex": null,
      "gross_margin": 0.5019077948001188,
      "op_margin": 0.011488615582904753,
      "fcf_margin": 0.09076232283118589,
      "incr_op_margin_yoy": 3.158127602304748,
      "rev_growth_yoy": 0.11049305265114549,
      "rev_growth_yoy_accel": 0.013770694451720147,
      "op_leverage_ratio": 12.870560562534363,
      "fcf_margin_change": -0.08947776911967369
    },
    {
      "date": "2025-03-31T00:00:00",
      "quarter_label": "2025-03 (Q1)",
      "revenue": 1172463000,
      "gross_profit": 581567000,
      "operating_income": 23082000,
      "net_income": 20017000,
      "opex": 558485000,
      "cogs": 590896000,
      "rd": 254295000,
      "sga": null,
      "fcf": 191042000,
      "ocf": 191042000,
      "capex": null,
      "gross_margin": 0.4960216228571818,
      "op_margin": 0.019686761970313774,
      "fcf_margin": 0.16294074951618942,
      "incr_op_margin_yoy": 0.5309337947421718,
      "rev_growth_yoy": 0.11977747003485985,
      "rev_growth_yoy_accel": 0.009284417383714355,
      "fcf_margin_change": 0.07217842668500353
    },
    {
      "date": "2025-06-30T00:00:00",
      "quarter_label": "2025-06 (Q2)",
      "revenue": 1228425000,
      "gross_profit": 602740000,
      "operating_income": 36989000,
      "net_income": 22423000,
      "opex": 565751000,
      "cogs": 625685000,
      "rd": 243495000,
      "sga": null,
      "fcf": 277084000,
      "ocf": 277084000,
      "capex": null,
      "gross_margin": 0.49066080550298147,
      "op_margin": 0.030110914382237418,
      "fcf_margin": 0.22556037202108392,
      "incr_op_margin_yoy": 0.38394221610027207,
      "rev_growth_yoy": 0.13480159851898657,
      "rev_growth_yoy_accel": 0.015024128484126723,
      "op_leverage_ratio": 3.6686831110584794,
      "fcf_margin_change": 0.0626196225048945
    },
    {
      "date": "2025-09-30T00:00:00",
      "quarter_label": "2025-09 (Q3)",
      "revenue": 1300402000,
      "gross_profit": 632077000,
      "operating_income": 40948000,
      "net_income": 37248000,
      "opex": 591129000,
      "cogs": 668325000,
      "rd": 262311000,
      "sga": null,
      "fcf": 263563000,
      "ocf": 263563000,
      "capex": null,
      "gross_margin": 0.4860627713583953,
      "op_margin": 0.03148872425603775,
      "fcf_margin": 0.20267809492756855,
      "incr_op_margin_yoy": 0.27490959682884264,
      "rev_growth_yoy": 0.1470940299863538,
      "rev_growth_yoy_accel": 0.01229243146736722,
      "op_leverage_ratio": 1.3062100840569704,
      "fcf_margin_change": -0.02288227709351537
    }
  ],
  "signals": [
    {
      "quarter": "2025-09 (Q3)",
      "signal": "OP MARGIN TURNED POSITIVE (YoY)",
      "detail": "Op margin: -0.4% (year-ago) -> +3.1%",
      "severity": "HIGH"
    },
    {
      "quarter": "2025-06 (Q2)",
      "signal": "FCF MARGIN EXPANSION",
      "detail": "FCF margin: +16.3% -> +22.6% (+6.3%)",
      "severity": "MEDIUM"
    },
    {
      "quarter": "2025-06 (Q2)",
      "signal": "OPERATING LEVERAGE",
      "detail": "Rev growth +4.8% vs OpEx growth +1.3% (leverage: 3.7x)",
      "severity": "MEDIUM"
    },
    {
      "quarter": "2025-06 (Q2)",
      "signal": "OP MARGIN TURNED POSITIVE (YoY)",
      "detail": "Op margin: -1.8% (year-ago) -> +3.0%",
      "severity": "HIGH"
    },
    {
      "quarter": "2025-03 (Q1)",
      "signal": "FCF MARGIN EXPANSION",
      "detail": "FCF margin: +9.1% -> +16.3% (+7.2%)",
      "severity": "MEDIUM"
    },
    {
      "quarter": "2025-03 (Q1)",
      "signal": "OP MARGIN TURNED POSITIVE (YoY)",
      "detail": "Op margin: -4.2% (year-ago) -> +2.0%",
      "severity": "HIGH"
    },
    {
      "quarter": "2024-12 (Q4)",
      "signal": "OPERATING LEVERAGE",
      "detail": "Rev growth +5.4% vs OpEx growth +0.4% (leverage: 12.9x)",
      "severity": "MEDIUM"
    },
    {
      "quarter": "2024-12 (Q4)",
      "signal": "OP MARGIN TURNED POSITIVE (YoY)",
      "detail": "Op margin: -33.6% (year-ago) -> +1.1%",
      "severity": "HIGH"
    },
    {
      "quarter": "2024-12 (Q4)",
      "signal": "OP MARGIN TURNED POSITIVE (QoQ)",
      "detail": "Op margin: -0.4% -> +1.1%",
      "severity": "HIGH"
    },
    {
      "quarter": "2024-09 (Q3)",
      "signal": "OPERATING LEVERAGE",
      "detail": "Rev growth +4.7% vs OpEx growth +1.5% (leverage: 3.1x)",
      "severity": "MEDIUM"
    },
    {
      "quarter": "2024-09 (Q3)",
      "signal": "YoY REVENUE GROWTH ACCELERATION",
      "detail": "YoY growth: +9.7% vs prior quarter YoY: +4.3% (accel: +5.4%)",
      "severity": "MEDIUM"
    },
    {
      "quarter": "2024-03 (Q1)",
      "signal": "GROSS MARGIN INFLECTION",
      "detail": "GM: +50.0% -> +49.4% -> +52.0% (reversal +2.6%)",
      "severity": "MEDIUM"
    },
    {
      "quarter": "2023-09 (Q3)",
      "signal": "FCF MARGIN EXPANSION",
      "detail": "FCF margin: +8.1% -> +20.0% (+11.9%)",
      "severity": "MEDIUM"
    },
    {
      "quarter": "2023-06 (Q2)",
      "signal": "FCF TURNED POSITIVE",
      "detail": "FCF margin: -9.7% -> +8.1%",
      "severity": "HIGH"
    },
    {
      "quarter": "2023-03 (Q1)",
      "signal": "YoY REVENUE GROWTH DECELERATION",
      "detail": "YoY growth: +15.0% vs prior quarter YoY: +21.6% (decel: -6.6%)",
      "severity": "WARNING"
    },
    {
      "quarter": "2022-12 (Q4)",
      "signal": "FCF MARGIN EXPANSION",
      "detail": "FCF margin: -13.6% -> -5.7% (+7.9%)",
      "severity": "MEDIUM"
    },
    {
      "quarter": "2022-12 (Q4)",
      "signal": "YoY REVENUE GROWTH DECELERATION",
      "detail": "YoY growth: +21.6% vs prior quarter YoY: +32.8% (decel: -11.2%)",
      "severity": "WARNING"
    },
    {
      "quarter": "2022-09 (Q3)",
      "signal": "YoY REVENUE GROWTH DECELERATION",
      "detail": "YoY growth: +32.8% vs prior quarter YoY: +41.0% (decel: -8.2%)",
      "severity": "WARNING"
    },
    {
      "quarter": "2022-06 (Q2)",
      "signal": "YoY REVENUE GROWTH DECELERATION",
      "detail": "YoY growth: +41.0% vs prior quarter YoY: +48.4% (decel: -7.3%)",
      "severity": "WARNING"
    },
    {
      "quarter": "2022-03 (Q1)",
      "signal": "YoY REVENUE GROWTH DECELERATION",
      "detail": "YoY growth: +48.4% vs prior quarter YoY: +53.8% (decel: -5.4%)",
      "severity": "WARNING"
    },
    {
      "quarter": "2021-06 (Q2)",
      "signal": "FCF TURNED POSITIVE",
      "detail": "FCF margin: -0.1% -> +2.2%",
      "severity": "HIGH"
    },
    {
      "quarter": "2021-06 (Q2)",
      "signal": "OPERATING LEVERAGE",
      "detail": "Rev growth +13.4% vs OpEx growth +7.6% (leverage: 1.8x)",
      "severity": "MEDIUM"
    }
  ],
  "data_quality": {
    "n_quarters": 20,
    "coverage": {
      "revenue": [
        20,
        20
      ],
      "gross_profit": [
        20,
        20
      ],
      "op_income": [
        20,
        20
      ],
      "fcf": [
        20,
        20
      ]
    },
    "gaps": [],
    "warnings": []
  },
  "market_cap": null,
  "source": "SEC EDGAR",
  "last_updated": "2026-02-02T20:18:14.219829"
}