{
  "ticker": "TWST",
  "name": "Twist Bioscience Corporation",
  "quarters": [
    {
      "date": "2021-03-31T00:00:00",
      "quarter_label": "2021-03 (Q1)",
      "revenue": 31204000,
      "gross_profit": 12176000,
      "operating_income": -38004000,
      "net_income": -37919000,
      "opex": 69208000,
      "cogs": 19028000,
      "rd": 15791000,
      "sga": 34389000,
      "fcf": -32950000,
      "ocf": -24549000,
      "capex": -8401000,
      "gross_margin": 0.3902063837969491,
      "op_margin": -1.217920779387258,
      "fcf_margin": -1.0559543648250225
    },
    {
      "date": "2021-06-30T00:00:00",
      "quarter_label": "2021-06 (Q2)",
      "revenue": 35018000,
      "gross_profit": 14085000,
      "operating_income": -42118000,
      "net_income": -40037000,
      "opex": 77136000,
      "cogs": 20933000,
      "rd": 19838000,
      "sga": 34478000,
      "fcf": -34902000,
      "ocf": -27960000,
      "capex": -6942000,
      "gross_margin": 0.4022217145468045,
      "op_margin": -1.2027528699525958,
      "fcf_margin": -0.996687417899366,
      "op_leverage_ratio": 1.0669967018898843,
      "fcf_margin_change": 0.05926694692565648
    },
    {
      "date": "2021-09-30T00:00:00",
      "quarter_label": "2021-09 (Q3)",
      "revenue": 37951000,
      "gross_profit": 15454000,
      "operating_income": -39811000,
      "net_income": -41242000,
      "opex": 77762000,
      "cogs": 22497000,
      "rd": 19443000,
      "sga": 38243000,
      "fcf": -42892000,
      "ocf": -34803000,
      "capex": -8089000,
      "gross_margin": 0.40720929619772867,
      "op_margin": -1.0490105662564886,
      "fcf_margin": -1.1301941977813497,
      "op_leverage_ratio": 10.320565762892913,
      "fcf_margin_change": -0.13350677988198367
    },
    {
      "date": "2021-12-31T00:00:00",
      "quarter_label": "2021-12 (Q4)",
      "revenue": 42018000,
      "gross_profit": 14962000,
      "operating_income": -55940000,
      "net_income": -45563000,
      "opex": 97958000,
      "cogs": 27056000,
      "rd": 22630000,
      "sga": 51098000,
      "fcf": -59436000,
      "ocf": -46653000,
      "capex": -12783000,
      "gross_margin": 0.3560854871721643,
      "op_margin": -1.331334190109001,
      "fcf_margin": -1.4145366271597886,
      "op_leverage_ratio": 0.41262259719573874,
      "fcf_margin_change": -0.2843424293784389
    },
    {
      "date": "2022-03-31T00:00:00",
      "quarter_label": "2022-03 (Q1)",
      "revenue": 48127000,
      "gross_profit": 18413000,
      "operating_income": -60802000,
      "net_income": -60668000,
      "opex": 108929000,
      "cogs": 29714000,
      "rd": 31231000,
      "sga": 53998000,
      "fcf": -74310000,
      "ocf": -42340000,
      "capex": -31970000,
      "gross_margin": 0.38259189228499596,
      "op_margin": -1.2633656783094729,
      "fcf_margin": -1.544039728219087,
      "incr_op_margin_yoy": -1.3471606689121314,
      "rev_growth_yoy": 0.5423343161133188,
      "op_leverage_ratio": 1.2981606569479431,
      "fcf_margin_change": -0.1295031010592984
    },
    {
      "date": "2022-06-30T00:00:00",
      "quarter_label": "2022-06 (Q2)",
      "revenue": 56113000,
      "gross_profit": 25139000,
      "operating_income": -61163000,
      "net_income": -60517000,
      "opex": 117276000,
      "cogs": 30974000,
      "rd": 36840000,
      "sga": 53693000,
      "fcf": -74767000,
      "ocf": -34125000,
      "capex": -40642000,
      "gross_margin": 0.4480067007645287,
      "op_margin": -1.0899969703990162,
      "fcf_margin": -1.332436333826386,
      "incr_op_margin_yoy": -0.9028205735956388,
      "rev_growth_yoy": 0.6024044776971843,
      "rev_growth_yoy_accel": 0.06007016158386547,
      "op_leverage_ratio": 2.165477214206236,
      "fcf_margin_change": 0.21160339439270093
    },
    {
      "date": "2022-09-30T00:00:00",
      "quarter_label": "2022-09 (Q3)",
      "revenue": 57306000,
      "gross_profit": 25720000,
      "operating_income": -56871000,
      "net_income": -51115000,
      "opex": 114177000,
      "cogs": 31586000,
      "rd": 29606000,
      "sga": 54159000,
      "fcf": -17729000,
      "ocf": -1267000,
      "capex": -16462000,
      "gross_margin": 0.4488186228318152,
      "op_margin": -0.9924091718144696,
      "fcf_margin": -0.30937423655463653,
      "incr_op_margin_yoy": -0.8814259881167656,
      "rev_growth_yoy": 0.509999736502332,
      "rev_growth_yoy_accel": -0.09240474119485231,
      "op_leverage_ratio": null,
      "fcf_margin_change": 1.0230620972717495
    },
    {
      "date": "2022-12-31T00:00:00",
      "quarter_label": "2022-12 (Q4)",
      "revenue": 54243000,
      "gross_profit": 24801000,
      "operating_income": -44630000,
      "net_income": -41824000,
      "opex": 98873000,
      "cogs": 29442000,
      "rd": 31242000,
      "sga": 42324000,
      "fcf": -65894000,
      "ocf": -54070000,
      "capex": -11824000,
      "gross_margin": 0.45722028648857915,
      "op_margin": -0.8227789760890806,
      "fcf_margin": -1.2147926921446086,
      "incr_op_margin_yoy": 0.9251533742331288,
      "rev_growth_yoy": 0.290946737112666,
      "rev_growth_yoy_accel": -0.219052999389666,
      "fcf_margin_change": -0.905418455589972
    },
    {
      "date": "2023-03-31T00:00:00",
      "quarter_label": "2023-03 (Q1)",
      "revenue": 60180000,
      "gross_profit": 18511000,
      "operating_income": -61637000,
      "net_income": -59156000,
      "opex": 121817000,
      "cogs": 41669000,
      "rd": 27379000,
      "sga": 53965000,
      "fcf": -53341000,
      "ocf": -44288000,
      "capex": -9053000,
      "gross_margin": 0.30759388501163176,
      "op_margin": -1.0242107012296444,
      "fcf_margin": -0.8863575938850117,
      "incr_op_margin_yoy": -0.06927735833402472,
      "rev_growth_yoy": 0.25044154009184033,
      "rev_growth_yoy_accel": -0.04050519702082567,
      "op_leverage_ratio": 0.4716631267887409,
      "fcf_margin_change": 0.32843509825959694
    },
    {
      "date": "2023-06-30T00:00:00",
      "quarter_label": "2023-06 (Q2)",
      "revenue": 63740000,
      "gross_profit": 21895000,
      "operating_income": -60781000,
      "net_income": -57395000,
      "opex": 124521000,
      "cogs": 41845000,
      "rd": 24528000,
      "sga": 46057000,
      "fcf": -27921000,
      "ocf": -23412000,
      "capex": -4509000,
      "gross_margin": 0.34350486350800125,
      "op_margin": -0.9535770316912456,
      "fcf_margin": -0.4380451835582052,
      "incr_op_margin_yoy": 0.05008522354792186,
      "rev_growth_yoy": 0.1359221570759004,
      "rev_growth_yoy_accel": -0.11451938301593992,
      "op_leverage_ratio": 2.6650111303171355,
      "fcf_margin_change": 0.44831241032680647
    },
    {
      "date": "2023-09-30T00:00:00",
      "quarter_label": "2023-09 (Q3)",
      "revenue": 66946000,
      "gross_profit": 24522000,
      "operating_income": -50112000,
      "net_income": -46243000,
      "opex": 117058000,
      "cogs": 42424000,
      "rd": 23746000,
      "sga": 47391000,
      "fcf": -23097000,
      "ocf": -20704000,
      "capex": -2393000,
      "gross_margin": 0.3662952230155648,
      "op_margin": -0.7485436023063364,
      "fcf_margin": -0.3450094105697129,
      "incr_op_margin_yoy": 0.7011410788381742,
      "rev_growth_yoy": 0.16821973266324644,
      "rev_growth_yoy_accel": 0.03229757558734603,
      "op_leverage_ratio": null,
      "fcf_margin_change": 0.0930357729884923
    },
    {
      "date": "2023-12-31T00:00:00",
      "quarter_label": "2023-12 (Q4)",
      "revenue": 71498000,
      "gross_profit": 28962000,
      "operating_income": -46977000,
      "net_income": -43008000,
      "opex": 118475000,
      "cogs": 42536000,
      "rd": 23099000,
      "sga": 52840000,
      "fcf": -24479000,
      "ocf": -22973000,
      "capex": -1506000,
      "gross_margin": 0.40507426781168704,
      "op_margin": -0.6570393577442726,
      "fcf_margin": -0.3423732132367339,
      "incr_op_margin_yoy": -0.13601854534917415,
      "rev_growth_yoy": 0.31810556200800105,
      "rev_growth_yoy_accel": 0.1498858293447546,
      "op_leverage_ratio": 5.617057500140045,
      "fcf_margin_change": 0.0026361973329789845
    },
    {
      "date": "2024-03-31T00:00:00",
      "quarter_label": "2024-03 (Q1)",
      "revenue": 75302000,
      "gross_profit": 30882000,
      "operating_income": -48889000,
      "net_income": -45492000,
      "opex": 124191000,
      "cogs": 44420000,
      "rd": 24149000,
      "sga": 55622000,
      "fcf": -20026000,
      "ocf": -19423000,
      "capex": -603000,
      "gross_margin": 0.4101086292528751,
      "op_margin": -0.6492390640354838,
      "fcf_margin": -0.2659424716474994,
      "incr_op_margin_yoy": 0.8430101838381167,
      "rev_growth_yoy": 0.251279494848787,
      "rev_growth_yoy_accel": -0.06682606715921408,
      "op_leverage_ratio": 1.1027602723686516,
      "fcf_margin_change": 0.07643074158923452
    },
    {
      "date": "2024-06-30T00:00:00",
      "quarter_label": "2024-06 (Q2)",
      "revenue": 81464000,
      "gross_profit": 35271000,
      "operating_income": -88922000,
      "net_income": -85571000,
      "opex": 170386000,
      "cogs": 46193000,
      "rd": 22469000,
      "sga": 56794000,
      "fcf": -7343000,
      "ocf": -6378000,
      "capex": -965000,
      "gross_margin": 0.43296425414907197,
      "op_margin": -1.0915496415594619,
      "fcf_margin": -0.09013797505646666,
      "incr_op_margin_yoy": -1.587734145791018,
      "rev_growth_yoy": 0.27806714778788827,
      "rev_growth_yoy_accel": 0.026787652939101292,
      "op_leverage_ratio": 0.21999374634888302,
      "fcf_margin_change": 0.17580449659103276
    },
    {
      "date": "2024-09-30T00:00:00",
      "quarter_label": "2024-09 (Q3)",
      "revenue": 84710000,
      "gross_profit": 38233000,
      "operating_income": -36043000,
      "net_income": -34655000,
      "opex": 120753000,
      "cogs": 46477000,
      "rd": 21134000,
      "sga": 53142000,
      "fcf": -17322000,
      "ocf": -15320000,
      "capex": -2002000,
      "gross_margin": 0.4513398654232086,
      "op_margin": -0.425486955495219,
      "fcf_margin": -0.2044858930468658,
      "incr_op_margin_yoy": 0.7919950461607747,
      "rev_growth_yoy": 0.2653481910793774,
      "rev_growth_yoy_accel": -0.012718956708510865,
      "op_leverage_ratio": null,
      "fcf_margin_change": -0.11434791799039913
    },
    {
      "date": "2024-12-31T00:00:00",
      "quarter_label": "2024-12 (Q4)",
      "revenue": 88713000,
      "gross_profit": 42840000,
      "operating_income": -34644000,
      "net_income": -31594000,
      "opex": 123357000,
      "cogs": 45873000,
      "rd": 21307000,
      "sga": 56177000,
      "fcf": -23696000,
      "ocf": -21428000,
      "capex": -2268000,
      "gross_margin": 0.4829055493557878,
      "op_margin": -0.3905177369720334,
      "fcf_margin": -0.2671085410255543,
      "incr_op_margin_yoy": 0.7164101074644206,
      "rev_growth_yoy": 0.24077596576128005,
      "rev_growth_yoy_accel": -0.024572225318097357,
      "op_leverage_ratio": 2.1913303697570514,
      "fcf_margin_change": -0.06262264797868852
    },
    {
      "date": "2025-03-31T00:00:00",
      "quarter_label": "2025-03 (Q1)",
      "revenue": 92793000,
      "gross_profit": 46028000,
      "operating_income": -41560000,
      "net_income": -39328000,
      "opex": 134353000,
      "cogs": 46765000,
      "rd": 23917000,
      "sga": 63671000,
      "fcf": -17130000,
      "ocf": -12986000,
      "capex": -4144000,
      "gross_margin": 0.4960287952755057,
      "op_margin": -0.4478786115331975,
      "fcf_margin": -0.18460444214542046,
      "incr_op_margin_yoy": 0.41901549368246527,
      "rev_growth_yoy": 0.23227802714403337,
      "rev_growth_yoy_accel": -0.008497938617246681,
      "op_leverage_ratio": 0.5159432854534282,
      "fcf_margin_change": 0.08250409888013385
    },
    {
      "date": "2025-06-30T00:00:00",
      "quarter_label": "2025-06 (Q2)",
      "revenue": 96057000,
      "gross_profit": 51297000,
      "operating_income": -30120000,
      "net_income": 20390000,
      "opex": 126177000,
      "cogs": 44760000,
      "rd": 18047000,
      "sga": 63370000,
      "fcf": -10565000,
      "ocf": -1400000,
      "capex": -9165000,
      "gross_margin": 0.5340266716636997,
      "op_margin": -0.31356382148099565,
      "fcf_margin": -0.10998677868349001,
      "incr_op_margin_yoy": 4.029466182416227,
      "rev_growth_yoy": 0.17913434154964156,
      "rev_growth_yoy_accel": -0.05314368559439181,
      "op_leverage_ratio": null,
      "fcf_margin_change": 0.07461766346193045
    },
    {
      "date": "2025-09-30T00:00:00",
      "quarter_label": "2025-09 (Q3)",
      "revenue": 99009000,
      "gross_profit": 50837000,
      "operating_income": -29934000,
      "net_income": -27138000,
      "opex": 128943000,
      "cogs": 48172000,
      "rd": 17014000,
      "sga": 63757000,
      "fcf": -24241000,
      "ocf": -11814000,
      "capex": -12427000,
      "gross_margin": 0.5134583724711895,
      "op_margin": -0.30233615125897645,
      "fcf_margin": -0.24483632801058489,
      "incr_op_margin_yoy": 0.4272326736135394,
      "rev_growth_yoy": 0.1687994333608783,
      "rev_growth_yoy_accel": -0.010334908188763259,
      "op_leverage_ratio": 1.4018945773723424,
      "fcf_margin_change": -0.13484954932709486
    },
    {
      "date": "2025-12-31T00:00:00",
      "quarter_label": "2025-12 (Q4)",
      "revenue": 103698000,
      "gross_profit": 53972000,
      "operating_income": -32900000,
      "net_income": -30507000,
      "opex": 136598000,
      "cogs": 49726000,
      "rd": 17130000,
      "sga": 69742000,
      "fcf": -34788000,
      "ocf": -24814000,
      "capex": -9974000,
      "gross_margin": 0.5204729117244306,
      "op_margin": -0.31726744970973403,
      "fcf_margin": -0.33547416536480934,
      "incr_op_margin_yoy": 0.11638304971638305,
      "rev_growth_yoy": 0.16891549152886273,
      "rev_growth_yoy_accel": 0.00011605816798443414,
      "op_leverage_ratio": 0.7977340579037676,
      "fcf_margin_change": -0.09063783735422445
    }
  ],
  "signals": [
    {
      "quarter": "2025-06 (Q2)",
      "signal": "FCF MARGIN EXPANSION",
      "detail": "FCF margin: -18.5% -> -11.0% (+7.5%)",
      "severity": "MEDIUM"
    },
    {
      "quarter": "2025-06 (Q2)",
      "signal": "YoY REVENUE GROWTH DECELERATION",
      "detail": "YoY growth: +17.9% vs prior quarter YoY: +23.2% (decel: -5.3%)",
      "severity": "WARNING"
    },
    {
      "quarter": "2025-03 (Q1)",
      "signal": "FCF MARGIN EXPANSION",
      "detail": "FCF margin: -26.7% -> -18.5% (+8.3%)",
      "severity": "MEDIUM"
    },
    {
      "quarter": "2024-12 (Q4)",
      "signal": "OPERATING LEVERAGE",
      "detail": "Rev growth +4.7% vs OpEx growth +2.2% (leverage: 2.2x)",
      "severity": "MEDIUM"
    },
    {
      "quarter": "2024-06 (Q2)",
      "signal": "FCF MARGIN EXPANSION",
      "detail": "FCF margin: -26.6% -> -9.0% (+17.6%)",
      "severity": "MEDIUM"
    },
    {
      "quarter": "2024-03 (Q1)",
      "signal": "FCF MARGIN EXPANSION",
      "detail": "FCF margin: -34.2% -> -26.6% (+7.6%)",
      "severity": "MEDIUM"
    },
    {
      "quarter": "2024-03 (Q1)",
      "signal": "YoY REVENUE GROWTH DECELERATION",
      "detail": "YoY growth: +25.1% vs prior quarter YoY: +31.8% (decel: -6.7%)",
      "severity": "WARNING"
    },
    {
      "quarter": "2023-12 (Q4)",
      "signal": "OPERATING LEVERAGE",
      "detail": "Rev growth +6.8% vs OpEx growth +1.2% (leverage: 5.6x)",
      "severity": "MEDIUM"
    },
    {
      "quarter": "2023-12 (Q4)",
      "signal": "YoY REVENUE GROWTH ACCELERATION",
      "detail": "YoY growth: +31.8% vs prior quarter YoY: +16.8% (accel: +15.0%)",
      "severity": "MEDIUM"
    },
    {
      "quarter": "2023-09 (Q3)",
      "signal": "FCF MARGIN EXPANSION",
      "detail": "FCF margin: -43.8% -> -34.5% (+9.3%)",
      "severity": "MEDIUM"
    },
    {
      "quarter": "2023-06 (Q2)",
      "signal": "FCF MARGIN EXPANSION",
      "detail": "FCF margin: -88.6% -> -43.8% (+44.8%)",
      "severity": "MEDIUM"
    },
    {
      "quarter": "2023-06 (Q2)",
      "signal": "OPERATING LEVERAGE",
      "detail": "Rev growth +5.9% vs OpEx growth +2.2% (leverage: 2.7x)",
      "severity": "MEDIUM"
    },
    {
      "quarter": "2023-06 (Q2)",
      "signal": "GROSS MARGIN INFLECTION",
      "detail": "GM: +45.7% -> +30.8% -> +34.4% (reversal +3.6%)",
      "severity": "MEDIUM"
    },
    {
      "quarter": "2023-06 (Q2)",
      "signal": "YoY REVENUE GROWTH DECELERATION",
      "detail": "YoY growth: +13.6% vs prior quarter YoY: +25.0% (decel: -11.5%)",
      "severity": "WARNING"
    },
    {
      "quarter": "2023-03 (Q1)",
      "signal": "FCF MARGIN EXPANSION",
      "detail": "FCF margin: -121.5% -> -88.6% (+32.8%)",
      "severity": "MEDIUM"
    },
    {
      "quarter": "2022-12 (Q4)",
      "signal": "YoY REVENUE GROWTH DECELERATION",
      "detail": "YoY growth: +29.1% vs prior quarter YoY: +51.0% (decel: -21.9%)",
      "severity": "WARNING"
    },
    {
      "quarter": "2022-09 (Q3)",
      "signal": "FCF MARGIN EXPANSION",
      "detail": "FCF margin: -133.2% -> -30.9% (+102.3%)",
      "severity": "MEDIUM"
    },
    {
      "quarter": "2022-09 (Q3)",
      "signal": "YoY REVENUE GROWTH DECELERATION",
      "detail": "YoY growth: +51.0% vs prior quarter YoY: +60.2% (decel: -9.2%)",
      "severity": "WARNING"
    },
    {
      "quarter": "2022-06 (Q2)",
      "signal": "FCF MARGIN EXPANSION",
      "detail": "FCF margin: -154.4% -> -133.2% (+21.2%)",
      "severity": "MEDIUM"
    },
    {
      "quarter": "2022-06 (Q2)",
      "signal": "OPERATING LEVERAGE",
      "detail": "Rev growth +16.6% vs OpEx growth +7.7% (leverage: 2.2x)",
      "severity": "MEDIUM"
    },
    {
      "quarter": "2022-06 (Q2)",
      "signal": "YoY REVENUE GROWTH ACCELERATION",
      "detail": "YoY growth: +60.2% vs prior quarter YoY: +54.2% (accel: +6.0%)",
      "severity": "MEDIUM"
    },
    {
      "quarter": "2022-03 (Q1)",
      "signal": "GROSS MARGIN INFLECTION",
      "detail": "GM: +40.7% -> +35.6% -> +38.3% (reversal +2.7%)",
      "severity": "MEDIUM"
    },
    {
      "quarter": "2021-09 (Q3)",
      "signal": "OPERATING LEVERAGE",
      "detail": "Rev growth +8.4% vs OpEx growth +0.8% (leverage: 10.3x)",
      "severity": "MEDIUM"
    },
    {
      "quarter": "2021-06 (Q2)",
      "signal": "FCF MARGIN EXPANSION",
      "detail": "FCF margin: -105.6% -> -99.7% (+5.9%)",
      "severity": "MEDIUM"
    }
  ],
  "data_quality": {
    "n_quarters": 20,
    "coverage": {
      "revenue": [
        20,
        20
      ],
      "gross_profit": [
        20,
        20
      ],
      "op_income": [
        20,
        20
      ],
      "fcf": [
        20,
        20
      ]
    },
    "gaps": [],
    "warnings": []
  },
  "market_cap": null,
  "source": "SEC EDGAR",
  "last_updated": "2026-02-03T18:26:25.253801"
}