{
  "ticker": "TXG",
  "name": "10x Genomics, Inc.",
  "quarters": [
    {
      "date": "2020-12-31T00:00:00",
      "quarter_label": "2020-12 (Q4)",
      "revenue": 112218000,
      "gross_profit": 93321000,
      "operating_income": -409583000,
      "net_income": -415573000,
      "opex": 502904000,
      "cogs": 18897000,
      "rd": null,
      "sga": 55974000,
      "fcf": -151514000,
      "ocf": -130175000,
      "capex": -21339000,
      "gross_margin": 0.8316045554189168,
      "op_margin": -3.64988682742519,
      "fcf_margin": -1.3501755511593505
    },
    {
      "date": "2021-03-31T00:00:00",
      "quarter_label": "2021-03 (Q1)",
      "revenue": 105821000,
      "gross_profit": 88761000,
      "operating_income": -10216000,
      "net_income": -11551000,
      "opex": 98977000,
      "cogs": 17060000,
      "rd": null,
      "sga": 56904000,
      "fcf": -42947000,
      "ocf": -4082000,
      "capex": -38865000,
      "gross_margin": 0.8387843622721388,
      "op_margin": -0.09654038423375322,
      "fcf_margin": -0.4058457206036609,
      "fcf_margin_change": 0.9443298305556895
    },
    {
      "date": "2021-06-30T00:00:00",
      "quarter_label": "2021-06 (Q2)",
      "revenue": 115842000,
      "gross_profit": 110927000,
      "operating_income": -10328000,
      "net_income": -11052000,
      "opex": 121255000,
      "cogs": 4915000,
      "rd": null,
      "sga": 68703000,
      "fcf": -11448000,
      "ocf": 3120000,
      "capex": -14568000,
      "gross_margin": 0.9575715198287322,
      "op_margin": -0.08915591926934963,
      "fcf_margin": -0.09882426063085928,
      "op_leverage_ratio": 0.4207240005716646,
      "fcf_margin_change": 0.3070214599728016
    },
    {
      "date": "2021-09-30T00:00:00",
      "quarter_label": "2021-09 (Q3)",
      "revenue": 125297000,
      "gross_profit": 100779000,
      "operating_income": -15879000,
      "net_income": -17171000,
      "opex": 116658000,
      "cogs": 24518000,
      "rd": null,
      "sga": 62076000,
      "fcf": -46443000,
      "ocf": -26216000,
      "capex": -20227000,
      "gross_margin": 0.8043209334620941,
      "op_margin": -0.12673088741151026,
      "fcf_margin": -0.3706633039897204,
      "op_leverage_ratio": Infinity,
      "fcf_margin_change": -0.2718390433588611
    },
    {
      "date": "2021-12-31T00:00:00",
      "quarter_label": "2021-12 (Q4)",
      "revenue": 143530000,
      "gross_profit": 115932000,
      "operating_income": -15830000,
      "net_income": -18449000,
      "opex": 131762000,
      "cogs": 27598000,
      "rd": null,
      "sga": 69877000,
      "fcf": -21813000,
      "ocf": 5805000,
      "capex": -27618000,
      "gross_margin": 0.8077196404932767,
      "op_margin": -0.11029053159618198,
      "fcf_margin": -0.15197519682296384,
      "incr_op_margin_yoy": 12.575146908533469,
      "rev_growth_yoy": 0.2790283198773815,
      "op_leverage_ratio": 1.1239319286274116,
      "fcf_margin_change": 0.21868810716675657
    },
    {
      "date": "2022-03-31T00:00:00",
      "quarter_label": "2022-03 (Q1)",
      "revenue": 114496000,
      "gross_profit": 89018000,
      "operating_income": -41735000,
      "net_income": -42413000,
      "opex": 130753000,
      "cogs": 25478000,
      "rd": null,
      "sga": 66675000,
      "fcf": -48938000,
      "ocf": -20802000,
      "capex": -28136000,
      "gross_margin": 0.7774769424259362,
      "op_margin": -0.36451055058692006,
      "fcf_margin": -0.4274210452766909,
      "incr_op_margin_yoy": -3.633314121037464,
      "rev_growth_yoy": 0.08197805728541593,
      "rev_growth_yoy_accel": -0.1970502625919656,
      "fcf_margin_change": -0.27544584845372705
    },
    {
      "date": "2022-06-30T00:00:00",
      "quarter_label": "2022-06 (Q2)",
      "revenue": 114609000,
      "gross_profit": 86905000,
      "operating_income": -63117000,
      "net_income": -64458000,
      "opex": 150022000,
      "cogs": 27704000,
      "rd": null,
      "sga": 79337000,
      "fcf": -44182000,
      "ocf": -16963000,
      "capex": -27219000,
      "gross_margin": 0.7582737830362363,
      "op_margin": -0.5507159123629034,
      "fcf_margin": -0.38550201118585803,
      "incr_op_margin_yoy": 42.81346309813463,
      "rev_growth_yoy": -0.010643807945304812,
      "rev_growth_yoy_accel": -0.09262186523072075,
      "fcf_margin_change": 0.04191903409083286
    },
    {
      "date": "2022-09-30T00:00:00",
      "quarter_label": "2022-09 (Q3)",
      "revenue": 131072000,
      "gross_profit": 100695000,
      "operating_income": -39996000,
      "net_income": -41914000,
      "opex": 140691000,
      "cogs": 30377000,
      "rd": null,
      "sga": 73401000,
      "fcf": -46136000,
      "ocf": -9564000,
      "capex": -36572000,
      "gross_margin": 0.7682418823242188,
      "op_margin": -0.305145263671875,
      "fcf_margin": -0.35198974609375,
      "incr_op_margin_yoy": -4.176103896103896,
      "rev_growth_yoy": 0.046090488998140416,
      "rev_growth_yoy_accel": 0.05673429694344523,
      "op_leverage_ratio": Infinity,
      "fcf_margin_change": 0.03351226509210803
    },
    {
      "date": "2022-12-31T00:00:00",
      "quarter_label": "2022-12 (Q4)",
      "revenue": 156232000,
      "gross_profit": 119405000,
      "operating_income": -23096000,
      "net_income": -17215000,
      "opex": 142501000,
      "cogs": 36827000,
      "rd": null,
      "sga": 78887000,
      "fcf": -26011000,
      "ocf": 13723000,
      "capex": -39734000,
      "gross_margin": 0.7642800450611911,
      "op_margin": -0.1478314301807568,
      "fcf_margin": -0.16648957959956986,
      "incr_op_margin_yoy": -0.5720358998582901,
      "rev_growth_yoy": 0.08849717829025291,
      "rev_growth_yoy_accel": 0.0424066892921125,
      "op_leverage_ratio": 14.920674360918078,
      "fcf_margin_change": 0.18550016649418014
    },
    {
      "date": "2023-03-31T00:00:00",
      "quarter_label": "2023-03 (Q1)",
      "revenue": 134285000,
      "gross_profit": 98390000,
      "operating_income": -51988000,
      "net_income": -50747000,
      "opex": 150378000,
      "cogs": 35895000,
      "rd": null,
      "sga": 83280000,
      "fcf": -8684000,
      "ocf": -4125000,
      "capex": -4559000,
      "gross_margin": 0.7326953866775887,
      "op_margin": -0.3871467401422348,
      "fcf_margin": -0.06466842908738876,
      "incr_op_margin_yoy": -0.5181161251200161,
      "rev_growth_yoy": 0.1728357322526551,
      "rev_growth_yoy_accel": 0.0843385539624022,
      "fcf_margin_change": 0.1018211505121811
    },
    {
      "date": "2023-06-30T00:00:00",
      "quarter_label": "2023-06 (Q2)",
      "revenue": 146819000,
      "gross_profit": 99612000,
      "operating_income": -63358000,
      "net_income": -62414000,
      "opex": 162970000,
      "cogs": 47207000,
      "rd": null,
      "sga": 91510000,
      "fcf": -36882000,
      "ocf": -11526000,
      "capex": -25356000,
      "gross_margin": 0.6784680456889095,
      "op_margin": -0.43153815241896487,
      "fcf_margin": -0.25120726881398187,
      "incr_op_margin_yoy": -0.007482148401117665,
      "rev_growth_yoy": 0.2810425010252249,
      "rev_growth_yoy_accel": 0.10820676877256977,
      "op_leverage_ratio": 1.1146840229955264,
      "fcf_margin_change": -0.1865388397265931
    },
    {
      "date": "2023-09-30T00:00:00",
      "quarter_label": "2023-09 (Q3)",
      "revenue": 153644000,
      "gross_profit": 95529000,
      "operating_income": -94795000,
      "net_income": -92986000,
      "opex": 190324000,
      "cogs": 58115000,
      "rd": null,
      "sga": 82415000,
      "fcf": -40540000,
      "ocf": -25304000,
      "capex": -15236000,
      "gross_margin": 0.6217554867095363,
      "op_margin": -0.6169782093671083,
      "fcf_margin": -0.2638567077139361,
      "incr_op_margin_yoy": -2.4277423356370726,
      "rev_growth_yoy": 0.172210693359375,
      "rev_growth_yoy_accel": -0.10883180766584988,
      "op_leverage_ratio": 0.2769537289641823,
      "fcf_margin_change": -0.012649438899954235
    },
    {
      "date": "2023-12-31T00:00:00",
      "quarter_label": "2023-12 (Q4)",
      "revenue": 183979000,
      "gross_profit": 115782000,
      "operating_income": -55188000,
      "net_income": -48952000,
      "opex": 170970000,
      "cogs": 68197000,
      "rd": null,
      "sga": 86125000,
      "fcf": 22308000,
      "ocf": 25758000,
      "capex": -3450000,
      "gross_margin": 0.6293218247734795,
      "op_margin": -0.2999690182031645,
      "fcf_margin": 0.1212529690888634,
      "incr_op_margin_yoy": -1.1565935056042094,
      "rev_growth_yoy": 0.17760125966511342,
      "rev_growth_yoy_accel": 0.00539056630573842,
      "op_leverage_ratio": Infinity,
      "fcf_margin_change": 0.3851096768027995
    },
    {
      "date": "2024-03-31T00:00:00",
      "quarter_label": "2024-03 (Q1)",
      "revenue": 141006000,
      "gross_profit": 92914000,
      "operating_income": -61498000,
      "net_income": -59949000,
      "opex": 154412000,
      "cogs": 48092000,
      "rd": null,
      "sga": 85774000,
      "fcf": -18635000,
      "ocf": -15725000,
      "capex": -2910000,
      "gross_margin": 0.6589364991560642,
      "op_margin": -0.4361374693275463,
      "fcf_margin": -0.13215749684410594,
      "incr_op_margin_yoy": -1.4149680107126916,
      "rev_growth_yoy": 0.050050266224820346,
      "rev_growth_yoy_accel": -0.12755099344029308,
      "fcf_margin_change": -0.25341046593296934
    },
    {
      "date": "2024-06-30T00:00:00",
      "quarter_label": "2024-06 (Q2)",
      "revenue": 153104000,
      "gross_profit": 104220000,
      "operating_income": -41737000,
      "net_income": -37897000,
      "opex": 145957000,
      "cogs": 48884000,
      "rd": null,
      "sga": 83039000,
      "fcf": 4618000,
      "ocf": 7496000,
      "capex": -2878000,
      "gross_margin": 0.6807137631936462,
      "op_margin": -0.27260554916919216,
      "fcf_margin": 0.030162503918904796,
      "incr_op_margin_yoy": 3.440095465393795,
      "rev_growth_yoy": 0.04280781097814316,
      "rev_growth_yoy_accel": -0.007242455246677187,
      "op_leverage_ratio": Infinity,
      "fcf_margin_change": 0.16232000076301073
    },
    {
      "date": "2024-09-30T00:00:00",
      "quarter_label": "2024-09 (Q3)",
      "revenue": 151654000,
      "gross_profit": 106393000,
      "operating_income": -41485000,
      "net_income": -35753000,
      "opex": 147878000,
      "cogs": 45261000,
      "rd": null,
      "sga": 81704000,
      "fcf": 17752000,
      "ocf": 21641000,
      "capex": -3889000,
      "gross_margin": 0.7015508987563797,
      "op_margin": -0.2735503184881375,
      "fcf_margin": 0.11705592994579767,
      "incr_op_margin_yoy": -26.78894472361809,
      "rev_growth_yoy": -0.012952018952904116,
      "rev_growth_yoy_accel": -0.05575982993104728,
      "fcf_margin_change": 0.08689342602689287
    },
    {
      "date": "2024-12-31T00:00:00",
      "quarter_label": "2024-12 (Q4)",
      "revenue": 165021000,
      "gross_profit": 110955000,
      "operating_income": -49839000,
      "net_income": -49028000,
      "opex": 160794000,
      "cogs": 54066000,
      "rd": null,
      "sga": 93826000,
      "fcf": -9464000,
      "ocf": -6748000,
      "capex": -2716000,
      "gross_margin": 0.6723689712218445,
      "op_margin": -0.3020161070409221,
      "fcf_margin": -0.05735027663145903,
      "incr_op_margin_yoy": -0.28215001582445404,
      "rev_growth_yoy": -0.10304436919431022,
      "rev_growth_yoy_accel": -0.0900923502414061,
      "op_leverage_ratio": 1.0091497345081653,
      "fcf_margin_change": -0.1744062065772567
    },
    {
      "date": "2025-03-31T00:00:00",
      "quarter_label": "2025-03 (Q1)",
      "revenue": 154883000,
      "gross_profit": 105445000,
      "operating_income": -39328000,
      "net_income": -34358000,
      "opex": 144773000,
      "cogs": 49438000,
      "rd": null,
      "sga": 89728000,
      "fcf": 32458000,
      "ocf": 34351000,
      "capex": -1893000,
      "gross_margin": 0.6808042199595824,
      "op_margin": -0.25392070143269435,
      "fcf_margin": 0.20956463911468656,
      "incr_op_margin_yoy": 1.5976075520645672,
      "rev_growth_yoy": 0.0984142518758067,
      "rev_growth_yoy_accel": 0.20145862107011692,
      "fcf_margin_change": 0.26691491574614556
    },
    {
      "date": "2025-06-30T00:00:00",
      "quarter_label": "2025-06 (Q2)",
      "revenue": 172908000,
      "gross_profit": 125084000,
      "operating_income": 30126000,
      "net_income": 34538000,
      "opex": 94958000,
      "cogs": 47824000,
      "rd": null,
      "sga": 74434000,
      "fcf": 16130000,
      "ocf": 17708000,
      "capex": -1578000,
      "gross_margin": 0.7234136072362181,
      "op_margin": 0.17423138316330072,
      "fcf_margin": 0.09328660328035718,
      "incr_op_margin_yoy": 3.628711371440113,
      "rev_growth_yoy": 0.1293499843243808,
      "rev_growth_yoy_accel": 0.030935732448574102,
      "op_leverage_ratio": Infinity,
      "fcf_margin_change": -0.11627803583432939
    },
    {
      "date": "2025-09-30T00:00:00",
      "quarter_label": "2025-09 (Q3)",
      "revenue": 149002000,
      "gross_profit": 100307000,
      "operating_income": -32242000,
      "net_income": -27472000,
      "opex": 132549000,
      "cogs": 48695000,
      "rd": null,
      "sga": 75355000,
      "fcf": 42527000,
      "ocf": 43214000,
      "capex": -687000,
      "gross_margin": 0.6731923061435418,
      "op_margin": -0.2163863572301043,
      "fcf_margin": 0.28541227634528393,
      "incr_op_margin_yoy": -3.485294117647059,
      "rev_growth_yoy": -0.0174871747530563,
      "rev_growth_yoy_accel": -0.1468371590774371,
      "fcf_margin_change": 0.19212567306492676
    }
  ],
  "signals": [
    {
      "quarter": "2025-09 (Q3)",
      "signal": "FCF MARGIN EXPANSION",
      "detail": "FCF margin: +9.3% -> +28.5% (+19.2%)",
      "severity": "MEDIUM"
    },
    {
      "quarter": "2025-09 (Q3)",
      "signal": "YoY REVENUE GROWTH DECELERATION",
      "detail": "YoY growth: -1.7% vs prior quarter YoY: +12.9% (decel: -14.7%)",
      "severity": "WARNING"
    },
    {
      "quarter": "2025-06 (Q2)",
      "signal": "OP MARGIN TURNED POSITIVE (YoY)",
      "detail": "Op margin: -27.3% (year-ago) -> +17.4%",
      "severity": "HIGH"
    },
    {
      "quarter": "2025-06 (Q2)",
      "signal": "OP MARGIN TURNED POSITIVE (QoQ)",
      "detail": "Op margin: -25.4% -> +17.4%",
      "severity": "HIGH"
    },
    {
      "quarter": "2025-03 (Q1)",
      "signal": "FCF TURNED POSITIVE",
      "detail": "FCF margin: -5.7% -> +21.0%",
      "severity": "HIGH"
    },
    {
      "quarter": "2025-03 (Q1)",
      "signal": "YoY REVENUE GROWTH ACCELERATION",
      "detail": "YoY growth: +9.8% vs prior quarter YoY: -10.3% (accel: +20.1%)",
      "severity": "HIGH"
    },
    {
      "quarter": "2024-12 (Q4)",
      "signal": "YoY REVENUE GROWTH DECELERATION",
      "detail": "YoY growth: -10.3% vs prior quarter YoY: -1.3% (decel: -9.0%)",
      "severity": "WARNING"
    },
    {
      "quarter": "2024-09 (Q3)",
      "signal": "FCF MARGIN EXPANSION",
      "detail": "FCF margin: +3.0% -> +11.7% (+8.7%)",
      "severity": "MEDIUM"
    },
    {
      "quarter": "2024-09 (Q3)",
      "signal": "YoY REVENUE GROWTH DECELERATION",
      "detail": "YoY growth: -1.3% vs prior quarter YoY: +4.3% (decel: -5.6%)",
      "severity": "WARNING"
    },
    {
      "quarter": "2024-06 (Q2)",
      "signal": "FCF TURNED POSITIVE",
      "detail": "FCF margin: -13.2% -> +3.0%",
      "severity": "HIGH"
    },
    {
      "quarter": "2024-03 (Q1)",
      "signal": "YoY REVENUE GROWTH DECELERATION",
      "detail": "YoY growth: +5.0% vs prior quarter YoY: +17.8% (decel: -12.8%)",
      "severity": "WARNING"
    },
    {
      "quarter": "2023-12 (Q4)",
      "signal": "FCF TURNED POSITIVE",
      "detail": "FCF margin: -26.4% -> +12.1%",
      "severity": "HIGH"
    },
    {
      "quarter": "2023-09 (Q3)",
      "signal": "YoY REVENUE GROWTH DECELERATION",
      "detail": "YoY growth: +17.2% vs prior quarter YoY: +28.1% (decel: -10.9%)",
      "severity": "WARNING"
    },
    {
      "quarter": "2023-06 (Q2)",
      "signal": "YoY REVENUE GROWTH ACCELERATION",
      "detail": "YoY growth: +28.1% vs prior quarter YoY: +17.3% (accel: +10.8%)",
      "severity": "MEDIUM"
    },
    {
      "quarter": "2023-03 (Q1)",
      "signal": "FCF MARGIN EXPANSION",
      "detail": "FCF margin: -16.6% -> -6.5% (+10.2%)",
      "severity": "MEDIUM"
    },
    {
      "quarter": "2023-03 (Q1)",
      "signal": "YoY REVENUE GROWTH ACCELERATION",
      "detail": "YoY growth: +17.3% vs prior quarter YoY: +8.8% (accel: +8.4%)",
      "severity": "MEDIUM"
    },
    {
      "quarter": "2022-12 (Q4)",
      "signal": "FCF MARGIN EXPANSION",
      "detail": "FCF margin: -35.2% -> -16.6% (+18.6%)",
      "severity": "MEDIUM"
    },
    {
      "quarter": "2022-12 (Q4)",
      "signal": "OPERATING LEVERAGE",
      "detail": "Rev growth +19.2% vs OpEx growth +1.3% (leverage: 14.9x)",
      "severity": "MEDIUM"
    },
    {
      "quarter": "2022-09 (Q3)",
      "signal": "YoY REVENUE GROWTH ACCELERATION",
      "detail": "YoY growth: +4.6% vs prior quarter YoY: -1.1% (accel: +5.7%)",
      "severity": "MEDIUM"
    },
    {
      "quarter": "2022-06 (Q2)",
      "signal": "YoY REVENUE GROWTH DECELERATION",
      "detail": "YoY growth: -1.1% vs prior quarter YoY: +8.2% (decel: -9.3%)",
      "severity": "WARNING"
    },
    {
      "quarter": "2022-03 (Q1)",
      "signal": "YoY REVENUE GROWTH DECELERATION",
      "detail": "YoY growth: +8.2% vs prior quarter YoY: +27.9% (decel: -19.7%)",
      "severity": "WARNING"
    },
    {
      "quarter": "2021-12 (Q4)",
      "signal": "FCF MARGIN EXPANSION",
      "detail": "FCF margin: -37.1% -> -15.2% (+21.9%)",
      "severity": "MEDIUM"
    },
    {
      "quarter": "2021-06 (Q2)",
      "signal": "FCF MARGIN EXPANSION",
      "detail": "FCF margin: -40.6% -> -9.9% (+30.7%)",
      "severity": "MEDIUM"
    },
    {
      "quarter": "2021-03 (Q1)",
      "signal": "FCF MARGIN EXPANSION",
      "detail": "FCF margin: -135.0% -> -40.6% (+94.4%)",
      "severity": "MEDIUM"
    }
  ],
  "data_quality": {
    "n_quarters": 20,
    "coverage": {
      "revenue": [
        20,
        20
      ],
      "gross_profit": [
        20,
        20
      ],
      "op_income": [
        20,
        20
      ],
      "fcf": [
        20,
        20
      ]
    },
    "gaps": [],
    "warnings": []
  },
  "market_cap": null,
  "source": "SEC EDGAR",
  "last_updated": "2026-02-02T21:26:20.393349"
}