{
  "ticker": "TXN",
  "name": "TEXAS INSTRUMENTS INCORPORATED",
  "quarters": [
    {
      "date": "2020-12-31T00:00:00",
      "quarter_label": "2020-12 (Q4)",
      "revenue": 4076000000,
      "gross_profit": 2646000000,
      "operating_income": 1813000000,
      "net_income": 1688000000,
      "opex": 833000000,
      "cogs": 1430000000,
      "rd": 388000000,
      "sga": 398000000,
      "fcf": 1913000000,
      "ocf": 2125000000,
      "capex": -212000000,
      "gross_margin": 0.6491658488714426,
      "op_margin": 0.44479882237487733,
      "fcf_margin": 0.4693326790971541
    },
    {
      "date": "2021-03-31T00:00:00",
      "quarter_label": "2021-03 (Q1)",
      "revenue": 4289000000,
      "gross_profit": 2797000000,
      "operating_income": 1939000000,
      "net_income": 1753000000,
      "opex": 858000000,
      "cogs": 1492000000,
      "rd": 386000000,
      "sga": 425000000,
      "fcf": 1542000000,
      "ocf": 1850000000,
      "capex": -308000000,
      "gross_margin": 0.6521333644206109,
      "op_margin": 0.4520867335043134,
      "fcf_margin": 0.35952436465376547,
      "op_leverage_ratio": 1.7412070657507361,
      "fcf_margin_change": -0.10980831444338862
    },
    {
      "date": "2021-06-30T00:00:00",
      "quarter_label": "2021-06 (Q2)",
      "revenue": 4580000000,
      "gross_profit": 3077000000,
      "operating_income": 2213000000,
      "net_income": 1931000000,
      "opex": 864000000,
      "cogs": 1503000000,
      "rd": 391000000,
      "sga": 425000000,
      "fcf": 1735000000,
      "ocf": 2121000000,
      "capex": -386000000,
      "gross_margin": 0.6718340611353711,
      "op_margin": 0.4831877729257642,
      "fcf_margin": 0.37882096069869,
      "op_leverage_ratio": 9.70226159944043,
      "fcf_margin_change": 0.019296596044924508
    },
    {
      "date": "2021-09-30T00:00:00",
      "quarter_label": "2021-09 (Q3)",
      "revenue": 4643000000,
      "gross_profit": 3152000000,
      "operating_income": 2305000000,
      "net_income": 1947000000,
      "opex": 847000000,
      "cogs": 1491000000,
      "rd": 388000000,
      "sga": 412000000,
      "fcf": 1942000000,
      "ocf": 2428000000,
      "capex": -486000000,
      "gross_margin": 0.6788714193409433,
      "op_margin": 0.49644626319190177,
      "fcf_margin": 0.4182640534137411,
      "op_leverage_ratio": Infinity,
      "fcf_margin_change": 0.03944309271505114
    },
    {
      "date": "2021-12-31T00:00:00",
      "quarter_label": "2021-12 (Q4)",
      "revenue": 4832000000,
      "gross_profit": 3350000000,
      "operating_income": 2503000000,
      "net_income": 2138000000,
      "opex": 847000000,
      "cogs": 1482000000,
      "rd": 389000000,
      "sga": 404000000,
      "fcf": 1075000000,
      "ocf": 2357000000,
      "capex": -1282000000,
      "gross_margin": 0.6932947019867549,
      "op_margin": 0.5180049668874173,
      "fcf_margin": 0.2224751655629139,
      "incr_op_margin_yoy": 0.9126984126984127,
      "rev_growth_yoy": 0.18547595682041218,
      "op_leverage_ratio": Infinity,
      "fcf_margin_change": -0.1957888878508272
    },
    {
      "date": "2022-03-31T00:00:00",
      "quarter_label": "2022-03 (Q1)",
      "revenue": 4905000000,
      "gross_profit": 3442000000,
      "operating_income": 2563000000,
      "net_income": 2201000000,
      "opex": 879000000,
      "cogs": 1463000000,
      "rd": 391000000,
      "sga": 422000000,
      "fcf": 1701000000,
      "ocf": 2144000000,
      "capex": -443000000,
      "gross_margin": 0.7017329255861366,
      "op_margin": 0.5225280326197758,
      "fcf_margin": 0.3467889908256881,
      "incr_op_margin_yoy": 1.0129870129870129,
      "rev_growth_yoy": 0.14362322219631615,
      "rev_growth_yoy_accel": -0.04185273462409603,
      "op_leverage_ratio": 0.3998797081953643,
      "fcf_margin_change": 0.12431382526277418
    },
    {
      "date": "2022-06-30T00:00:00",
      "quarter_label": "2022-06 (Q2)",
      "revenue": 5212000000,
      "gross_profit": 3625000000,
      "operating_income": 2723000000,
      "net_income": 2291000000,
      "opex": 902000000,
      "cogs": 1587000000,
      "rd": 414000000,
      "sga": 422000000,
      "fcf": 1171000000,
      "ocf": 1768000000,
      "capex": -597000000,
      "gross_margin": 0.695510360706063,
      "op_margin": 0.5224481964696853,
      "fcf_margin": 0.22467382962394475,
      "incr_op_margin_yoy": 0.8069620253164557,
      "rev_growth_yoy": 0.13799126637554585,
      "rev_growth_yoy_accel": -0.005631955820770307,
      "op_leverage_ratio": 2.391995745246643,
      "fcf_margin_change": -0.12211516120174334
    },
    {
      "date": "2022-09-30T00:00:00",
      "quarter_label": "2022-09 (Q3)",
      "revenue": 5241000000,
      "gross_profit": 3617000000,
      "operating_income": 2678000000,
      "net_income": 2295000000,
      "opex": 939000000,
      "cogs": 1624000000,
      "rd": 431000000,
      "sga": 431000000,
      "fcf": 1976000000,
      "ocf": 2766000000,
      "capex": -790000000,
      "gross_margin": 0.6901354703300897,
      "op_margin": 0.5109711887044457,
      "fcf_margin": 0.37702728486929976,
      "incr_op_margin_yoy": 0.6237458193979933,
      "rev_growth_yoy": 0.128796037045014,
      "rev_growth_yoy_accel": -0.009195229330531851,
      "fcf_margin_change": 0.152353455245355
    },
    {
      "date": "2022-12-31T00:00:00",
      "quarter_label": "2022-12 (Q4)",
      "revenue": 4670000000,
      "gross_profit": 3087000000,
      "operating_income": 2176000000,
      "net_income": 1962000000,
      "opex": 911000000,
      "cogs": 1583000000,
      "rd": 434000000,
      "sga": 429000000,
      "fcf": 1075000000,
      "ocf": 2042000000,
      "capex": -967000000,
      "gross_margin": 0.6610278372591006,
      "op_margin": 0.46595289079229124,
      "fcf_margin": 0.23019271948608136,
      "incr_op_margin_yoy": 2.0185185185185186,
      "rev_growth_yoy": -0.03352649006622516,
      "rev_growth_yoy_accel": -0.16232252711123915,
      "fcf_margin_change": -0.1468345653832184
    },
    {
      "date": "2023-03-31T00:00:00",
      "quarter_label": "2023-03 (Q1)",
      "revenue": 4379000000,
      "gross_profit": 2863000000,
      "operating_income": 1934000000,
      "net_income": 1708000000,
      "opex": 929000000,
      "cogs": 1516000000,
      "rd": 455000000,
      "sga": 474000000,
      "fcf": 178000000,
      "ocf": 1160000000,
      "capex": -982000000,
      "gross_margin": 0.6538022379538707,
      "op_margin": 0.4416533455126741,
      "fcf_margin": 0.04064854989723681,
      "incr_op_margin_yoy": 1.1958174904942966,
      "rev_growth_yoy": -0.1072375127420999,
      "rev_growth_yoy_accel": -0.07371102267587473,
      "fcf_margin_change": -0.18954416958884454
    },
    {
      "date": "2023-06-30T00:00:00",
      "quarter_label": "2023-06 (Q2)",
      "revenue": 4531000000,
      "gross_profit": 2910000000,
      "operating_income": 1972000000,
      "net_income": 1722000000,
      "opex": 938000000,
      "cogs": 1621000000,
      "rd": 477000000,
      "sga": 461000000,
      "fcf": -47000000,
      "ocf": 1399000000,
      "capex": -1446000000,
      "gross_margin": 0.6422423306113441,
      "op_margin": 0.4352240123593026,
      "fcf_margin": -0.010372986095784595,
      "incr_op_margin_yoy": 1.1027900146842877,
      "rev_growth_yoy": -0.13066001534919416,
      "rev_growth_yoy_accel": -0.02342250260709426,
      "op_leverage_ratio": 3.5829590723402096,
      "fcf_margin_change": -0.05102153599302141
    },
    {
      "date": "2023-09-30T00:00:00",
      "quarter_label": "2023-09 (Q3)",
      "revenue": 4532000000,
      "gross_profit": 2815000000,
      "operating_income": 1892000000,
      "net_income": 1709000000,
      "opex": 923000000,
      "cogs": 1717000000,
      "rd": 471000000,
      "sga": 452000000,
      "fcf": 442000000,
      "ocf": 1937000000,
      "capex": -1495000000,
      "gross_margin": 0.6211385701676964,
      "op_margin": 0.4174757281553398,
      "fcf_margin": 0.09752868490732568,
      "incr_op_margin_yoy": 1.1086036671368125,
      "rev_growth_yoy": -0.1352795268078611,
      "rev_growth_yoy_accel": -0.004619511458666931,
      "fcf_margin_change": 0.10790167100311027
    },
    {
      "date": "2023-12-31T00:00:00",
      "quarter_label": "2023-12 (Q4)",
      "revenue": 4077000000,
      "gross_profit": 2431000000,
      "operating_income": 1533000000,
      "net_income": 1371000000,
      "opex": 898000000,
      "cogs": 1646000000,
      "rd": 460000000,
      "sga": 438000000,
      "fcf": 776000000,
      "ocf": 1924000000,
      "capex": -1148000000,
      "gross_margin": 0.5962717684571989,
      "op_margin": 0.37601177336276675,
      "fcf_margin": 0.19033603139563404,
      "incr_op_margin_yoy": 1.0843170320404723,
      "rev_growth_yoy": -0.12698072805139185,
      "rev_growth_yoy_accel": 0.008298798756469244,
      "fcf_margin_change": 0.09280734648830836
    },
    {
      "date": "2024-03-31T00:00:00",
      "quarter_label": "2024-03 (Q1)",
      "revenue": 3661000000,
      "gross_profit": 2095000000,
      "operating_income": 1286000000,
      "net_income": 1105000000,
      "opex": 809000000,
      "cogs": 1566000000,
      "rd": 478000000,
      "sga": 455000000,
      "fcf": -231000000,
      "ocf": 1017000000,
      "capex": -1248000000,
      "gross_margin": 0.5722480196667578,
      "op_margin": 0.3512701447691887,
      "fcf_margin": -0.06309751434034416,
      "incr_op_margin_yoy": 0.9025069637883009,
      "rev_growth_yoy": -0.16396437542817996,
      "rev_growth_yoy_accel": -0.03698364737678811,
      "fcf_margin_change": -0.2534335457359782
    },
    {
      "date": "2024-06-30T00:00:00",
      "quarter_label": "2024-06 (Q2)",
      "revenue": 3822000000,
      "gross_profit": 2211000000,
      "operating_income": 1248000000,
      "net_income": 1127000000,
      "opex": 963000000,
      "cogs": 1611000000,
      "rd": 498000000,
      "sga": 465000000,
      "fcf": 507000000,
      "ocf": 1571000000,
      "capex": -1064000000,
      "gross_margin": 0.5784929356357927,
      "op_margin": 0.32653061224489793,
      "fcf_margin": 0.1326530612244898,
      "incr_op_margin_yoy": 1.0211565585331452,
      "rev_growth_yoy": -0.15647759876406975,
      "rev_growth_yoy_accel": 0.007486776664110212,
      "op_leverage_ratio": 0.23102232375654938,
      "fcf_margin_change": 0.19575057556483397
    },
    {
      "date": "2024-09-30T00:00:00",
      "quarter_label": "2024-09 (Q3)",
      "revenue": 4151000000,
      "gross_profit": 2474000000,
      "operating_income": 1554000000,
      "net_income": 1362000000,
      "opex": 920000000,
      "cogs": 1677000000,
      "rd": 492000000,
      "sga": 428000000,
      "fcf": 416000000,
      "ocf": 1732000000,
      "capex": -1316000000,
      "gross_margin": 0.5960009636232233,
      "op_margin": 0.37436762225969644,
      "fcf_margin": 0.10021681522524693,
      "incr_op_margin_yoy": 0.8871391076115486,
      "rev_growth_yoy": -0.08406884377758164,
      "rev_growth_yoy_accel": 0.0724087549864881,
      "op_leverage_ratio": Infinity,
      "fcf_margin_change": -0.03243624599924287
    },
    {
      "date": "2024-12-31T00:00:00",
      "quarter_label": "2024-12 (Q4)",
      "revenue": 4007000000,
      "gross_profit": 2314000000,
      "operating_income": 1377000000,
      "net_income": 1205000000,
      "opex": 937000000,
      "cogs": 1693000000,
      "rd": 491000000,
      "sga": 446000000,
      "fcf": 806000000,
      "ocf": 1998000000,
      "capex": -1192000000,
      "gross_margin": 0.5774893935612678,
      "op_margin": 0.3436486149238832,
      "fcf_margin": 0.20114799101572248,
      "incr_op_margin_yoy": 2.2285714285714286,
      "rev_growth_yoy": -0.017169487368162865,
      "rev_growth_yoy_accel": 0.06689935640941877,
      "fcf_margin_change": 0.10093117579047554
    },
    {
      "date": "2025-03-31T00:00:00",
      "quarter_label": "2025-03 (Q1)",
      "revenue": 4069000000,
      "gross_profit": 2313000000,
      "operating_income": 1324000000,
      "net_income": 1179000000,
      "opex": 989000000,
      "cogs": 1756000000,
      "rd": 517000000,
      "sga": 472000000,
      "fcf": -274000000,
      "ocf": 849000000,
      "capex": -1123000000,
      "gross_margin": 0.5684443352174982,
      "op_margin": 0.32538707299090686,
      "fcf_margin": -0.06733841238633571,
      "incr_op_margin_yoy": 0.09313725490196079,
      "rev_growth_yoy": 0.11144496039333515,
      "rev_growth_yoy_accel": 0.12861444776149802,
      "op_leverage_ratio": 0.2788101591445739,
      "fcf_margin_change": -0.2684864034020582
    },
    {
      "date": "2025-06-30T00:00:00",
      "quarter_label": "2025-06 (Q2)",
      "revenue": 4448000000,
      "gross_profit": 2575000000,
      "operating_income": 1563000000,
      "net_income": 1295000000,
      "opex": 1012000000,
      "cogs": 1873000000,
      "rd": 527000000,
      "sga": 485000000,
      "fcf": 555000000,
      "ocf": 1860000000,
      "capex": -1305000000,
      "gross_margin": 0.5789118705035972,
      "op_margin": 0.35139388489208634,
      "fcf_margin": 0.12477517985611511,
      "incr_op_margin_yoy": 0.5031948881789138,
      "rev_growth_yoy": 0.16378859236002094,
      "rev_growth_yoy_accel": 0.05234363196668579,
      "op_leverage_ratio": 4.005160973212091,
      "fcf_margin_change": 0.19211359224245084
    },
    {
      "date": "2025-09-30T00:00:00",
      "quarter_label": "2025-09 (Q3)",
      "revenue": 4742000000,
      "gross_profit": 2723000000,
      "operating_income": 1663000000,
      "net_income": 1364000000,
      "opex": 1060000000,
      "cogs": 2019000000,
      "rd": 518000000,
      "sga": 457000000,
      "fcf": 993000000,
      "ocf": 2190000000,
      "capex": -1197000000,
      "gross_margin": 0.5742302825811894,
      "op_margin": 0.35069590889919866,
      "fcf_margin": 0.20940531421341207,
      "incr_op_margin_yoy": 0.1844331641285956,
      "rev_growth_yoy": 0.14237533124548302,
      "rev_growth_yoy_accel": -0.021413261114537924,
      "op_leverage_ratio": 1.3935476618705038,
      "fcf_margin_change": 0.08463013435729697
    }
  ],
  "signals": [
    {
      "quarter": "2025-09 (Q3)",
      "signal": "FCF MARGIN EXPANSION",
      "detail": "FCF margin: +12.5% -> +20.9% (+8.5%)",
      "severity": "MEDIUM"
    },
    {
      "quarter": "2025-06 (Q2)",
      "signal": "FCF TURNED POSITIVE",
      "detail": "FCF margin: -6.7% -> +12.5%",
      "severity": "HIGH"
    },
    {
      "quarter": "2025-06 (Q2)",
      "signal": "OPERATING LEVERAGE",
      "detail": "Rev growth +9.3% vs OpEx growth +2.3% (leverage: 4.0x)",
      "severity": "MEDIUM"
    },
    {
      "quarter": "2025-06 (Q2)",
      "signal": "YoY REVENUE GROWTH ACCELERATION",
      "detail": "YoY growth: +16.4% vs prior quarter YoY: +11.1% (accel: +5.2%)",
      "severity": "MEDIUM"
    },
    {
      "quarter": "2025-06 (Q2)",
      "signal": "INCREMENTAL MARGIN (YoY)",
      "detail": "YoY Incr OPM: +50.3% vs year-ago OPM: +32.7%",
      "severity": "MEDIUM"
    },
    {
      "quarter": "2025-03 (Q1)",
      "signal": "YoY REVENUE GROWTH ACCELERATION",
      "detail": "YoY growth: +11.1% vs prior quarter YoY: -1.7% (accel: +12.9%)",
      "severity": "MEDIUM"
    },
    {
      "quarter": "2024-12 (Q4)",
      "signal": "FCF MARGIN EXPANSION",
      "detail": "FCF margin: +10.0% -> +20.1% (+10.1%)",
      "severity": "MEDIUM"
    },
    {
      "quarter": "2024-12 (Q4)",
      "signal": "YoY REVENUE GROWTH ACCELERATION",
      "detail": "YoY growth: -1.7% vs prior quarter YoY: -8.4% (accel: +6.7%)",
      "severity": "MEDIUM"
    },
    {
      "quarter": "2024-12 (Q4)",
      "signal": "INCREMENTAL MARGIN (YoY)",
      "detail": "YoY Incr OPM: +222.9% vs year-ago OPM: +37.6%",
      "severity": "HIGH"
    },
    {
      "quarter": "2024-09 (Q3)",
      "signal": "YoY REVENUE GROWTH ACCELERATION",
      "detail": "YoY growth: -8.4% vs prior quarter YoY: -15.6% (accel: +7.2%)",
      "severity": "MEDIUM"
    },
    {
      "quarter": "2024-09 (Q3)",
      "signal": "INCREMENTAL MARGIN (YoY)",
      "detail": "YoY Incr OPM: +88.7% vs year-ago OPM: +41.7%",
      "severity": "HIGH"
    },
    {
      "quarter": "2024-06 (Q2)",
      "signal": "FCF TURNED POSITIVE",
      "detail": "FCF margin: -6.3% -> +13.3%",
      "severity": "HIGH"
    },
    {
      "quarter": "2024-06 (Q2)",
      "signal": "INCREMENTAL MARGIN (YoY)",
      "detail": "YoY Incr OPM: +102.1% vs year-ago OPM: +43.5%",
      "severity": "HIGH"
    },
    {
      "quarter": "2024-03 (Q1)",
      "signal": "INCREMENTAL MARGIN (YoY)",
      "detail": "YoY Incr OPM: +90.3% vs year-ago OPM: +44.2%",
      "severity": "HIGH"
    },
    {
      "quarter": "2023-12 (Q4)",
      "signal": "FCF MARGIN EXPANSION",
      "detail": "FCF margin: +9.8% -> +19.0% (+9.3%)",
      "severity": "MEDIUM"
    },
    {
      "quarter": "2023-12 (Q4)",
      "signal": "INCREMENTAL MARGIN (YoY)",
      "detail": "YoY Incr OPM: +108.4% vs year-ago OPM: +46.6%",
      "severity": "HIGH"
    },
    {
      "quarter": "2023-09 (Q3)",
      "signal": "FCF TURNED POSITIVE",
      "detail": "FCF margin: -1.0% -> +9.8%",
      "severity": "HIGH"
    },
    {
      "quarter": "2023-09 (Q3)",
      "signal": "INCREMENTAL MARGIN (YoY)",
      "detail": "YoY Incr OPM: +110.9% vs year-ago OPM: +51.1%",
      "severity": "HIGH"
    },
    {
      "quarter": "2023-06 (Q2)",
      "signal": "OPERATING LEVERAGE",
      "detail": "Rev growth +3.5% vs OpEx growth +1.0% (leverage: 3.6x)",
      "severity": "MEDIUM"
    },
    {
      "quarter": "2023-06 (Q2)",
      "signal": "INCREMENTAL MARGIN (YoY)",
      "detail": "YoY Incr OPM: +110.3% vs year-ago OPM: +52.2%",
      "severity": "HIGH"
    },
    {
      "quarter": "2023-03 (Q1)",
      "signal": "YoY REVENUE GROWTH DECELERATION",
      "detail": "YoY growth: -10.7% vs prior quarter YoY: -3.4% (decel: -7.4%)",
      "severity": "WARNING"
    },
    {
      "quarter": "2023-03 (Q1)",
      "signal": "INCREMENTAL MARGIN (YoY)",
      "detail": "YoY Incr OPM: +119.6% vs year-ago OPM: +52.3%",
      "severity": "HIGH"
    },
    {
      "quarter": "2022-12 (Q4)",
      "signal": "YoY REVENUE GROWTH DECELERATION",
      "detail": "YoY growth: -3.4% vs prior quarter YoY: +12.9% (decel: -16.2%)",
      "severity": "WARNING"
    },
    {
      "quarter": "2022-12 (Q4)",
      "signal": "INCREMENTAL MARGIN (YoY)",
      "detail": "YoY Incr OPM: +201.9% vs year-ago OPM: +51.8%",
      "severity": "HIGH"
    },
    {
      "quarter": "2022-09 (Q3)",
      "signal": "FCF MARGIN EXPANSION",
      "detail": "FCF margin: +22.5% -> +37.7% (+15.2%)",
      "severity": "MEDIUM"
    },
    {
      "quarter": "2022-09 (Q3)",
      "signal": "INCREMENTAL MARGIN (YoY)",
      "detail": "YoY Incr OPM: +62.4% vs year-ago OPM: +49.6%",
      "severity": "MEDIUM"
    },
    {
      "quarter": "2022-06 (Q2)",
      "signal": "OPERATING LEVERAGE",
      "detail": "Rev growth +6.3% vs OpEx growth +2.6% (leverage: 2.4x)",
      "severity": "MEDIUM"
    },
    {
      "quarter": "2022-06 (Q2)",
      "signal": "INCREMENTAL MARGIN (YoY)",
      "detail": "YoY Incr OPM: +80.7% vs year-ago OPM: +48.3%",
      "severity": "HIGH"
    },
    {
      "quarter": "2022-03 (Q1)",
      "signal": "FCF MARGIN EXPANSION",
      "detail": "FCF margin: +22.2% -> +34.7% (+12.4%)",
      "severity": "MEDIUM"
    },
    {
      "quarter": "2022-03 (Q1)",
      "signal": "INCREMENTAL MARGIN (YoY)",
      "detail": "YoY Incr OPM: +101.3% vs year-ago OPM: +45.2%",
      "severity": "HIGH"
    },
    {
      "quarter": "2021-12 (Q4)",
      "signal": "INCREMENTAL MARGIN (YoY)",
      "detail": "YoY Incr OPM: +91.3% vs year-ago OPM: +44.5%",
      "severity": "HIGH"
    },
    {
      "quarter": "2021-06 (Q2)",
      "signal": "OPERATING LEVERAGE",
      "detail": "Rev growth +6.8% vs OpEx growth +0.7% (leverage: 9.7x)",
      "severity": "MEDIUM"
    },
    {
      "quarter": "2021-03 (Q1)",
      "signal": "OPERATING LEVERAGE",
      "detail": "Rev growth +5.2% vs OpEx growth +3.0% (leverage: 1.7x)",
      "severity": "MEDIUM"
    }
  ],
  "data_quality": {
    "n_quarters": 20,
    "coverage": {
      "revenue": [
        20,
        20
      ],
      "gross_profit": [
        20,
        20
      ],
      "op_income": [
        20,
        20
      ],
      "fcf": [
        20,
        20
      ]
    },
    "gaps": [],
    "warnings": []
  },
  "market_cap": null,
  "source": "SEC EDGAR",
  "last_updated": "2026-02-02T19:46:12.559570"
}