{
  "ticker": "TYL",
  "name": "TYLER TECHNOLOGIES, INC.",
  "quarters": [
    {
      "date": "2020-12-31T00:00:00",
      "quarter_label": "2020-12 (Q4)",
      "revenue": 283285000,
      "gross_profit": 138669000,
      "operating_income": 48036000,
      "net_income": 54094000,
      "opex": 90633000,
      "cogs": 144616000,
      "rd": null,
      "sga": 62736000,
      "fcf": 85135000,
      "ocf": 88761000,
      "capex": -3626000,
      "gross_margin": 0.489503503538839,
      "op_margin": 0.1695677497926117,
      "fcf_margin": 0.3005277370845615
    },
    {
      "date": "2021-03-31T00:00:00",
      "quarter_label": "2021-03 (Q1)",
      "revenue": 294802000,
      "gross_profit": 144207000,
      "operating_income": 38208000,
      "net_income": 36976000,
      "opex": 105999000,
      "cogs": 150595000,
      "rd": null,
      "sga": 78774000,
      "fcf": 65139000,
      "ocf": 71703000,
      "capex": -6564000,
      "gross_margin": 0.48916560945990867,
      "op_margin": 0.12960563361171226,
      "fcf_margin": 0.2209584738231084,
      "op_leverage_ratio": 0.23979565767898606,
      "fcf_margin_change": -0.07956926326145308
    },
    {
      "date": "2021-06-30T00:00:00",
      "quarter_label": "2021-06 (Q2)",
      "revenue": 404075000,
      "gross_profit": 182061000,
      "operating_income": 38291000,
      "net_income": 25530000,
      "opex": 143770000,
      "cogs": 222014000,
      "rd": null,
      "sga": 108922000,
      "fcf": -28006000,
      "ocf": -20347000,
      "capex": -7659000,
      "gross_margin": 0.4505623955948772,
      "op_margin": 0.09476211099424611,
      "fcf_margin": -0.06930891542411681,
      "op_leverage_ratio": 1.040221260778374,
      "fcf_margin_change": -0.2902673892472252
    },
    {
      "date": "2021-09-30T00:00:00",
      "quarter_label": "2021-09 (Q3)",
      "revenue": 459873000,
      "gross_profit": 196216000,
      "operating_income": 56184000,
      "net_income": 44170000,
      "opex": 140032000,
      "cogs": 263657000,
      "rd": null,
      "sga": 101847000,
      "fcf": 198840000,
      "ocf": 205387000,
      "capex": -6547000,
      "gross_margin": 0.42667432095382857,
      "op_margin": 0.12217286076808162,
      "fcf_margin": 0.4323802441108741,
      "op_leverage_ratio": Infinity,
      "fcf_margin_change": 0.5016891595349909
    },
    {
      "date": "2021-12-31T00:00:00",
      "quarter_label": "2021-12 (Q4)",
      "revenue": 433537000,
      "gross_profit": 187160000,
      "operating_income": 48052000,
      "net_income": 54782000,
      "opex": 139108000,
      "cogs": 246377000,
      "rd": null,
      "sga": 101036000,
      "fcf": 101861000,
      "ocf": 115010000,
      "capex": -13149000,
      "gross_margin": 0.43170479105589604,
      "op_margin": 0.11083713731469286,
      "fcf_margin": 0.2349534180473639,
      "incr_op_margin_yoy": 0.00010648776721774086,
      "rev_growth_yoy": 0.5303916550470374,
      "fcf_margin_change": -0.19742682606351022
    },
    {
      "date": "2022-03-31T00:00:00",
      "quarter_label": "2022-03 (Q1)",
      "revenue": 456108000,
      "gross_profit": 192418000,
      "operating_income": 55868000,
      "net_income": 39984000,
      "opex": 136550000,
      "cogs": 263690000,
      "rd": null,
      "sga": 97895000,
      "fcf": 48962000,
      "ocf": 53541000,
      "capex": -4579000,
      "gross_margin": 0.42186938181307937,
      "op_margin": 0.12248853341752391,
      "fcf_margin": 0.10734738263744552,
      "incr_op_margin_yoy": 0.10948135841196235,
      "rev_growth_yoy": 0.5471672512398152,
      "rev_growth_yoy_accel": 0.016775596192777797,
      "op_leverage_ratio": Infinity,
      "fcf_margin_change": -0.12760603540991838
    },
    {
      "date": "2022-06-30T00:00:00",
      "quarter_label": "2022-06 (Q2)",
      "revenue": 468685000,
      "gross_profit": 193448000,
      "operating_income": 56757000,
      "net_income": 39946000,
      "opex": 136691000,
      "cogs": 275237000,
      "rd": null,
      "sga": 99701000,
      "fcf": 68501000,
      "ocf": 76679000,
      "capex": -8178000,
      "gross_margin": 0.41274630082038044,
      "op_margin": 0.12109839231040037,
      "fcf_margin": 0.1461557335950585,
      "incr_op_margin_yoy": 0.28580715059588296,
      "rev_growth_yoy": 0.1598960588999567,
      "rev_growth_yoy_accel": -0.3872711923398585,
      "op_leverage_ratio": 26.704347023197876,
      "fcf_margin_change": 0.038808350957612994
    },
    {
      "date": "2022-09-30T00:00:00",
      "quarter_label": "2022-09 (Q3)",
      "revenue": 473191000,
      "gross_profit": 204663000,
      "operating_income": 60913000,
      "net_income": 53233000,
      "opex": 143750000,
      "cogs": 268528000,
      "rd": null,
      "sga": 103619000,
      "fcf": 124694000,
      "ocf": 129378000,
      "capex": -4684000,
      "gross_margin": 0.43251667931131405,
      "op_margin": 0.12872814571705718,
      "fcf_margin": 0.26351726892523314,
      "incr_op_margin_yoy": 0.3550833458477249,
      "rev_growth_yoy": 0.028960169438083994,
      "rev_growth_yoy_accel": -0.1309358894618727,
      "fcf_margin_change": 0.11736153533017463
    },
    {
      "date": "2022-12-31T00:00:00",
      "quarter_label": "2022-12 (Q4)",
      "revenue": 452221000,
      "gross_profit": 193333000,
      "operating_income": 40711000,
      "net_income": 31077000,
      "opex": 152622000,
      "cogs": 258888000,
      "rd": null,
      "sga": null,
      "fcf": 116769000,
      "ocf": 121857000,
      "capex": -5088000,
      "gross_margin": 0.4275188458740306,
      "op_margin": 0.09002456763396657,
      "fcf_margin": 0.2582122457824825,
      "incr_op_margin_yoy": -0.392903018625562,
      "rev_growth_yoy": 0.043096667643130804,
      "rev_growth_yoy_accel": 0.01413649820504681,
      "fcf_margin_change": -0.0053050231427506644
    },
    {
      "date": "2023-03-31T00:00:00",
      "quarter_label": "2023-03 (Q1)",
      "revenue": 471853000,
      "gross_profit": 199837000,
      "operating_income": 44980000,
      "net_income": 30875000,
      "opex": 154857000,
      "cogs": 272016000,
      "rd": null,
      "sga": null,
      "fcf": 72689000,
      "ocf": 74709000,
      "capex": -2020000,
      "gross_margin": 0.4235153744916319,
      "op_margin": 0.09532629865657313,
      "fcf_margin": 0.15405009611044118,
      "incr_op_margin_yoy": -0.6915211178151794,
      "rev_growth_yoy": 0.03452033290361055,
      "rev_growth_yoy_accel": -0.008576334739520255,
      "op_leverage_ratio": 2.964513499064401,
      "fcf_margin_change": -0.1041621496720413
    },
    {
      "date": "2023-06-30T00:00:00",
      "quarter_label": "2023-06 (Q2)",
      "revenue": 504279000,
      "gross_profit": 223177000,
      "operating_income": 61874000,
      "net_income": 49130000,
      "opex": 161303000,
      "cogs": 281102000,
      "rd": null,
      "sga": null,
      "fcf": -23534000,
      "ocf": -19184000,
      "capex": -4350000,
      "gross_margin": 0.4425665157581418,
      "op_margin": 0.12269795093589064,
      "fcf_margin": -0.04666861003531775,
      "incr_op_margin_yoy": 0.14376018430072485,
      "rev_growth_yoy": 0.07594439762313708,
      "rev_growth_yoy_accel": 0.04142406471952653,
      "op_leverage_ratio": 1.650924445086506,
      "fcf_margin_change": -0.20071870614575893
    },
    {
      "date": "2023-09-30T00:00:00",
      "quarter_label": "2023-09 (Q3)",
      "revenue": 494684000,
      "gross_profit": 225160000,
      "operating_income": 63935000,
      "net_income": 47011000,
      "opex": 161225000,
      "cogs": 269524000,
      "rd": null,
      "sga": null,
      "fcf": 171360000,
      "ocf": 177496000,
      "capex": -6136000,
      "gross_margin": 0.4551592531798077,
      "op_margin": 0.12924412352127823,
      "fcf_margin": 0.3464029562306442,
      "incr_op_margin_yoy": 0.14060391755455265,
      "rev_growth_yoy": 0.04542140488724426,
      "rev_growth_yoy_accel": -0.030522992735892818,
      "fcf_margin_change": 0.39307156626596196
    },
    {
      "date": "2023-12-31T00:00:00",
      "quarter_label": "2023-12 (Q4)",
      "revenue": 480934000,
      "gross_profit": 212925000,
      "operating_income": 47748000,
      "net_income": 38903000,
      "opex": 165177000,
      "cogs": 268009000,
      "rd": null,
      "sga": null,
      "fcf": 139406000,
      "ocf": 147419000,
      "capex": -8013000,
      "gross_margin": 0.44273226679752314,
      "op_margin": 0.09928181413665908,
      "fcf_margin": 0.2898651374201034,
      "incr_op_margin_yoy": 0.2450806255006443,
      "rev_growth_yoy": 0.06349329199661227,
      "rev_growth_yoy_accel": 0.01807188710936801,
      "fcf_margin_change": -0.05653781881054082
    },
    {
      "date": "2024-03-31T00:00:00",
      "quarter_label": "2024-03 (Q1)",
      "revenue": 512359000,
      "gross_profit": 223666000,
      "operating_income": 66978000,
      "net_income": 54170000,
      "opex": 156688000,
      "cogs": 288693000,
      "rd": null,
      "sga": null,
      "fcf": 64557000,
      "ocf": 71839000,
      "capex": -7282000,
      "gross_margin": 0.43654156558194546,
      "op_margin": 0.13072474573492415,
      "fcf_margin": 0.1259995432889829,
      "incr_op_margin_yoy": 0.5430800375253049,
      "rev_growth_yoy": 0.0858445320894431,
      "rev_growth_yoy_accel": 0.022351240092830835,
      "op_leverage_ratio": Infinity,
      "fcf_margin_change": -0.16386559413112048
    },
    {
      "date": "2024-06-30T00:00:00",
      "quarter_label": "2024-06 (Q2)",
      "revenue": 540976000,
      "gross_profit": 237816000,
      "operating_income": 78035000,
      "net_income": 67738000,
      "opex": 159781000,
      "cogs": 303160000,
      "rd": null,
      "sga": null,
      "fcf": 57736000,
      "ocf": 64304000,
      "capex": -6568000,
      "gross_margin": 0.43960545384638133,
      "op_margin": 0.14424854337345835,
      "fcf_margin": 0.10672562183904646,
      "incr_op_margin_yoy": 0.4403902226340028,
      "rev_growth_yoy": 0.07277122386615346,
      "rev_growth_yoy_accel": -0.013073308223289642,
      "op_leverage_ratio": 2.829472982076369,
      "fcf_margin_change": -0.01927392144993645
    },
    {
      "date": "2024-09-30T00:00:00",
      "quarter_label": "2024-09 (Q3)",
      "revenue": 543337000,
      "gross_profit": 237460000,
      "operating_income": 82827000,
      "net_income": 75897000,
      "opex": 154633000,
      "cogs": 305877000,
      "rd": null,
      "sga": null,
      "fcf": 260832000,
      "ocf": 263716000,
      "capex": -2884000,
      "gross_margin": 0.4370399954356136,
      "op_margin": 0.15244130254335708,
      "fcf_margin": 0.4800556560661247,
      "incr_op_margin_yoy": 0.3883008242040573,
      "rev_growth_yoy": 0.09835167500869242,
      "rev_growth_yoy_accel": 0.025580451142538957,
      "fcf_margin_change": 0.3733300342270782
    },
    {
      "date": "2024-12-31T00:00:00",
      "quarter_label": "2024-12 (Q4)",
      "revenue": 541131000,
      "gross_profit": 236819000,
      "operating_income": 71686000,
      "net_income": 65221000,
      "opex": 165133000,
      "cogs": 304312000,
      "rd": null,
      "sga": null,
      "fcf": 220973000,
      "ocf": 224774000,
      "capex": -3801000,
      "gross_margin": 0.4376370971169643,
      "op_margin": 0.13247439159833754,
      "fcf_margin": 0.4083539845250041,
      "incr_op_margin_yoy": 0.39766101300729273,
      "rev_growth_yoy": 0.1251668628127768,
      "rev_growth_yoy_accel": 0.026815187804084387,
      "fcf_margin_change": -0.07170167154112062
    },
    {
      "date": "2025-03-31T00:00:00",
      "quarter_label": "2025-03 (Q1)",
      "revenue": 565165000,
      "gross_profit": 267081000,
      "operating_income": 89173000,
      "net_income": 81052000,
      "opex": 177908000,
      "cogs": 298084000,
      "rd": null,
      "sga": null,
      "fcf": 53823000,
      "ocf": 56158000,
      "capex": -2335000,
      "gross_margin": 0.4725717268408341,
      "op_margin": 0.15778224058460805,
      "fcf_margin": 0.09523413516406713,
      "incr_op_margin_yoy": 0.4203120857478317,
      "rev_growth_yoy": 0.10306445285434628,
      "rev_growth_yoy_accel": -0.022102409958430533,
      "op_leverage_ratio": 0.5741119737326555,
      "fcf_margin_change": -0.31311984936093695
    },
    {
      "date": "2025-06-30T00:00:00",
      "quarter_label": "2025-06 (Q2)",
      "revenue": 596117000,
      "gross_profit": 273184000,
      "operating_income": 95596000,
      "net_income": 84627000,
      "opex": 177588000,
      "cogs": 322933000,
      "rd": null,
      "sga": null,
      "fcf": 92824000,
      "ocf": 98311000,
      "capex": -5487000,
      "gross_margin": 0.4582724532264639,
      "op_margin": 0.1603644922053892,
      "fcf_margin": 0.15571439834797532,
      "incr_op_margin_yoy": 0.3184744563936091,
      "rev_growth_yoy": 0.10192873621010913,
      "rev_growth_yoy_accel": -0.0011357166442371447,
      "op_leverage_ratio": Infinity,
      "fcf_margin_change": 0.06048026318390819
    },
    {
      "date": "2025-09-30T00:00:00",
      "quarter_label": "2025-09 (Q3)",
      "revenue": 595879000,
      "gross_profit": 281452000,
      "operating_income": 97932000,
      "net_income": 84393000,
      "opex": 183520000,
      "cogs": 314427000,
      "rd": null,
      "sga": null,
      "fcf": 251315000,
      "ocf": 255191000,
      "capex": -3876000,
      "gross_margin": 0.4723307919896489,
      "op_margin": 0.1643488023575256,
      "fcf_margin": 0.42175508786179744,
      "incr_op_margin_yoy": 0.2874842982756652,
      "rev_growth_yoy": 0.09670241489167865,
      "rev_growth_yoy_accel": -0.005226321318430482,
      "fcf_margin_change": 0.2660406895138221
    }
  ],
  "signals": [
    {
      "quarter": "2025-09 (Q3)",
      "signal": "FCF MARGIN EXPANSION",
      "detail": "FCF margin: +15.6% -> +42.2% (+26.6%)",
      "severity": "MEDIUM"
    },
    {
      "quarter": "2025-09 (Q3)",
      "signal": "INCREMENTAL MARGIN (YoY)",
      "detail": "YoY Incr OPM: +28.7% vs year-ago OPM: +15.2%",
      "severity": "MEDIUM"
    },
    {
      "quarter": "2025-06 (Q2)",
      "signal": "FCF MARGIN EXPANSION",
      "detail": "FCF margin: +9.5% -> +15.6% (+6.0%)",
      "severity": "MEDIUM"
    },
    {
      "quarter": "2025-06 (Q2)",
      "signal": "INCREMENTAL MARGIN (YoY)",
      "detail": "YoY Incr OPM: +31.8% vs year-ago OPM: +14.4%",
      "severity": "MEDIUM"
    },
    {
      "quarter": "2025-03 (Q1)",
      "signal": "INCREMENTAL MARGIN (YoY)",
      "detail": "YoY Incr OPM: +42.0% vs year-ago OPM: +13.1%",
      "severity": "HIGH"
    },
    {
      "quarter": "2024-12 (Q4)",
      "signal": "INCREMENTAL MARGIN (YoY)",
      "detail": "YoY Incr OPM: +39.8% vs year-ago OPM: +9.9%",
      "severity": "HIGH"
    },
    {
      "quarter": "2024-09 (Q3)",
      "signal": "FCF MARGIN EXPANSION",
      "detail": "FCF margin: +10.7% -> +48.0% (+37.3%)",
      "severity": "MEDIUM"
    },
    {
      "quarter": "2024-09 (Q3)",
      "signal": "INCREMENTAL MARGIN (YoY)",
      "detail": "YoY Incr OPM: +38.8% vs year-ago OPM: +12.9%",
      "severity": "HIGH"
    },
    {
      "quarter": "2024-06 (Q2)",
      "signal": "OPERATING LEVERAGE",
      "detail": "Rev growth +5.6% vs OpEx growth +2.0% (leverage: 2.8x)",
      "severity": "MEDIUM"
    },
    {
      "quarter": "2024-06 (Q2)",
      "signal": "INCREMENTAL MARGIN (YoY)",
      "detail": "YoY Incr OPM: +44.0% vs year-ago OPM: +12.3%",
      "severity": "HIGH"
    },
    {
      "quarter": "2024-03 (Q1)",
      "signal": "INCREMENTAL MARGIN (YoY)",
      "detail": "YoY Incr OPM: +54.3% vs year-ago OPM: +9.5%",
      "severity": "HIGH"
    },
    {
      "quarter": "2023-12 (Q4)",
      "signal": "INCREMENTAL MARGIN (YoY)",
      "detail": "YoY Incr OPM: +24.5% vs year-ago OPM: +9.0%",
      "severity": "MEDIUM"
    },
    {
      "quarter": "2023-09 (Q3)",
      "signal": "FCF TURNED POSITIVE",
      "detail": "FCF margin: -4.7% -> +34.6%",
      "severity": "HIGH"
    },
    {
      "quarter": "2023-06 (Q2)",
      "signal": "OPERATING LEVERAGE",
      "detail": "Rev growth +6.9% vs OpEx growth +4.2% (leverage: 1.7x)",
      "severity": "MEDIUM"
    },
    {
      "quarter": "2023-03 (Q1)",
      "signal": "OPERATING LEVERAGE",
      "detail": "Rev growth +4.3% vs OpEx growth +1.5% (leverage: 3.0x)",
      "severity": "MEDIUM"
    },
    {
      "quarter": "2022-09 (Q3)",
      "signal": "FCF MARGIN EXPANSION",
      "detail": "FCF margin: +14.6% -> +26.4% (+11.7%)",
      "severity": "MEDIUM"
    },
    {
      "quarter": "2022-09 (Q3)",
      "signal": "YoY REVENUE GROWTH DECELERATION",
      "detail": "YoY growth: +2.9% vs prior quarter YoY: +16.0% (decel: -13.1%)",
      "severity": "WARNING"
    },
    {
      "quarter": "2022-09 (Q3)",
      "signal": "INCREMENTAL MARGIN (YoY)",
      "detail": "YoY Incr OPM: +35.5% vs year-ago OPM: +12.2%",
      "severity": "HIGH"
    },
    {
      "quarter": "2022-06 (Q2)",
      "signal": "OPERATING LEVERAGE",
      "detail": "Rev growth +2.8% vs OpEx growth +0.1% (leverage: 26.7x)",
      "severity": "MEDIUM"
    },
    {
      "quarter": "2022-06 (Q2)",
      "signal": "YoY REVENUE GROWTH DECELERATION",
      "detail": "YoY growth: +16.0% vs prior quarter YoY: +54.7% (decel: -38.7%)",
      "severity": "WARNING"
    },
    {
      "quarter": "2022-06 (Q2)",
      "signal": "INCREMENTAL MARGIN (YoY)",
      "detail": "YoY Incr OPM: +28.6% vs year-ago OPM: +9.5%",
      "severity": "MEDIUM"
    },
    {
      "quarter": "2021-09 (Q3)",
      "signal": "FCF TURNED POSITIVE",
      "detail": "FCF margin: -6.9% -> +43.2%",
      "severity": "HIGH"
    }
  ],
  "data_quality": {
    "n_quarters": 20,
    "coverage": {
      "revenue": [
        20,
        20
      ],
      "gross_profit": [
        20,
        20
      ],
      "op_income": [
        20,
        20
      ],
      "fcf": [
        20,
        20
      ]
    },
    "gaps": [],
    "warnings": []
  },
  "market_cap": null,
  "source": "SEC EDGAR",
  "last_updated": "2026-02-02T20:20:33.524551"
}