{
  "ticker": "TZOO",
  "name": "Travelzoo",
  "quarters": [
    {
      "date": "2020-12-31T00:00:00",
      "quarter_label": "2020-12 (Q4)",
      "revenue": 12483000,
      "gross_profit": 9688000,
      "operating_income": -897000,
      "net_income": 727000,
      "opex": 10585000,
      "cogs": 2795000,
      "rd": 495000,
      "sga": null,
      "fcf": 9434000,
      "ocf": 9435000,
      "capex": -1000,
      "gross_margin": 0.776095489866218,
      "op_margin": -0.07185772650805095,
      "fcf_margin": 0.7557478170311623
    },
    {
      "date": "2021-03-31T00:00:00",
      "quarter_label": "2021-03 (Q1)",
      "revenue": 14284000,
      "gross_profit": 11266000,
      "operating_income": -767000,
      "net_income": -1642000,
      "opex": 12033000,
      "cogs": 3018000,
      "rd": 683000,
      "sga": null,
      "fcf": 9057000,
      "ocf": 9064000,
      "capex": -7000,
      "gross_margin": 0.788714645757491,
      "op_margin": -0.05369644357322879,
      "fcf_margin": 0.6340660879305516,
      "op_leverage_ratio": 1.054671093017996,
      "fcf_margin_change": -0.1216817291006107
    },
    {
      "date": "2021-06-30T00:00:00",
      "quarter_label": "2021-06 (Q2)",
      "revenue": 19079000,
      "gross_profit": 16557000,
      "operating_income": 3476000,
      "net_income": 3014000,
      "opex": 13081000,
      "cogs": 2522000,
      "rd": 685000,
      "sga": null,
      "fcf": 12809000,
      "ocf": 12886000,
      "capex": -77000,
      "gross_margin": 0.8678127784475077,
      "op_margin": 0.18218984223491796,
      "fcf_margin": 0.6713664238167619,
      "op_leverage_ratio": 3.8543522646381687,
      "fcf_margin_change": 0.03730033588621029
    },
    {
      "date": "2021-09-30T00:00:00",
      "quarter_label": "2021-09 (Q3)",
      "revenue": 15688000,
      "gross_profit": 12696000,
      "operating_income": -261000,
      "net_income": 2823000,
      "opex": 12957000,
      "cogs": 2992000,
      "rd": 684000,
      "sga": null,
      "fcf": -12607000,
      "ocf": -12667000,
      "capex": 60000,
      "gross_margin": 0.8092809790922999,
      "op_margin": -0.01663691993880673,
      "fcf_margin": -0.803607853136155,
      "fcf_margin_change": -1.474974276952917
    },
    {
      "date": "2021-12-31T00:00:00",
      "quarter_label": "2021-12 (Q4)",
      "revenue": 13661000,
      "gross_profit": 10805000,
      "operating_income": -3761000,
      "net_income": -3284000,
      "opex": 14566000,
      "cogs": 2856000,
      "rd": 538000,
      "sga": null,
      "fcf": -17371000,
      "ocf": -17366000,
      "capex": -5000,
      "gross_margin": 0.790937705878047,
      "op_margin": -0.27530927457726373,
      "fcf_margin": -1.271576019325086,
      "incr_op_margin_yoy": -2.431239388794567,
      "rev_growth_yoy": 0.0943683409436834,
      "fcf_margin_change": -0.467968166188931
    },
    {
      "date": "2022-03-31T00:00:00",
      "quarter_label": "2022-03 (Q1)",
      "revenue": 18453000,
      "gross_profit": 15621000,
      "operating_income": 1919000,
      "net_income": 2359000,
      "opex": 13702000,
      "cogs": 2832000,
      "rd": 453000,
      "sga": null,
      "fcf": -6853000,
      "ocf": -6764000,
      "capex": -89000,
      "gross_margin": 0.8465290196715981,
      "op_margin": 0.1039939305262017,
      "fcf_margin": -0.3713759280333821,
      "incr_op_margin_yoy": 0.6442792036459583,
      "rev_growth_yoy": 0.29186502380285634,
      "rev_growth_yoy_accel": 0.19749668285917293,
      "op_leverage_ratio": Infinity,
      "fcf_margin_change": 0.9002000912917039
    },
    {
      "date": "2022-06-30T00:00:00",
      "quarter_label": "2022-06 (Q2)",
      "revenue": 17689000,
      "gross_profit": 15526000,
      "operating_income": 1781000,
      "net_income": 1028000,
      "opex": 13745000,
      "cogs": 2163000,
      "rd": 454000,
      "sga": null,
      "fcf": -10312000,
      "ocf": -10226000,
      "capex": -86000,
      "gross_margin": 0.8777206173328057,
      "op_margin": 0.10068404092939115,
      "fcf_margin": -0.5829611623042569,
      "incr_op_margin_yoy": 1.2194244604316546,
      "rev_growth_yoy": -0.07285497143456156,
      "rev_growth_yoy_accel": -0.3647199952374179,
      "fcf_margin_change": -0.21158523427087478
    },
    {
      "date": "2022-09-30T00:00:00",
      "quarter_label": "2022-09 (Q3)",
      "revenue": 15849000,
      "gross_profit": 13525000,
      "operating_income": 273000,
      "net_income": 795000,
      "opex": 13252000,
      "cogs": 2324000,
      "rd": 484000,
      "sga": null,
      "fcf": -3920000,
      "ocf": -3859000,
      "capex": -61000,
      "gross_margin": 0.8533661429743201,
      "op_margin": 0.01722506151807685,
      "fcf_margin": -0.24733421666982144,
      "rev_growth_yoy": 0.010262621111677715,
      "rev_growth_yoy_accel": 0.08311759254623927,
      "fcf_margin_change": 0.3356269456344354
    },
    {
      "date": "2022-12-31T00:00:00",
      "quarter_label": "2022-12 (Q4)",
      "revenue": 18608000,
      "gross_profit": 15924000,
      "operating_income": 3584000,
      "net_income": 2452000,
      "opex": 12340000,
      "cogs": 2684000,
      "rd": 673000,
      "sga": null,
      "fcf": -2498000,
      "ocf": -2272000,
      "capex": -226000,
      "gross_margin": 0.8557609630266552,
      "op_margin": 0.19260533104041272,
      "fcf_margin": -0.1342433361994841,
      "incr_op_margin_yoy": 1.484738225186982,
      "rev_growth_yoy": 0.36212575946124004,
      "rev_growth_yoy_accel": 0.35186313834956234,
      "op_leverage_ratio": Infinity,
      "fcf_margin_change": 0.11309088047033736
    },
    {
      "date": "2023-03-31T00:00:00",
      "quarter_label": "2023-03 (Q1)",
      "revenue": 21601000,
      "gross_profit": 18910000,
      "operating_income": 4711000,
      "net_income": 3673000,
      "opex": 14199000,
      "cogs": 2691000,
      "rd": 490000,
      "sga": null,
      "fcf": 424000,
      "ocf": 535000,
      "capex": -111000,
      "gross_margin": 0.8754224341465673,
      "op_margin": 0.21809175501134206,
      "fcf_margin": 0.01962872089255127,
      "incr_op_margin_yoy": 0.8869123252858958,
      "rev_growth_yoy": 0.17059556711645804,
      "rev_growth_yoy_accel": -0.191530192344782,
      "op_leverage_ratio": 1.0676841347685981,
      "fcf_margin_change": 0.15387205709203536
    },
    {
      "date": "2023-06-30T00:00:00",
      "quarter_label": "2023-06 (Q2)",
      "revenue": 21128000,
      "gross_profit": 18248000,
      "operating_income": 3273000,
      "net_income": 2626000,
      "opex": 14975000,
      "cogs": 2880000,
      "rd": 518000,
      "sga": null,
      "fcf": 5069000,
      "ocf": 5115000,
      "capex": -46000,
      "gross_margin": 0.8636879969708444,
      "op_margin": 0.1549129117758425,
      "fcf_margin": 0.23991859144263536,
      "incr_op_margin_yoy": 0.4338470485606281,
      "rev_growth_yoy": 0.19441460794844254,
      "rev_growth_yoy_accel": 0.023819040831984495,
      "fcf_margin_change": 0.2202898705500841
    },
    {
      "date": "2023-09-30T00:00:00",
      "quarter_label": "2023-09 (Q3)",
      "revenue": 20599000,
      "gross_profit": 17934000,
      "operating_income": 3109000,
      "net_income": 2348000,
      "opex": 14825000,
      "cogs": 2665000,
      "rd": 525000,
      "sga": null,
      "fcf": 3583000,
      "ocf": 3643000,
      "capex": -60000,
      "gross_margin": 0.8706247876110491,
      "op_margin": 0.1509296567794553,
      "fcf_margin": 0.17394048254769648,
      "incr_op_margin_yoy": 0.5970526315789474,
      "rev_growth_yoy": 0.29970345132184995,
      "rev_growth_yoy_accel": 0.10528884337340741,
      "fcf_margin_change": -0.06597810889493888
    },
    {
      "date": "2023-12-31T00:00:00",
      "quarter_label": "2023-12 (Q4)",
      "revenue": 21149000,
      "gross_profit": 18451000,
      "operating_income": 4479000,
      "net_income": 3719000,
      "opex": 13972000,
      "cogs": 2698000,
      "rd": 580000,
      "sga": null,
      "fcf": 1344000,
      "ocf": 1382000,
      "capex": -38000,
      "gross_margin": 0.8724289564518417,
      "op_margin": 0.2117830630289848,
      "fcf_margin": 0.06354910397654735,
      "incr_op_margin_yoy": 0.35222353404171586,
      "rev_growth_yoy": 0.13655417024935512,
      "rev_growth_yoy_accel": -0.16314928107249482,
      "op_leverage_ratio": Infinity,
      "fcf_margin_change": -0.11039137857114913
    },
    {
      "date": "2024-03-31T00:00:00",
      "quarter_label": "2024-03 (Q1)",
      "revenue": 21985000,
      "gross_profit": 19345000,
      "operating_income": 5591000,
      "net_income": 4236000,
      "opex": 13754000,
      "cogs": 2640000,
      "rd": 566000,
      "sga": null,
      "fcf": 4586000,
      "ocf": 4621000,
      "capex": -35000,
      "gross_margin": 0.8799181259949966,
      "op_margin": 0.2543097566522629,
      "fcf_margin": 0.2085967705253582,
      "rev_growth_yoy": 0.01777695477061247,
      "rev_growth_yoy_accel": -0.11877721547874265,
      "op_leverage_ratio": Infinity,
      "fcf_margin_change": 0.14504766654881085
    },
    {
      "date": "2024-06-30T00:00:00",
      "quarter_label": "2024-06 (Q2)",
      "revenue": 21141000,
      "gross_profit": 18621000,
      "operating_income": 4011000,
      "net_income": 2927000,
      "opex": 14610000,
      "cogs": 2520000,
      "rd": 603000,
      "sga": null,
      "fcf": 3258000,
      "ocf": 3306000,
      "capex": -48000,
      "gross_margin": 0.8808003405704555,
      "op_margin": 0.18972612459202498,
      "fcf_margin": 0.15410813111962537,
      "rev_growth_yoy": 0.0006152972358954941,
      "rev_growth_yoy_accel": -0.017161657534716976,
      "fcf_margin_change": -0.054488639405732814
    },
    {
      "date": "2024-09-30T00:00:00",
      "quarter_label": "2024-09 (Q3)",
      "revenue": 20098000,
      "gross_profit": 17550000,
      "operating_income": 4045000,
      "net_income": 3184000,
      "opex": 13505000,
      "cogs": 2548000,
      "rd": 594000,
      "sga": null,
      "fcf": 5284000,
      "ocf": 5330000,
      "capex": -46000,
      "gross_margin": 0.8732212160413971,
      "op_margin": 0.20126380734401433,
      "fcf_margin": 0.2629117325106976,
      "rev_growth_yoy": -0.024321569008204282,
      "rev_growth_yoy_accel": -0.024936866244099777,
      "fcf_margin_change": 0.10880360139107223
    },
    {
      "date": "2024-12-31T00:00:00",
      "quarter_label": "2024-12 (Q4)",
      "revenue": 20678000,
      "gross_profit": 17917000,
      "operating_income": 4851000,
      "net_income": 3217000,
      "opex": 13066000,
      "cogs": 2761000,
      "rd": 644000,
      "sga": null,
      "fcf": 7795000,
      "ocf": 7843000,
      "capex": -48000,
      "gross_margin": 0.866476448399265,
      "op_margin": 0.23459715639810427,
      "fcf_margin": 0.3769706934906664,
      "rev_growth_yoy": -0.02227055652749539,
      "rev_growth_yoy_accel": 0.0020510124807088907,
      "op_leverage_ratio": Infinity,
      "fcf_margin_change": 0.11405896097996882
    },
    {
      "date": "2025-03-31T00:00:00",
      "quarter_label": "2025-03 (Q1)",
      "revenue": 23140000,
      "gross_profit": 18968000,
      "operating_income": 3804000,
      "net_income": 3167000,
      "opex": 15164000,
      "cogs": 4172000,
      "rd": 634000,
      "sga": null,
      "fcf": 3263000,
      "ocf": 3284000,
      "capex": -21000,
      "gross_margin": 0.8197061365600692,
      "op_margin": 0.16439066551426101,
      "fcf_margin": 0.14101123595505619,
      "incr_op_margin_yoy": -1.5471861471861472,
      "rev_growth_yoy": 0.05253581987718899,
      "rev_growth_yoy_accel": 0.07480637640468438,
      "op_leverage_ratio": 0.7415094456181399,
      "fcf_margin_change": -0.23595945753561023
    },
    {
      "date": "2025-06-30T00:00:00",
      "quarter_label": "2025-06 (Q2)",
      "revenue": 23906000,
      "gross_profit": 18743000,
      "operating_income": 2060000,
      "net_income": 1402000,
      "opex": 16683000,
      "cogs": 5163000,
      "rd": 698000,
      "sga": null,
      "fcf": 1285000,
      "ocf": 1298000,
      "capex": -13000,
      "gross_margin": 0.7840291140299507,
      "op_margin": 0.086170835773446,
      "fcf_margin": 0.053752196101397136,
      "incr_op_margin_yoy": -0.7056057866184449,
      "rev_growth_yoy": 0.13078851520741686,
      "rev_growth_yoy_accel": 0.07825269533022786,
      "op_leverage_ratio": 0.33046191627458127,
      "fcf_margin_change": -0.08725903985365904
    },
    {
      "date": "2025-09-30T00:00:00",
      "quarter_label": "2025-09 (Q3)",
      "revenue": 22198000,
      "gross_profit": 17679000,
      "operating_income": 488000,
      "net_income": 150000,
      "opex": 17191000,
      "cogs": 4519000,
      "rd": 631000,
      "sga": null,
      "fcf": -388000,
      "ocf": -373000,
      "capex": -15000,
      "gross_margin": 0.7964231011802865,
      "op_margin": 0.021983962519145868,
      "fcf_margin": -0.01747905216686188,
      "incr_op_margin_yoy": -1.6938095238095239,
      "rev_growth_yoy": 0.10448800875709026,
      "rev_growth_yoy_accel": -0.026300506450326597,
      "fcf_margin_change": -0.07123124826825902
    }
  ],
  "signals": [
    {
      "quarter": "2025-06 (Q2)",
      "signal": "YoY REVENUE GROWTH ACCELERATION",
      "detail": "YoY growth: +13.1% vs prior quarter YoY: +5.3% (accel: +7.8%)",
      "severity": "MEDIUM"
    },
    {
      "quarter": "2025-03 (Q1)",
      "signal": "YoY REVENUE GROWTH ACCELERATION",
      "detail": "YoY growth: +5.3% vs prior quarter YoY: -2.2% (accel: +7.5%)",
      "severity": "MEDIUM"
    },
    {
      "quarter": "2024-12 (Q4)",
      "signal": "FCF MARGIN EXPANSION",
      "detail": "FCF margin: +26.3% -> +37.7% (+11.4%)",
      "severity": "MEDIUM"
    },
    {
      "quarter": "2024-09 (Q3)",
      "signal": "FCF MARGIN EXPANSION",
      "detail": "FCF margin: +15.4% -> +26.3% (+10.9%)",
      "severity": "MEDIUM"
    },
    {
      "quarter": "2024-03 (Q1)",
      "signal": "FCF MARGIN EXPANSION",
      "detail": "FCF margin: +6.4% -> +20.9% (+14.5%)",
      "severity": "MEDIUM"
    },
    {
      "quarter": "2024-03 (Q1)",
      "signal": "YoY REVENUE GROWTH DECELERATION",
      "detail": "YoY growth: +1.8% vs prior quarter YoY: +13.7% (decel: -11.9%)",
      "severity": "WARNING"
    },
    {
      "quarter": "2023-12 (Q4)",
      "signal": "YoY REVENUE GROWTH DECELERATION",
      "detail": "YoY growth: +13.7% vs prior quarter YoY: +30.0% (decel: -16.3%)",
      "severity": "WARNING"
    },
    {
      "quarter": "2023-12 (Q4)",
      "signal": "INCREMENTAL MARGIN (YoY)",
      "detail": "YoY Incr OPM: +35.2% vs year-ago OPM: +19.3%",
      "severity": "MEDIUM"
    },
    {
      "quarter": "2023-09 (Q3)",
      "signal": "YoY REVENUE GROWTH ACCELERATION",
      "detail": "YoY growth: +30.0% vs prior quarter YoY: +19.4% (accel: +10.5%)",
      "severity": "MEDIUM"
    },
    {
      "quarter": "2023-09 (Q3)",
      "signal": "INCREMENTAL MARGIN (YoY)",
      "detail": "YoY Incr OPM: +59.7% vs year-ago OPM: +1.7%",
      "severity": "HIGH"
    },
    {
      "quarter": "2023-06 (Q2)",
      "signal": "FCF MARGIN EXPANSION",
      "detail": "FCF margin: +2.0% -> +24.0% (+22.0%)",
      "severity": "MEDIUM"
    },
    {
      "quarter": "2023-06 (Q2)",
      "signal": "INCREMENTAL MARGIN (YoY)",
      "detail": "YoY Incr OPM: +43.4% vs year-ago OPM: +10.1%",
      "severity": "HIGH"
    },
    {
      "quarter": "2023-03 (Q1)",
      "signal": "FCF TURNED POSITIVE",
      "detail": "FCF margin: -13.4% -> +2.0%",
      "severity": "HIGH"
    },
    {
      "quarter": "2023-03 (Q1)",
      "signal": "YoY REVENUE GROWTH DECELERATION",
      "detail": "YoY growth: +17.1% vs prior quarter YoY: +36.2% (decel: -19.2%)",
      "severity": "WARNING"
    },
    {
      "quarter": "2023-03 (Q1)",
      "signal": "INCREMENTAL MARGIN (YoY)",
      "detail": "YoY Incr OPM: +88.7% vs year-ago OPM: +10.4%",
      "severity": "HIGH"
    },
    {
      "quarter": "2022-12 (Q4)",
      "signal": "FCF MARGIN EXPANSION",
      "detail": "FCF margin: -24.7% -> -13.4% (+11.3%)",
      "severity": "MEDIUM"
    },
    {
      "quarter": "2022-12 (Q4)",
      "signal": "YoY REVENUE GROWTH ACCELERATION",
      "detail": "YoY growth: +36.2% vs prior quarter YoY: +1.0% (accel: +35.2%)",
      "severity": "HIGH"
    },
    {
      "quarter": "2022-12 (Q4)",
      "signal": "OP MARGIN TURNED POSITIVE (YoY)",
      "detail": "Op margin: -27.5% (year-ago) -> +19.3%",
      "severity": "HIGH"
    },
    {
      "quarter": "2022-09 (Q3)",
      "signal": "FCF MARGIN EXPANSION",
      "detail": "FCF margin: -58.3% -> -24.7% (+33.6%)",
      "severity": "MEDIUM"
    },
    {
      "quarter": "2022-09 (Q3)",
      "signal": "YoY REVENUE GROWTH ACCELERATION",
      "detail": "YoY growth: +1.0% vs prior quarter YoY: -7.3% (accel: +8.3%)",
      "severity": "MEDIUM"
    },
    {
      "quarter": "2022-09 (Q3)",
      "signal": "OP MARGIN TURNED POSITIVE (YoY)",
      "detail": "Op margin: -1.7% (year-ago) -> +1.7%",
      "severity": "HIGH"
    },
    {
      "quarter": "2022-06 (Q2)",
      "signal": "YoY REVENUE GROWTH DECELERATION",
      "detail": "YoY growth: -7.3% vs prior quarter YoY: +29.2% (decel: -36.5%)",
      "severity": "WARNING"
    },
    {
      "quarter": "2022-06 (Q2)",
      "signal": "INCREMENTAL MARGIN (YoY)",
      "detail": "YoY Incr OPM: +121.9% vs year-ago OPM: +18.2%",
      "severity": "HIGH"
    },
    {
      "quarter": "2022-03 (Q1)",
      "signal": "FCF MARGIN EXPANSION",
      "detail": "FCF margin: -127.2% -> -37.1% (+90.0%)",
      "severity": "MEDIUM"
    },
    {
      "quarter": "2022-03 (Q1)",
      "signal": "GROSS MARGIN INFLECTION",
      "detail": "GM: +80.9% -> +79.1% -> +84.7% (reversal +5.6%)",
      "severity": "HIGH"
    },
    {
      "quarter": "2022-03 (Q1)",
      "signal": "YoY REVENUE GROWTH ACCELERATION",
      "detail": "YoY growth: +29.2% vs prior quarter YoY: +9.4% (accel: +19.7%)",
      "severity": "HIGH"
    },
    {
      "quarter": "2022-03 (Q1)",
      "signal": "OP MARGIN TURNED POSITIVE (YoY)",
      "detail": "Op margin: -5.4% (year-ago) -> +10.4%",
      "severity": "HIGH"
    },
    {
      "quarter": "2022-03 (Q1)",
      "signal": "OP MARGIN TURNED POSITIVE (QoQ)",
      "detail": "Op margin: -27.5% -> +10.4%",
      "severity": "HIGH"
    },
    {
      "quarter": "2021-06 (Q2)",
      "signal": "OPERATING LEVERAGE",
      "detail": "Rev growth +33.6% vs OpEx growth +8.7% (leverage: 3.9x)",
      "severity": "MEDIUM"
    },
    {
      "quarter": "2021-06 (Q2)",
      "signal": "OP MARGIN TURNED POSITIVE (QoQ)",
      "detail": "Op margin: -5.4% -> +18.2%",
      "severity": "HIGH"
    }
  ],
  "data_quality": {
    "n_quarters": 20,
    "coverage": {
      "revenue": [
        20,
        20
      ],
      "gross_profit": [
        20,
        20
      ],
      "op_income": [
        20,
        20
      ],
      "fcf": [
        20,
        20
      ]
    },
    "gaps": [],
    "warnings": []
  },
  "market_cap": null,
  "source": "SEC EDGAR",
  "last_updated": "2026-02-02T23:32:38.170337"
}