{
  "ticker": "U",
  "name": "UNITY SOFTWARE INC.",
  "sector": "Technology",
  "industry": "Software - Application",
  "quarters": [
    {
      "date": "2021-03-31T00:00:00",
      "quarter_label": "2021-03 (Q1)",
      "revenue": 234772000,
      "gross_profit": 176038000,
      "operating_income": -110902000,
      "net_income": -107460000,
      "opex": 286940000,
      "cogs": 58734000,
      "rd": 154015000,
      "sga": null,
      "fcf": -100626000,
      "ocf": -88882000,
      "capex": -11744000,
      "gross_margin": 0.7498253624793416,
      "op_margin": -0.4723817150256419,
      "fcf_margin": -0.42861158911624897
    },
    {
      "date": "2021-06-30T00:00:00",
      "quarter_label": "2021-06 (Q2)",
      "revenue": 273562000,
      "gross_profit": 215837000,
      "operating_income": -149184000,
      "net_income": -148342000,
      "opex": 365021000,
      "cogs": 57725000,
      "rd": 154216000,
      "sga": null,
      "fcf": -33488000,
      "ocf": -26681000,
      "capex": -6807000,
      "gross_margin": 0.7889875055746046,
      "op_margin": -0.5453388994085436,
      "fcf_margin": -0.12241466285522112,
      "op_leverage_ratio": 0.6071824456195273,
      "fcf_margin_change": 0.30619692626102785
    },
    {
      "date": "2021-09-30T00:00:00",
      "quarter_label": "2021-09 (Q3)",
      "revenue": 286328000,
      "gross_profit": 222811000,
      "operating_income": -126750000,
      "net_income": -115152000,
      "opex": 349561000,
      "cogs": 63517000,
      "rd": 178413000,
      "sga": null,
      "fcf": 34215000,
      "ocf": 43623000,
      "capex": -9408000,
      "gross_margin": 0.7781669972898214,
      "op_margin": -0.4426741359559666,
      "fcf_margin": 0.1194958229722556,
      "op_leverage_ratio": null,
      "fcf_margin_change": 0.2419104858274767
    },
    {
      "date": "2021-12-31T00:00:00",
      "quarter_label": "2021-12 (Q4)",
      "revenue": 315864000,
      "gross_profit": 242210000,
      "operating_income": -144829000,
      "net_income": -161653000,
      "opex": 387039000,
      "cogs": 73654000,
      "rd": 209066000,
      "sga": null,
      "fcf": -53488000,
      "ocf": -39509000,
      "capex": -13979000,
      "gross_margin": 0.7668173644353266,
      "op_margin": -0.4585169566648937,
      "fcf_margin": -0.16933870273282173,
      "op_leverage_ratio": 0.9621314827778322,
      "fcf_margin_change": -0.28883452570507734
    },
    {
      "date": "2022-03-31T00:00:00",
      "quarter_label": "2022-03 (Q1)",
      "revenue": 320126000,
      "gross_profit": 226293000,
      "operating_income": -171161000,
      "net_income": -177555000,
      "opex": 397454000,
      "cogs": 93833000,
      "rd": 221040000,
      "sga": null,
      "fcf": 86371000,
      "ocf": 101300000,
      "capex": -14929000,
      "gross_margin": 0.7068872881302987,
      "op_margin": -0.5346675996326447,
      "fcf_margin": 0.26980314001361966,
      "incr_op_margin_yoy": -0.7059891744968015,
      "rev_growth_yoy": 0.36356124239687865,
      "op_leverage_ratio": 0.5014282166614632,
      "fcf_margin_change": 0.4391418427464414
    },
    {
      "date": "2022-06-30T00:00:00",
      "quarter_label": "2022-06 (Q2)",
      "revenue": 297043000,
      "gross_profit": 200207000,
      "operating_income": -197666000,
      "net_income": -204158000,
      "opex": 397873000,
      "cogs": 96836000,
      "rd": 215960000,
      "sga": null,
      "fcf": -58298000,
      "ocf": -42870000,
      "capex": -15428000,
      "gross_margin": 0.6740000605972872,
      "op_margin": -0.6654457435455473,
      "fcf_margin": -0.19626114737596914,
      "incr_op_margin_yoy": -2.0647331885354117,
      "rev_growth_yoy": 0.08583428985019849,
      "rev_growth_yoy_accel": -0.2777269525466802,
      "fcf_margin_change": -0.4660642873895888
    },
    {
      "date": "2022-09-30T00:00:00",
      "quarter_label": "2022-09 (Q3)",
      "revenue": 322881000,
      "gross_profit": 210978000,
      "operating_income": -239626000,
      "net_income": -250021000,
      "opex": 450604000,
      "cogs": 111903000,
      "rd": 248380000,
      "sga": null,
      "fcf": -80787000,
      "ocf": -68800000,
      "capex": -11987000,
      "gross_margin": 0.6534233974746114,
      "op_margin": -0.7421495845218518,
      "fcf_margin": -0.25020673251135866,
      "incr_op_margin_yoy": -3.0880091921319726,
      "rev_growth_yoy": 0.12766128356290687,
      "rev_growth_yoy_accel": 0.041826993712708385,
      "op_leverage_ratio": 0.6563236177474836,
      "fcf_margin_change": -0.05394558513538952
    },
    {
      "date": "2022-12-31T00:00:00",
      "quarter_label": "2022-12 (Q4)",
      "revenue": 450974000,
      "gross_profit": 311046000,
      "operating_income": -273760000,
      "net_income": -289328000,
      "opex": 584806000,
      "cogs": 139928000,
      "rd": 274111000,
      "sga": null,
      "fcf": -63855000,
      "ocf": -49061000,
      "capex": -14794000,
      "gross_margin": 0.6897204716901639,
      "op_margin": -0.6070416476337882,
      "fcf_margin": -0.14159352867349337,
      "incr_op_margin_yoy": -0.9542668936422175,
      "rev_growth_yoy": 0.42774738495048503,
      "rev_growth_yoy_accel": 0.3000861013875782,
      "op_leverage_ratio": 1.332045200391,
      "fcf_margin_change": 0.1086132038378653
    },
    {
      "date": "2023-03-31T00:00:00",
      "quarter_label": "2023-03 (Q1)",
      "revenue": 500361000,
      "gross_profit": 338397000,
      "operating_income": -254984000,
      "net_income": -253031000,
      "opex": 593381000,
      "cogs": 161964000,
      "rd": 280480000,
      "sga": null,
      "fcf": -19449000,
      "ocf": -5099000,
      "capex": -14350000,
      "gross_margin": 0.6763057072793444,
      "op_margin": -0.5096000687503622,
      "fcf_margin": -0.03886993590627567,
      "incr_op_margin_yoy": -0.4650761505811857,
      "rev_growth_yoy": 0.5630126887538032,
      "rev_growth_yoy_accel": 0.13526530380331814,
      "op_leverage_ratio": 7.468593677790324,
      "fcf_margin_change": 0.10272359276721771
    },
    {
      "date": "2023-06-30T00:00:00",
      "quarter_label": "2023-06 (Q2)",
      "revenue": 533478000,
      "gross_profit": 374651000,
      "operating_income": -191452000,
      "net_income": -192160000,
      "opex": 566103000,
      "cogs": 158827000,
      "rd": 267955000,
      "sga": null,
      "fcf": 33525000,
      "ocf": 47643000,
      "capex": -14118000,
      "gross_margin": 0.7022801315143268,
      "op_margin": -0.3588751551141753,
      "fcf_margin": 0.0628423290182538,
      "incr_op_margin_yoy": 0.026282064838116185,
      "rev_growth_yoy": 0.7959622007588127,
      "rev_growth_yoy_accel": 0.23294951200500957,
      "op_leverage_ratio": null,
      "fcf_margin_change": 0.10171226492452948
    },
    {
      "date": "2023-09-30T00:00:00",
      "quarter_label": "2023-09 (Q3)",
      "revenue": 544210000,
      "gross_profit": 392861000,
      "operating_income": -127398000,
      "net_income": -124071000,
      "opex": 520259000,
      "cogs": 151349000,
      "rd": 240003000,
      "sga": null,
      "fcf": 103961000,
      "ocf": 120053000,
      "capex": -16092000,
      "gross_margin": 0.7218922842285147,
      "op_margin": -0.23409713162198417,
      "fcf_margin": 0.19103103581338085,
      "incr_op_margin_yoy": 0.5070641443281269,
      "rev_growth_yoy": 0.6854816480375123,
      "rev_growth_yoy_accel": -0.11048055272130042,
      "op_leverage_ratio": null,
      "fcf_margin_change": 0.12818870679512706
    },
    {
      "date": "2023-12-31T00:00:00",
      "quarter_label": "2023-12 (Q4)",
      "revenue": 609268000,
      "gross_profit": 347686000,
      "operating_income": -258960000,
      "net_income": -252749000,
      "opex": 606646000,
      "cogs": 261582000,
      "rd": 265150000,
      "sga": null,
      "fcf": 60742000,
      "ocf": 72103000,
      "capex": -11361000,
      "gross_margin": 0.5706618433923988,
      "op_margin": -0.42503463172200084,
      "fcf_margin": 0.09969668520257095,
      "incr_op_margin_yoy": 0.09349691081152792,
      "rev_growth_yoy": 0.35100471424073226,
      "rev_growth_yoy_accel": -0.33447693379678006,
      "op_leverage_ratio": 0.7199550790790484,
      "fcf_margin_change": -0.0913343506108099
    },
    {
      "date": "2024-03-31T00:00:00",
      "quarter_label": "2024-03 (Q1)",
      "revenue": 460380000,
      "gross_profit": 315993000,
      "operating_income": -374929000,
      "net_income": -291074000,
      "opex": 690922000,
      "cogs": 144387000,
      "rd": 282728000,
      "sga": null,
      "fcf": -14563000,
      "ocf": -7373000,
      "capex": -7190000,
      "gross_margin": 0.6863742994917242,
      "op_margin": -0.8143902862852426,
      "fcf_margin": -0.031632564403319,
      "incr_op_margin_yoy": 3.0000500237612866,
      "rev_growth_yoy": -0.07990430908883786,
      "rev_growth_yoy_accel": -0.43090902332957015,
      "fcf_margin_change": -0.13132924960588996
    },
    {
      "date": "2024-06-30T00:00:00",
      "quarter_label": "2024-06 (Q2)",
      "revenue": 449259000,
      "gross_profit": 340384000,
      "operating_income": -129420000,
      "net_income": -125574000,
      "opex": 469804000,
      "cogs": 108875000,
      "rd": 208935000,
      "sga": null,
      "fcf": 79610000,
      "ocf": 88376000,
      "capex": -8766000,
      "gross_margin": 0.7576564965866015,
      "op_margin": -0.28807436245016793,
      "fcf_margin": 0.1772029052283872,
      "incr_op_margin_yoy": -0.736555884064166,
      "rev_growth_yoy": -0.15786780335833905,
      "rev_growth_yoy_accel": -0.0779634942695012,
      "fcf_margin_change": 0.20883546963170618
    },
    {
      "date": "2024-09-30T00:00:00",
      "quarter_label": "2024-09 (Q3)",
      "revenue": 446517000,
      "gross_profit": 334463000,
      "operating_income": -127146000,
      "net_income": -124739000,
      "opex": 461609000,
      "cogs": 112054000,
      "rd": 215197000,
      "sga": null,
      "fcf": 115207000,
      "ocf": 122358000,
      "capex": -7151000,
      "gross_margin": 0.7490487484239122,
      "op_margin": -0.2847506365939035,
      "fcf_margin": 0.25801257286956597,
      "incr_op_margin_yoy": -0.002579509279068101,
      "rev_growth_yoy": -0.17951342312710167,
      "rev_growth_yoy_accel": -0.021645619768762614,
      "fcf_margin_change": 0.08080966764117878
    },
    {
      "date": "2024-12-31T00:00:00",
      "quarter_label": "2024-12 (Q4)",
      "revenue": 457099000,
      "gross_profit": 341562000,
      "operating_income": -123654000,
      "net_income": -122727000,
      "opex": 465216000,
      "cogs": 115537000,
      "rd": 217970000,
      "sga": null,
      "fcf": 105750000,
      "ocf": 112192000,
      "capex": -6442000,
      "gross_margin": 0.747238563199657,
      "op_margin": -0.27051907792403834,
      "fcf_margin": 0.23135032017134144,
      "incr_op_margin_yoy": -0.8891824221753445,
      "rev_growth_yoy": -0.24975708555184253,
      "rev_growth_yoy_accel": -0.07024366242474087,
      "op_leverage_ratio": 3.0328985562125106,
      "fcf_margin_change": -0.02666225269822453
    },
    {
      "date": "2025-03-31T00:00:00",
      "quarter_label": "2025-03 (Q1)",
      "revenue": 435000000,
      "gross_profit": 321043000,
      "operating_income": -127935000,
      "net_income": -77642000,
      "opex": 448978000,
      "cogs": 113957000,
      "rd": 220625000,
      "sga": null,
      "fcf": 7308000,
      "ocf": 13026000,
      "capex": -5718000,
      "gross_margin": 0.7380298850574712,
      "op_margin": -0.29410344827586204,
      "fcf_margin": 0.0168,
      "incr_op_margin_yoy": -9.731836091410559,
      "rev_growth_yoy": -0.05512837221425779,
      "rev_growth_yoy_accel": 0.19462871333758475,
      "fcf_margin_change": -0.21455032017134143
    },
    {
      "date": "2025-06-30T00:00:00",
      "quarter_label": "2025-06 (Q2)",
      "revenue": 440944000,
      "gross_profit": 326733000,
      "operating_income": -118752000,
      "net_income": -108798000,
      "opex": 445485000,
      "cogs": 114211000,
      "rd": 214807000,
      "sga": null,
      "fcf": 126650000,
      "ocf": 133096000,
      "capex": -6446000,
      "gross_margin": 0.7409852498276425,
      "op_margin": -0.2693131100547915,
      "fcf_margin": 0.2872246815922203,
      "incr_op_margin_yoy": -1.2829825616355983,
      "rev_growth_yoy": -0.018508254703856794,
      "rev_growth_yoy_accel": 0.03662011751040099,
      "op_leverage_ratio": null,
      "fcf_margin_change": 0.27042468159222033
    },
    {
      "date": "2025-09-30T00:00:00",
      "quarter_label": "2025-09 (Q3)",
      "revenue": 470615000,
      "gross_profit": 350283000,
      "operating_income": -125856000,
      "net_income": -126362000,
      "opex": 476139000,
      "cogs": 120332000,
      "rd": 244357000,
      "sga": null,
      "fcf": 151291000,
      "ocf": 155398000,
      "capex": -4107000,
      "gross_margin": 0.7443090424232122,
      "op_margin": -0.26742878998756947,
      "fcf_margin": 0.3214750911041934,
      "incr_op_margin_yoy": 0.05353141339530251,
      "rev_growth_yoy": 0.053968829854182485,
      "rev_growth_yoy_accel": 0.07247708455803928,
      "op_leverage_ratio": 0.9779005231314577,
      "fcf_margin_change": 0.03425040951197311
    },
    {
      "date": "2025-12-31T00:00:00",
      "quarter_label": "2025-12 (Q4)",
      "revenue": 503089000,
      "gross_profit": 373850000,
      "operating_income": -106510000,
      "net_income": -89963000,
      "opex": 480360000,
      "cogs": 129239000,
      "rd": 249727000,
      "sga": null,
      "fcf": 118682000,
      "ocf": 121435000,
      "capex": -2753000,
      "gross_margin": 0.7431090721522434,
      "op_margin": -0.21171204299835616,
      "fcf_margin": 0.23590656921538733,
      "incr_op_margin_yoy": 0.37277669058490975,
      "rev_growth_yoy": 0.10061277753834509,
      "rev_growth_yoy_accel": 0.04664394768416261,
      "op_leverage_ratio": 7.783741854941416,
      "fcf_margin_change": -0.08556852188880609
    }
  ],
  "signals": [
    {
      "quarter": "2025-12 (Q4)",
      "signal": "OPERATING LEVERAGE",
      "detail": "Rev growth +6.9% vs OpEx growth +0.9% (leverage: 7.8x)",
      "severity": "MEDIUM"
    },
    {
      "quarter": "2025-09 (Q3)",
      "signal": "YoY REVENUE GROWTH ACCELERATION",
      "detail": "YoY growth: +5.4% vs prior quarter YoY: -1.9% (accel: +7.2%)",
      "severity": "MEDIUM"
    },
    {
      "quarter": "2025-06 (Q2)",
      "signal": "FCF MARGIN EXPANSION",
      "detail": "FCF margin: +1.7% -> +28.7% (+27.0%)",
      "severity": "MEDIUM"
    },
    {
      "quarter": "2025-03 (Q1)",
      "signal": "YoY REVENUE GROWTH ACCELERATION",
      "detail": "YoY growth: -5.5% vs prior quarter YoY: -25.0% (accel: +19.5%)",
      "severity": "HIGH"
    },
    {
      "quarter": "2024-12 (Q4)",
      "signal": "OPERATING LEVERAGE",
      "detail": "Rev growth +2.4% vs OpEx growth +0.8% (leverage: 3.0x)",
      "severity": "MEDIUM"
    },
    {
      "quarter": "2024-12 (Q4)",
      "signal": "YoY REVENUE GROWTH DECELERATION",
      "detail": "YoY growth: -25.0% vs prior quarter YoY: -18.0% (decel: -7.0%)",
      "severity": "WARNING"
    },
    {
      "quarter": "2024-09 (Q3)",
      "signal": "FCF MARGIN EXPANSION",
      "detail": "FCF margin: +17.7% -> +25.8% (+8.1%)",
      "severity": "MEDIUM"
    },
    {
      "quarter": "2024-06 (Q2)",
      "signal": "FCF TURNED POSITIVE",
      "detail": "FCF margin: -3.2% -> +17.7%",
      "severity": "HIGH"
    },
    {
      "quarter": "2024-06 (Q2)",
      "signal": "YoY REVENUE GROWTH DECELERATION",
      "detail": "YoY growth: -15.8% vs prior quarter YoY: -8.0% (decel: -7.8%)",
      "severity": "WARNING"
    },
    {
      "quarter": "2024-03 (Q1)",
      "signal": "GROSS MARGIN INFLECTION",
      "detail": "GM: +72.2% -> +57.1% -> +68.6% (reversal +11.6%)",
      "severity": "HIGH"
    },
    {
      "quarter": "2024-03 (Q1)",
      "signal": "YoY REVENUE GROWTH DECELERATION",
      "detail": "YoY growth: -8.0% vs prior quarter YoY: +35.1% (decel: -43.1%)",
      "severity": "WARNING"
    },
    {
      "quarter": "2023-12 (Q4)",
      "signal": "YoY REVENUE GROWTH DECELERATION",
      "detail": "YoY growth: +35.1% vs prior quarter YoY: +68.5% (decel: -33.4%)",
      "severity": "WARNING"
    },
    {
      "quarter": "2023-09 (Q3)",
      "signal": "FCF MARGIN EXPANSION",
      "detail": "FCF margin: +6.3% -> +19.1% (+12.8%)",
      "severity": "MEDIUM"
    },
    {
      "quarter": "2023-09 (Q3)",
      "signal": "YoY REVENUE GROWTH DECELERATION",
      "detail": "YoY growth: +68.5% vs prior quarter YoY: +79.6% (decel: -11.0%)",
      "severity": "WARNING"
    },
    {
      "quarter": "2023-06 (Q2)",
      "signal": "FCF TURNED POSITIVE",
      "detail": "FCF margin: -3.9% -> +6.3%",
      "severity": "HIGH"
    },
    {
      "quarter": "2023-06 (Q2)",
      "signal": "GROSS MARGIN INFLECTION",
      "detail": "GM: +69.0% -> +67.6% -> +70.2% (reversal +2.6%)",
      "severity": "MEDIUM"
    },
    {
      "quarter": "2023-06 (Q2)",
      "signal": "YoY REVENUE GROWTH ACCELERATION",
      "detail": "YoY growth: +79.6% vs prior quarter YoY: +56.3% (accel: +23.3%)",
      "severity": "HIGH"
    },
    {
      "quarter": "2023-03 (Q1)",
      "signal": "FCF MARGIN EXPANSION",
      "detail": "FCF margin: -14.2% -> -3.9% (+10.3%)",
      "severity": "MEDIUM"
    },
    {
      "quarter": "2023-03 (Q1)",
      "signal": "OPERATING LEVERAGE",
      "detail": "Rev growth +11.0% vs OpEx growth +1.5% (leverage: 7.5x)",
      "severity": "MEDIUM"
    },
    {
      "quarter": "2023-03 (Q1)",
      "signal": "YoY REVENUE GROWTH ACCELERATION",
      "detail": "YoY growth: +56.3% vs prior quarter YoY: +42.8% (accel: +13.5%)",
      "severity": "MEDIUM"
    },
    {
      "quarter": "2022-12 (Q4)",
      "signal": "FCF MARGIN EXPANSION",
      "detail": "FCF margin: -25.0% -> -14.2% (+10.9%)",
      "severity": "MEDIUM"
    },
    {
      "quarter": "2022-12 (Q4)",
      "signal": "GROSS MARGIN INFLECTION",
      "detail": "GM: +67.4% -> +65.3% -> +69.0% (reversal +3.6%)",
      "severity": "MEDIUM"
    },
    {
      "quarter": "2022-12 (Q4)",
      "signal": "YoY REVENUE GROWTH ACCELERATION",
      "detail": "YoY growth: +42.8% vs prior quarter YoY: +12.8% (accel: +30.0%)",
      "severity": "HIGH"
    },
    {
      "quarter": "2022-06 (Q2)",
      "signal": "YoY REVENUE GROWTH DECELERATION",
      "detail": "YoY growth: +8.6% vs prior quarter YoY: +36.4% (decel: -27.8%)",
      "severity": "WARNING"
    },
    {
      "quarter": "2022-03 (Q1)",
      "signal": "FCF TURNED POSITIVE",
      "detail": "FCF margin: -16.9% -> +27.0%",
      "severity": "HIGH"
    },
    {
      "quarter": "2021-09 (Q3)",
      "signal": "FCF TURNED POSITIVE",
      "detail": "FCF margin: -12.2% -> +11.9%",
      "severity": "HIGH"
    },
    {
      "quarter": "2021-06 (Q2)",
      "signal": "FCF MARGIN EXPANSION",
      "detail": "FCF margin: -42.9% -> -12.2% (+30.6%)",
      "severity": "MEDIUM"
    }
  ],
  "data_quality": {
    "n_quarters": 20,
    "coverage": {
      "revenue": [
        20,
        20
      ],
      "gross_profit": [
        20,
        20
      ],
      "op_income": [
        20,
        20
      ],
      "fcf": [
        20,
        20
      ]
    },
    "gaps": [],
    "warnings": []
  },
  "market_cap": null,
  "source": "SEC EDGAR",
  "last_updated": "2026-02-13T11:44:36.611733"
}