{
  "ticker": "UA",
  "name": "UNDER ARMOUR, INC.",
  "quarters": [
    {
      "date": "2020-12-31T00:00:00",
      "quarter_label": "2020-12 (Q4)",
      "revenue": 1403766000,
      "gross_profit": 693622000,
      "operating_income": 55846000,
      "net_income": 184454000,
      "opex": 637776000,
      "cogs": 710144000,
      "rd": null,
      "sga": 585778000,
      "fcf": 441919000,
      "ocf": 462571000,
      "capex": -20652000,
      "gross_margin": 0.49411511605210556,
      "op_margin": 0.03978298377364888,
      "fcf_margin": 0.31480959077225124
    },
    {
      "date": "2021-03-31T00:00:00",
      "quarter_label": "2021-03 (Q1)",
      "revenue": 1257195000,
      "gross_profit": 628641000,
      "operating_income": 106890000,
      "net_income": 77752000,
      "opex": 521751000,
      "cogs": 628554000,
      "rd": null,
      "sga": 514638000,
      "fcf": -159053000,
      "ocf": -150588000,
      "capex": -8465000,
      "gross_margin": 0.5000346008375789,
      "op_margin": 0.08502260985765932,
      "fcf_margin": -0.12651418435485345,
      "fcf_margin_change": -0.4413237751271047
    },
    {
      "date": "2021-06-30T00:00:00",
      "quarter_label": "2021-06 (Q2)",
      "revenue": 1351534000,
      "gross_profit": 668821000,
      "operating_income": 121205000,
      "net_income": 59207000,
      "opex": 547616000,
      "cogs": 682713000,
      "rd": null,
      "sga": 545003000,
      "fcf": 233155000,
      "ocf": 252823000,
      "capex": -19668000,
      "gross_margin": 0.4948606546339197,
      "op_margin": 0.08967957890811477,
      "fcf_margin": 0.17251138336142488,
      "op_leverage_ratio": 1.5136986745429974,
      "fcf_margin_change": 0.2990255677162783
    },
    {
      "date": "2021-09-30T00:00:00",
      "quarter_label": "2021-09 (Q3)",
      "revenue": 1545532000,
      "gross_profit": 788104000,
      "operating_income": 172064000,
      "net_income": 113444000,
      "opex": 616040000,
      "cogs": 757428000,
      "rd": null,
      "sga": 599384000,
      "fcf": 78106000,
      "ocf": 107633000,
      "capex": -29527000,
      "gross_margin": 0.5099240908632109,
      "op_margin": 0.11132994981663272,
      "fcf_margin": 0.0505366436929161,
      "op_leverage_ratio": 1.1487828587725755,
      "fcf_margin_change": -0.12197473966850877
    },
    {
      "date": "2021-12-31T00:00:00",
      "quarter_label": "2021-12 (Q4)",
      "revenue": 1529205000,
      "gross_profit": 775933000,
      "operating_income": 86131000,
      "net_income": 109657000,
      "opex": 689802000,
      "cogs": 753272000,
      "rd": null,
      "sga": 675666000,
      "fcf": 442862000,
      "ocf": 454961000,
      "capex": -12099000,
      "gross_margin": 0.5074094055407875,
      "op_margin": 0.05632403765355201,
      "fcf_margin": 0.28960276745106117,
      "incr_op_margin_yoy": 0.24143209049817044,
      "rev_growth_yoy": 0.08935891024572472,
      "fcf_margin_change": 0.23906612375814507
    },
    {
      "date": "2022-03-31T00:00:00",
      "quarter_label": "2022-03 (Q1)",
      "revenue": 1300945000,
      "gross_profit": 605164000,
      "operating_income": -45956000,
      "net_income": -59610000,
      "opex": 651120000,
      "cogs": 695781000,
      "rd": null,
      "sga": 594446000,
      "fcf": -361568000,
      "ocf": -324075000,
      "capex": -37493000,
      "gross_margin": 0.4651726245152562,
      "op_margin": -0.03532509060721245,
      "fcf_margin": -0.2779271990745189,
      "incr_op_margin_yoy": -3.4936228571428574,
      "rev_growth_yoy": 0.03479969296728033,
      "rev_growth_yoy_accel": -0.054559217278444386,
      "fcf_margin_change": -0.5675299665255801
    },
    {
      "date": "2022-06-30T00:00:00",
      "quarter_label": "2022-06 (Q2)",
      "revenue": 1349057000,
      "gross_profit": 630197000,
      "operating_income": 34483000,
      "net_income": 7682000,
      "opex": 595714000,
      "cogs": 718860000,
      "rd": null,
      "sga": 595714000,
      "fcf": 51749000,
      "ocf": 87496000,
      "capex": -35747000,
      "gross_margin": 0.4671388977634007,
      "op_margin": 0.025560817667452152,
      "fcf_margin": 0.038359387335005116,
      "incr_op_margin_yoy": 35.01090028259992,
      "rev_growth_yoy": -0.0018327322879039668,
      "rev_growth_yoy_accel": -0.0366324252551843,
      "op_leverage_ratio": Infinity,
      "fcf_margin_change": 0.316286586409524
    },
    {
      "date": "2022-09-30T00:00:00",
      "quarter_label": "2022-09 (Q3)",
      "revenue": 1573885000,
      "gross_profit": 713834000,
      "operating_income": 119410000,
      "net_income": 86925000,
      "opex": 594424000,
      "cogs": 860051000,
      "rd": null,
      "sga": 594424000,
      "fcf": -148112000,
      "ocf": -89995000,
      "capex": -58117000,
      "gross_margin": 0.453549020417629,
      "op_margin": 0.07586958386413238,
      "fcf_margin": -0.09410598614257078,
      "incr_op_margin_yoy": -1.8570874334285614,
      "rev_growth_yoy": 0.0183451394083073,
      "rev_growth_yoy_accel": 0.02017787169621127,
      "op_leverage_ratio": Infinity,
      "fcf_margin_change": -0.1324653734775759
    },
    {
      "date": "2022-12-31T00:00:00",
      "quarter_label": "2022-12 (Q4)",
      "revenue": 1581781000,
      "gross_profit": 698405000,
      "operating_income": 94659000,
      "net_income": 121617000,
      "opex": 603746000,
      "cogs": 883376000,
      "rd": null,
      "sga": 603746000,
      "fcf": 23142000,
      "ocf": 76898000,
      "capex": -53756000,
      "gross_margin": 0.44153078080973285,
      "op_margin": 0.05984330321327668,
      "fcf_margin": 0.014630343897164019,
      "incr_op_margin_yoy": 0.16220328667072428,
      "rev_growth_yoy": 0.03438126346696486,
      "rev_growth_yoy_accel": 0.016036124058657557,
      "fcf_margin_change": 0.10873633003973479
    },
    {
      "date": "2023-03-31T00:00:00",
      "quarter_label": "2023-03 (Q1)",
      "revenue": 1398605000,
      "gross_profit": 605493000,
      "operating_income": 29562000,
      "net_income": 174360000,
      "opex": 575931000,
      "cogs": 793112000,
      "rd": null,
      "sga": 575931000,
      "fcf": -124731000,
      "ocf": -114285000,
      "capex": -10446000,
      "gross_margin": 0.43292638021457097,
      "op_margin": 0.0211367755728029,
      "fcf_margin": -0.08918243535522896,
      "incr_op_margin_yoy": 0.7732746262543518,
      "rev_growth_yoy": 0.0750685078923398,
      "rev_growth_yoy_accel": 0.04068724442537495,
      "fcf_margin_change": -0.10381277925239298
    },
    {
      "date": "2023-06-30T00:00:00",
      "quarter_label": "2023-06 (Q2)",
      "revenue": 1317012000,
      "gross_profit": 607736000,
      "operating_income": 20930000,
      "net_income": 8549000,
      "opex": 586806000,
      "cogs": 709276000,
      "rd": null,
      "sga": 586806000,
      "fcf": -38560000,
      "ocf": -6007000,
      "capex": -32553000,
      "gross_margin": 0.46145061700273043,
      "op_margin": 0.01589203439300477,
      "fcf_margin": -0.029278396855913234,
      "incr_op_margin_yoy": 0.4229364955531284,
      "rev_growth_yoy": -0.023753629387045914,
      "rev_growth_yoy_accel": -0.09882213727938571,
      "fcf_margin_change": 0.05990403849931573
    },
    {
      "date": "2023-09-30T00:00:00",
      "quarter_label": "2023-09 (Q3)",
      "revenue": 1566710000,
      "gross_profit": 751995000,
      "operating_income": 145759000,
      "net_income": 109614000,
      "opex": 606236000,
      "cogs": 814715000,
      "rd": null,
      "sga": 606236000,
      "fcf": 18659000,
      "ocf": 61490000,
      "capex": -42831000,
      "gross_margin": 0.47998353237038127,
      "op_margin": 0.09303508626357143,
      "fcf_margin": 0.011909670583579604,
      "incr_op_margin_yoy": -3.6723344947735193,
      "rev_growth_yoy": -0.004558782884391172,
      "rev_growth_yoy_accel": 0.019194846502654742,
      "op_leverage_ratio": 5.725943744749525,
      "fcf_margin_change": 0.04118806743949284
    },
    {
      "date": "2023-12-31T00:00:00",
      "quarter_label": "2023-12 (Q4)",
      "revenue": 1486095000,
      "gross_profit": 671181000,
      "operating_income": 69520000,
      "net_income": 114143000,
      "opex": 601661000,
      "cogs": 814914000,
      "rd": null,
      "sga": 601661000,
      "fcf": 380223000,
      "ocf": 421380000,
      "capex": -41157000,
      "gross_margin": 0.4516407093759147,
      "op_margin": 0.04678032023524741,
      "fcf_margin": 0.2558537643959505,
      "incr_op_margin_yoy": 0.2627239094538386,
      "rev_growth_yoy": -0.0604925713483725,
      "rev_growth_yoy_accel": -0.055933788463981324,
      "fcf_margin_change": 0.24394409381237087
    },
    {
      "date": "2024-03-31T00:00:00",
      "quarter_label": "2024-03 (Q1)",
      "revenue": 1332197000,
      "gross_profit": 599596000,
      "operating_income": -3554000,
      "net_income": 6568000,
      "opex": 603150000,
      "cogs": 732601000,
      "rd": null,
      "sga": 603150000,
      "fcf": -156685000,
      "ocf": -122893000,
      "capex": -33792000,
      "gross_margin": 0.45008058117530664,
      "op_margin": -0.002667773610059173,
      "fcf_margin": -0.11761398652001168,
      "incr_op_margin_yoy": 0.49867485845078907,
      "rev_growth_yoy": -0.04748159773488583,
      "rev_growth_yoy_accel": 0.013010973613486666,
      "fcf_margin_change": -0.3734677509159622
    },
    {
      "date": "2024-06-30T00:00:00",
      "quarter_label": "2024-06 (Q2)",
      "revenue": 1183665000,
      "gross_profit": 562675000,
      "operating_income": -299728000,
      "net_income": -305426000,
      "opex": 862403000,
      "cogs": 620990000,
      "rd": null,
      "sga": 837317000,
      "fcf": 107294000,
      "ocf": 152975000,
      "capex": -45681000,
      "gross_margin": 0.4753667634001174,
      "op_margin": -0.25322029459348716,
      "fcf_margin": 0.09064557961923349,
      "incr_op_margin_yoy": 2.4046885194267587,
      "rev_growth_yoy": -0.10124964692804621,
      "rev_growth_yoy_accel": -0.053768049193160375,
      "fcf_margin_change": 0.20825956613924518
    },
    {
      "date": "2024-09-30T00:00:00",
      "quarter_label": "2024-09 (Q3)",
      "revenue": 1399023000,
      "gross_profit": 696132000,
      "operating_income": 173080000,
      "net_income": 170382000,
      "opex": 523052000,
      "cogs": 702891000,
      "rd": null,
      "sga": 519840000,
      "fcf": -367206000,
      "ocf": -321384000,
      "capex": -45822000,
      "gross_margin": 0.49758438567486024,
      "op_margin": 0.12371490675993176,
      "fcf_margin": -0.2624731687756384,
      "incr_op_margin_yoy": -0.16292855140827853,
      "rev_growth_yoy": -0.10703129487907781,
      "rev_growth_yoy_accel": -0.0057816479510316016,
      "op_leverage_ratio": Infinity,
      "fcf_margin_change": -0.3531187483948719
    },
    {
      "date": "2024-12-31T00:00:00",
      "quarter_label": "2024-12 (Q4)",
      "revenue": 1401039000,
      "gross_profit": 665155000,
      "operating_income": 13509000,
      "net_income": 1234000,
      "opex": 651646000,
      "cogs": 735884000,
      "rd": null,
      "sga": 637701000,
      "fcf": 262932000,
      "ocf": 311289000,
      "capex": -48357000,
      "gross_margin": 0.47475837574828395,
      "op_margin": 0.009642129876470248,
      "fcf_margin": 0.1876692940025224,
      "incr_op_margin_yoy": 0.6585190933032355,
      "rev_growth_yoy": -0.05723456441210017,
      "rev_growth_yoy_accel": 0.04979673046697764,
      "fcf_margin_change": 0.45014246277816083
    },
    {
      "date": "2025-03-31T00:00:00",
      "quarter_label": "2025-03 (Q1)",
      "revenue": 1180583000,
      "gross_profit": 550782000,
      "operating_income": -72077000,
      "net_income": -67457000,
      "opex": 622859000,
      "cogs": 629801000,
      "rd": null,
      "sga": 607133000,
      "fcf": -231023000,
      "ocf": -202199000,
      "capex": -28824000,
      "gross_margin": 0.46653390739998796,
      "op_margin": -0.061052039543174855,
      "fcf_margin": -0.19568552147540663,
      "incr_op_margin_yoy": 0.4519569432901975,
      "rev_growth_yoy": -0.11380749243542809,
      "rev_growth_yoy_accel": -0.056572928023327924,
      "fcf_margin_change": -0.38335481547792905
    },
    {
      "date": "2025-06-30T00:00:00",
      "quarter_label": "2025-06 (Q2)",
      "revenue": 1134068000,
      "gross_profit": 546496000,
      "operating_income": 3323000,
      "net_income": -2612000,
      "opex": 543173000,
      "cogs": 587572000,
      "rd": null,
      "sga": 530345000,
      "fcf": 13490000,
      "ocf": 48852000,
      "capex": -35362000,
      "gross_margin": 0.4818899748515962,
      "op_margin": 0.002930159390794908,
      "fcf_margin": 0.011895230268378968,
      "incr_op_margin_yoy": -6.1102687662560236,
      "rev_growth_yoy": -0.04190121360351113,
      "rev_growth_yoy_accel": 0.07190627883191697,
      "fcf_margin_change": 0.2075807517437856
    },
    {
      "date": "2025-09-30T00:00:00",
      "quarter_label": "2025-09 (Q3)",
      "revenue": 1333380000,
      "gross_profit": 630584000,
      "operating_income": 17046000,
      "net_income": -18814000,
      "opex": 613538000,
      "cogs": 702796000,
      "rd": null,
      "sga": 581632000,
      "fcf": -90319000,
      "ocf": -69830000,
      "capex": -20489000,
      "gross_margin": 0.47292144774932876,
      "op_margin": 0.012784052558160465,
      "fcf_margin": -0.06773687920922768,
      "incr_op_margin_yoy": 2.3770089727769905,
      "rev_growth_yoy": -0.046920601019425696,
      "rev_growth_yoy_accel": -0.005019387415914567,
      "op_leverage_ratio": 1.3566750335979993,
      "fcf_margin_change": -0.07963210947760664
    }
  ],
  "signals": [
    {
      "quarter": "2025-09 (Q3)",
      "signal": "INCREMENTAL MARGIN (YoY)",
      "detail": "YoY Incr OPM: +237.7% vs year-ago OPM: +12.4%",
      "severity": "HIGH"
    },
    {
      "quarter": "2025-06 (Q2)",
      "signal": "FCF TURNED POSITIVE",
      "detail": "FCF margin: -19.6% -> +1.2%",
      "severity": "HIGH"
    },
    {
      "quarter": "2025-06 (Q2)",
      "signal": "YoY REVENUE GROWTH ACCELERATION",
      "detail": "YoY growth: -4.2% vs prior quarter YoY: -11.4% (accel: +7.2%)",
      "severity": "MEDIUM"
    },
    {
      "quarter": "2025-06 (Q2)",
      "signal": "OP MARGIN TURNED POSITIVE (YoY)",
      "detail": "Op margin: -25.3% (year-ago) -> +0.3%",
      "severity": "HIGH"
    },
    {
      "quarter": "2025-06 (Q2)",
      "signal": "OP MARGIN TURNED POSITIVE (QoQ)",
      "detail": "Op margin: -6.1% -> +0.3%",
      "severity": "HIGH"
    },
    {
      "quarter": "2025-03 (Q1)",
      "signal": "YoY REVENUE GROWTH DECELERATION",
      "detail": "YoY growth: -11.4% vs prior quarter YoY: -5.7% (decel: -5.7%)",
      "severity": "WARNING"
    },
    {
      "quarter": "2024-12 (Q4)",
      "signal": "FCF TURNED POSITIVE",
      "detail": "FCF margin: -26.2% -> +18.8%",
      "severity": "HIGH"
    },
    {
      "quarter": "2024-12 (Q4)",
      "signal": "INCREMENTAL MARGIN (YoY)",
      "detail": "YoY Incr OPM: +65.9% vs year-ago OPM: +4.7%",
      "severity": "HIGH"
    },
    {
      "quarter": "2024-09 (Q3)",
      "signal": "OP MARGIN TURNED POSITIVE (QoQ)",
      "detail": "Op margin: -25.3% -> +12.4%",
      "severity": "HIGH"
    },
    {
      "quarter": "2024-06 (Q2)",
      "signal": "FCF TURNED POSITIVE",
      "detail": "FCF margin: -11.8% -> +9.1%",
      "severity": "HIGH"
    },
    {
      "quarter": "2024-06 (Q2)",
      "signal": "GROSS MARGIN INFLECTION",
      "detail": "GM: +45.2% -> +45.0% -> +47.5% (reversal +2.5%)",
      "severity": "MEDIUM"
    },
    {
      "quarter": "2024-06 (Q2)",
      "signal": "YoY REVENUE GROWTH DECELERATION",
      "detail": "YoY growth: -10.1% vs prior quarter YoY: -4.7% (decel: -5.4%)",
      "severity": "WARNING"
    },
    {
      "quarter": "2023-12 (Q4)",
      "signal": "FCF MARGIN EXPANSION",
      "detail": "FCF margin: +1.2% -> +25.6% (+24.4%)",
      "severity": "MEDIUM"
    },
    {
      "quarter": "2023-12 (Q4)",
      "signal": "YoY REVENUE GROWTH DECELERATION",
      "detail": "YoY growth: -6.0% vs prior quarter YoY: -0.5% (decel: -5.6%)",
      "severity": "WARNING"
    },
    {
      "quarter": "2023-12 (Q4)",
      "signal": "INCREMENTAL MARGIN (YoY)",
      "detail": "YoY Incr OPM: +26.3% vs year-ago OPM: +6.0%",
      "severity": "HIGH"
    },
    {
      "quarter": "2023-09 (Q3)",
      "signal": "FCF TURNED POSITIVE",
      "detail": "FCF margin: -2.9% -> +1.2%",
      "severity": "HIGH"
    },
    {
      "quarter": "2023-09 (Q3)",
      "signal": "OPERATING LEVERAGE",
      "detail": "Rev growth +19.0% vs OpEx growth +3.3% (leverage: 5.7x)",
      "severity": "MEDIUM"
    },
    {
      "quarter": "2023-06 (Q2)",
      "signal": "FCF MARGIN EXPANSION",
      "detail": "FCF margin: -8.9% -> -2.9% (+6.0%)",
      "severity": "MEDIUM"
    },
    {
      "quarter": "2023-06 (Q2)",
      "signal": "GROSS MARGIN INFLECTION",
      "detail": "GM: +44.2% -> +43.3% -> +46.1% (reversal +2.9%)",
      "severity": "MEDIUM"
    },
    {
      "quarter": "2023-06 (Q2)",
      "signal": "YoY REVENUE GROWTH DECELERATION",
      "detail": "YoY growth: -2.4% vs prior quarter YoY: +7.5% (decel: -9.9%)",
      "severity": "WARNING"
    },
    {
      "quarter": "2023-06 (Q2)",
      "signal": "INCREMENTAL MARGIN (YoY)",
      "detail": "YoY Incr OPM: +42.3% vs year-ago OPM: +2.6%",
      "severity": "HIGH"
    },
    {
      "quarter": "2023-03 (Q1)",
      "signal": "OP MARGIN TURNED POSITIVE (YoY)",
      "detail": "Op margin: -3.5% (year-ago) -> +2.1%",
      "severity": "HIGH"
    },
    {
      "quarter": "2022-12 (Q4)",
      "signal": "FCF TURNED POSITIVE",
      "detail": "FCF margin: -9.4% -> +1.5%",
      "severity": "HIGH"
    },
    {
      "quarter": "2022-12 (Q4)",
      "signal": "INCREMENTAL MARGIN (YoY)",
      "detail": "YoY Incr OPM: +16.2% vs year-ago OPM: +5.6%",
      "severity": "MEDIUM"
    },
    {
      "quarter": "2022-06 (Q2)",
      "signal": "FCF TURNED POSITIVE",
      "detail": "FCF margin: -27.8% -> +3.8%",
      "severity": "HIGH"
    },
    {
      "quarter": "2022-06 (Q2)",
      "signal": "INCREMENTAL MARGIN (YoY)",
      "detail": "YoY Incr OPM: +3501.1% vs year-ago OPM: +9.0%",
      "severity": "HIGH"
    },
    {
      "quarter": "2022-06 (Q2)",
      "signal": "OP MARGIN TURNED POSITIVE (QoQ)",
      "detail": "Op margin: -3.5% -> +2.6%",
      "severity": "HIGH"
    },
    {
      "quarter": "2022-03 (Q1)",
      "signal": "YoY REVENUE GROWTH DECELERATION",
      "detail": "YoY growth: +3.5% vs prior quarter YoY: +8.9% (decel: -5.5%)",
      "severity": "WARNING"
    },
    {
      "quarter": "2021-12 (Q4)",
      "signal": "FCF MARGIN EXPANSION",
      "detail": "FCF margin: +5.1% -> +29.0% (+23.9%)",
      "severity": "MEDIUM"
    },
    {
      "quarter": "2021-12 (Q4)",
      "signal": "INCREMENTAL MARGIN (YoY)",
      "detail": "YoY Incr OPM: +24.1% vs year-ago OPM: +4.0%",
      "severity": "HIGH"
    },
    {
      "quarter": "2021-06 (Q2)",
      "signal": "FCF TURNED POSITIVE",
      "detail": "FCF margin: -12.7% -> +17.3%",
      "severity": "HIGH"
    },
    {
      "quarter": "2021-06 (Q2)",
      "signal": "OPERATING LEVERAGE",
      "detail": "Rev growth +7.5% vs OpEx growth +5.0% (leverage: 1.5x)",
      "severity": "MEDIUM"
    }
  ],
  "data_quality": {
    "n_quarters": 20,
    "coverage": {
      "revenue": [
        20,
        20
      ],
      "gross_profit": [
        20,
        20
      ],
      "op_income": [
        20,
        20
      ],
      "fcf": [
        20,
        20
      ]
    },
    "gaps": [],
    "warnings": []
  },
  "market_cap": null,
  "source": "SEC EDGAR",
  "last_updated": "2026-02-03T00:55:48.851835"
}