{
  "ticker": "UAMY",
  "name": "UNITED STATES ANTIMONY CORP",
  "quarters": [
    {
      "date": "2020-12-31T00:00:00",
      "quarter_label": "2020-12 (Q4)",
      "revenue": 900117,
      "gross_profit": 555673,
      "operating_income": -1737219,
      "net_income": -1710399,
      "opex": 2292892,
      "cogs": 344444,
      "rd": null,
      "sga": null,
      "fcf": -761713,
      "ocf": -739077,
      "capex": -22636,
      "gross_margin": 0.6173341909996145,
      "op_margin": -1.9299924343168722,
      "fcf_margin": -0.8462377668680849
    },
    {
      "date": "2021-03-31T00:00:00",
      "quarter_label": "2021-03 (Q1)",
      "revenue": 1253287,
      "gross_profit": 212157,
      "operating_income": -341726,
      "net_income": -335488,
      "opex": 553883,
      "cogs": 1041130,
      "rd": null,
      "sga": null,
      "fcf": -2473152,
      "ocf": -2449854,
      "capex": -23298,
      "gross_margin": 0.16928046010211548,
      "op_margin": -0.27266380326293976,
      "fcf_margin": -1.9733325247928049,
      "op_leverage_ratio": Infinity,
      "fcf_margin_change": -1.12709475792472
    },
    {
      "date": "2021-06-30T00:00:00",
      "quarter_label": "2021-06 (Q2)",
      "revenue": 2275562,
      "gross_profit": 196398,
      "operating_income": -232190,
      "net_income": 337141,
      "opex": 428588,
      "cogs": 2079164,
      "rd": null,
      "sga": null,
      "fcf": 121416,
      "ocf": 213245,
      "capex": -91829,
      "gross_margin": 0.08630747041829667,
      "op_margin": -0.10203633212366879,
      "fcf_margin": 0.0533564895177543,
      "op_leverage_ratio": Infinity,
      "fcf_margin_change": 2.026689014310559
    },
    {
      "date": "2021-09-30T00:00:00",
      "quarter_label": "2021-09 (Q3)",
      "revenue": 2051713,
      "gross_profit": 101209,
      "operating_income": -111962,
      "net_income": -99232,
      "opex": 213171,
      "cogs": 1950504,
      "rd": null,
      "sga": null,
      "fcf": -742607,
      "ocf": -241255,
      "capex": -501352,
      "gross_margin": 0.04932902408865177,
      "op_margin": -0.05457001052291427,
      "fcf_margin": -0.36194487240661827,
      "fcf_margin_change": -0.41530136192437256
    },
    {
      "date": "2021-12-31T00:00:00",
      "quarter_label": "2021-12 (Q4)",
      "revenue": 2166944,
      "gross_profit": 328841,
      "operating_income": 25621,
      "net_income": 37110,
      "opex": 303220,
      "cogs": 1838103,
      "rd": null,
      "sga": null,
      "fcf": 14738,
      "ocf": 46387,
      "capex": -31649,
      "gross_margin": 0.1517533448026345,
      "op_margin": 0.011823563506948034,
      "fcf_margin": 0.0068012832818937635,
      "incr_op_margin_yoy": 1.391539649849585,
      "rev_growth_yoy": 1.407402593218437,
      "op_leverage_ratio": 0.13295416559123774,
      "fcf_margin_change": 0.36874615568851205
    },
    {
      "date": "2022-03-31T00:00:00",
      "quarter_label": "2022-03 (Q1)",
      "revenue": 3580306,
      "gross_profit": 1139388,
      "operating_income": 779580,
      "net_income": 786252,
      "opex": 359808,
      "cogs": 2440918,
      "rd": null,
      "sga": null,
      "fcf": -24638,
      "ocf": 163903,
      "capex": -188541,
      "gross_margin": 0.3182376031545907,
      "op_margin": 0.21774116514063324,
      "fcf_margin": -0.006881534706809977,
      "incr_op_margin_yoy": 0.48186370631266867,
      "rev_growth_yoy": 1.8567327355984702,
      "rev_growth_yoy_accel": 0.4493301423800331,
      "op_leverage_ratio": 3.4949359502303317,
      "fcf_margin_change": -0.01368281798870374
    },
    {
      "date": "2022-06-30T00:00:00",
      "quarter_label": "2022-06 (Q2)",
      "revenue": 3587925,
      "gross_profit": 722410,
      "operating_income": 366935,
      "net_income": 361223,
      "opex": 355475,
      "cogs": 2865515,
      "rd": null,
      "sga": null,
      "fcf": 386677,
      "ocf": 581135,
      "capex": -194458,
      "gross_margin": 0.2013447884222775,
      "op_margin": 0.10226941756028902,
      "fcf_margin": 0.10777176223025843,
      "incr_op_margin_yoy": 0.45652384286969383,
      "rev_growth_yoy": 0.5767203881942131,
      "rev_growth_yoy_accel": -1.280012347404257,
      "fcf_margin_change": 0.11465329693706841
    },
    {
      "date": "2022-09-30T00:00:00",
      "quarter_label": "2022-09 (Q3)",
      "revenue": 2463984,
      "gross_profit": 430918,
      "operating_income": 60486,
      "net_income": 50402,
      "opex": 370432,
      "cogs": 2033066,
      "rd": null,
      "sga": null,
      "fcf": -931344,
      "ocf": -722122,
      "capex": -209222,
      "gross_margin": 0.17488668757589335,
      "op_margin": 0.024548049013305283,
      "fcf_margin": -0.377982973915415,
      "rev_growth_yoy": 0.2009398975392757,
      "rev_growth_yoy_accel": -0.3757804906549374,
      "fcf_margin_change": -0.48575473614567344
    },
    {
      "date": "2022-12-31T00:00:00",
      "quarter_label": "2022-12 (Q4)",
      "revenue": 1420096,
      "gross_profit": -288922,
      "operating_income": -851192,
      "net_income": -761612,
      "opex": 562270,
      "cogs": 1709018,
      "rd": null,
      "sga": null,
      "fcf": -1406387,
      "ocf": -272193,
      "capex": -1134194,
      "gross_margin": -0.20345244265176438,
      "op_margin": -0.5993904637432962,
      "fcf_margin": -0.9903464272837893,
      "rev_growth_yoy": -0.34465496108805765,
      "rev_growth_yoy_accel": -0.5455948586273334,
      "fcf_margin_change": -0.6123634533683743
    },
    {
      "date": "2023-03-31T00:00:00",
      "quarter_label": "2023-03 (Q1)",
      "revenue": 2210844,
      "gross_profit": -535419,
      "operating_income": -1011856,
      "net_income": -806984,
      "opex": 476437,
      "cogs": 2746263,
      "rd": null,
      "sga": null,
      "fcf": -1706020,
      "ocf": -1204818,
      "capex": -501202,
      "gross_margin": -0.2421785526251513,
      "op_margin": -0.4576786059984332,
      "fcf_margin": -0.7716600538075052,
      "incr_op_margin_yoy": 1.308131222334026,
      "rev_growth_yoy": -0.3824985909025653,
      "rev_growth_yoy_accel": -0.03784362981450767,
      "op_leverage_ratio": Infinity,
      "fcf_margin_change": 0.21868637347628406
    },
    {
      "date": "2023-06-30T00:00:00",
      "quarter_label": "2023-06 (Q2)",
      "revenue": 2503573,
      "gross_profit": 295896,
      "operating_income": -510089,
      "net_income": -336465,
      "opex": 805985,
      "cogs": 2207677,
      "rd": null,
      "sga": null,
      "fcf": -2681010,
      "ocf": -1986678,
      "capex": -694332,
      "gross_margin": 0.1181894835900531,
      "op_margin": -0.20374440849138412,
      "fcf_margin": -1.0708735075829625,
      "incr_op_margin_yoy": 0.8088000944342797,
      "rev_growth_yoy": -0.3022225938390574,
      "rev_growth_yoy_accel": 0.08027599706350791,
      "op_leverage_ratio": 0.19142314662479343,
      "fcf_margin_change": -0.29921345377545727
    },
    {
      "date": "2023-09-30T00:00:00",
      "quarter_label": "2023-09 (Q3)",
      "revenue": 2313491,
      "gross_profit": -1061072,
      "operating_income": -1824561,
      "net_income": -1644528,
      "opex": 763489,
      "cogs": 3374563,
      "rd": null,
      "sga": null,
      "fcf": -768255,
      "ocf": -626391,
      "capex": -141864,
      "gross_margin": -0.4586453977992566,
      "op_margin": -0.7886613779781292,
      "fcf_margin": -0.332076070319703,
      "rev_growth_yoy": -0.061077101150007466,
      "rev_growth_yoy_accel": 0.24114549268904995,
      "fcf_margin_change": 0.7387974372632595
    },
    {
      "date": "2023-12-31T00:00:00",
      "quarter_label": "2023-12 (Q4)",
      "revenue": 1665247,
      "gross_profit": -2044189,
      "operating_income": -3722495,
      "net_income": -3560310,
      "opex": 1678306,
      "cogs": 3709436,
      "rd": null,
      "sga": null,
      "fcf": -1123413,
      "ocf": -932139,
      "capex": -191274,
      "gross_margin": -1.2275590347858305,
      "op_margin": -2.2354011146694757,
      "fcf_margin": -0.6746224433972858,
      "rev_growth_yoy": 0.1726298785434224,
      "rev_growth_yoy_accel": 0.23370697969342988,
      "fcf_margin_change": -0.34254637307758284
    },
    {
      "date": "2024-03-31T00:00:00",
      "quarter_label": "2024-03 (Q1)",
      "revenue": 2831390,
      "gross_profit": 822904,
      "operating_income": -68746,
      "net_income": -322768,
      "opex": 891650,
      "cogs": 2008486,
      "rd": null,
      "sga": null,
      "fcf": 12314,
      "ocf": 65027,
      "capex": -52713,
      "gross_margin": 0.2906360480188176,
      "op_margin": -0.024279947305033925,
      "fcf_margin": 0.004349100618424166,
      "rev_growth_yoy": 0.2806828523405541,
      "rev_growth_yoy_accel": 0.10805297379713172,
      "op_leverage_ratio": Infinity,
      "fcf_margin_change": 0.67897154401571
    },
    {
      "date": "2024-06-30T00:00:00",
      "quarter_label": "2024-06 (Q2)",
      "revenue": 2813780,
      "gross_profit": 908641,
      "operating_income": -213604,
      "net_income": 202792,
      "opex": 1122245,
      "cogs": 1905139,
      "rd": null,
      "sga": null,
      "fcf": 467931,
      "ocf": 565939,
      "capex": -98008,
      "gross_margin": 0.3229253886231333,
      "op_margin": -0.07591353979344512,
      "fcf_margin": 0.1662997817881995,
      "rev_growth_yoy": 0.12390571395361749,
      "rev_growth_yoy_accel": -0.15677713838693663,
      "fcf_margin_change": 0.16195068116977535
    },
    {
      "date": "2024-09-30T00:00:00",
      "quarter_label": "2024-09 (Q3)",
      "revenue": 2421020,
      "gross_profit": 425768,
      "operating_income": -845043,
      "net_income": -727509,
      "opex": 1270811,
      "cogs": 1995252,
      "rd": null,
      "sga": null,
      "fcf": 338859,
      "ocf": 411196,
      "capex": -72337,
      "gross_margin": 0.1758630659804545,
      "op_margin": -0.3490442045088434,
      "fcf_margin": 0.13996538648999182,
      "rev_growth_yoy": 0.04647910884459892,
      "rev_growth_yoy_accel": -0.07742660510901858,
      "fcf_margin_change": -0.02633439529820769
    },
    {
      "date": "2024-12-31T00:00:00",
      "quarter_label": "2024-12 (Q4)",
      "revenue": 6871772,
      "gross_profit": 1309605,
      "operating_income": -1263419,
      "net_income": -882919,
      "opex": 2573024,
      "cogs": 5562167,
      "rd": null,
      "sga": null,
      "fcf": 970603,
      "ocf": 1178141,
      "capex": -207538,
      "gross_margin": 0.19057748132504979,
      "op_margin": -0.18385636193983154,
      "fcf_margin": 0.14124493653165443,
      "incr_op_margin_yoy": 0.47230657684348004,
      "rev_growth_yoy": 3.126578219327223,
      "rev_growth_yoy_accel": 3.080099110482624,
      "op_leverage_ratio": 1.7940475820351842,
      "fcf_margin_change": 0.0012795500416626082
    },
    {
      "date": "2025-03-31T00:00:00",
      "quarter_label": "2025-03 (Q1)",
      "revenue": 7000005,
      "gross_profit": 2371730,
      "operating_income": 357992,
      "net_income": 546524,
      "opex": 2013738,
      "cogs": 4628275,
      "rd": null,
      "sga": null,
      "fcf": -2591802,
      "ocf": -1729291,
      "capex": -862511,
      "gross_margin": 0.338818329415479,
      "op_margin": 0.05114167775594446,
      "fcf_margin": -0.37025716410202564,
      "incr_op_margin_yoy": 0.10236925213770041,
      "rev_growth_yoy": 1.4722856971310911,
      "rev_growth_yoy_accel": -1.6542925221961318,
      "op_leverage_ratio": Infinity,
      "fcf_margin_change": -0.5115021006336801
    },
    {
      "date": "2025-06-30T00:00:00",
      "quarter_label": "2025-06 (Q2)",
      "revenue": 10525123,
      "gross_profit": 2837545,
      "operating_income": 20007,
      "net_income": 181555,
      "opex": 2817538,
      "cogs": 7687578,
      "rd": null,
      "sga": null,
      "fcf": -7159257,
      "ocf": -627695,
      "capex": -6531562,
      "gross_margin": 0.26959732442081674,
      "op_margin": 0.0019008803982623291,
      "fcf_margin": -0.6802064925987088,
      "incr_op_margin_yoy": 0.03029446362326251,
      "rev_growth_yoy": 2.740563583506884,
      "rev_growth_yoy_accel": 1.2682778863757929,
      "op_leverage_ratio": 1.261624960120372,
      "fcf_margin_change": -0.30994932849668316
    },
    {
      "date": "2025-09-30T00:00:00",
      "quarter_label": "2025-09 (Q3)",
      "revenue": 8701951,
      "gross_profit": 2013442,
      "operating_income": -4917182,
      "net_income": -4780700,
      "opex": 6930624,
      "cogs": 6688509,
      "rd": null,
      "sga": null,
      "fcf": -12538871,
      "ocf": -3863700,
      "capex": -8675171,
      "gross_margin": 0.2313782277100848,
      "op_margin": -0.5650666155210481,
      "fcf_margin": -1.440926408342221,
      "incr_op_margin_yoy": -0.6483336626369562,
      "rev_growth_yoy": 2.5943325540474675,
      "rev_growth_yoy_accel": -0.14623102945941646,
      "fcf_margin_change": -0.7607199157435123
    }
  ],
  "signals": [
    {
      "quarter": "2025-09 (Q3)",
      "signal": "YoY REVENUE GROWTH DECELERATION",
      "detail": "YoY growth: +259.4% vs prior quarter YoY: +274.1% (decel: -14.6%)",
      "severity": "WARNING"
    },
    {
      "quarter": "2025-06 (Q2)",
      "signal": "YoY REVENUE GROWTH ACCELERATION",
      "detail": "YoY growth: +274.1% vs prior quarter YoY: +147.2% (accel: +126.8%)",
      "severity": "HIGH"
    },
    {
      "quarter": "2025-06 (Q2)",
      "signal": "OP MARGIN TURNED POSITIVE (YoY)",
      "detail": "Op margin: -7.6% (year-ago) -> +0.2%",
      "severity": "HIGH"
    },
    {
      "quarter": "2025-03 (Q1)",
      "signal": "YoY REVENUE GROWTH DECELERATION",
      "detail": "YoY growth: +147.2% vs prior quarter YoY: +312.7% (decel: -165.4%)",
      "severity": "WARNING"
    },
    {
      "quarter": "2025-03 (Q1)",
      "signal": "OP MARGIN TURNED POSITIVE (YoY)",
      "detail": "Op margin: -2.4% (year-ago) -> +5.1%",
      "severity": "HIGH"
    },
    {
      "quarter": "2025-03 (Q1)",
      "signal": "OP MARGIN TURNED POSITIVE (QoQ)",
      "detail": "Op margin: -18.4% -> +5.1%",
      "severity": "HIGH"
    },
    {
      "quarter": "2024-12 (Q4)",
      "signal": "OPERATING LEVERAGE",
      "detail": "Rev growth +183.8% vs OpEx growth +102.5% (leverage: 1.8x)",
      "severity": "MEDIUM"
    },
    {
      "quarter": "2024-12 (Q4)",
      "signal": "YoY REVENUE GROWTH ACCELERATION",
      "detail": "YoY growth: +312.7% vs prior quarter YoY: +4.6% (accel: +308.0%)",
      "severity": "HIGH"
    },
    {
      "quarter": "2024-09 (Q3)",
      "signal": "YoY REVENUE GROWTH DECELERATION",
      "detail": "YoY growth: +4.6% vs prior quarter YoY: +12.4% (decel: -7.7%)",
      "severity": "WARNING"
    },
    {
      "quarter": "2024-06 (Q2)",
      "signal": "FCF MARGIN EXPANSION",
      "detail": "FCF margin: +0.4% -> +16.6% (+16.2%)",
      "severity": "MEDIUM"
    },
    {
      "quarter": "2024-06 (Q2)",
      "signal": "YoY REVENUE GROWTH DECELERATION",
      "detail": "YoY growth: +12.4% vs prior quarter YoY: +28.1% (decel: -15.7%)",
      "severity": "WARNING"
    },
    {
      "quarter": "2024-03 (Q1)",
      "signal": "FCF TURNED POSITIVE",
      "detail": "FCF margin: -67.5% -> +0.4%",
      "severity": "HIGH"
    },
    {
      "quarter": "2024-03 (Q1)",
      "signal": "GROSS MARGIN INFLECTION",
      "detail": "GM: -45.9% -> -122.8% -> +29.1% (reversal +151.8%)",
      "severity": "HIGH"
    },
    {
      "quarter": "2024-03 (Q1)",
      "signal": "YoY REVENUE GROWTH ACCELERATION",
      "detail": "YoY growth: +28.1% vs prior quarter YoY: +17.3% (accel: +10.8%)",
      "severity": "MEDIUM"
    },
    {
      "quarter": "2023-12 (Q4)",
      "signal": "YoY REVENUE GROWTH ACCELERATION",
      "detail": "YoY growth: +17.3% vs prior quarter YoY: -6.1% (accel: +23.4%)",
      "severity": "HIGH"
    },
    {
      "quarter": "2023-09 (Q3)",
      "signal": "FCF MARGIN EXPANSION",
      "detail": "FCF margin: -107.1% -> -33.2% (+73.9%)",
      "severity": "MEDIUM"
    },
    {
      "quarter": "2023-09 (Q3)",
      "signal": "YoY REVENUE GROWTH ACCELERATION",
      "detail": "YoY growth: -6.1% vs prior quarter YoY: -30.2% (accel: +24.1%)",
      "severity": "HIGH"
    },
    {
      "quarter": "2023-06 (Q2)",
      "signal": "GROSS MARGIN INFLECTION",
      "detail": "GM: -20.3% -> -24.2% -> +11.8% (reversal +36.0%)",
      "severity": "HIGH"
    },
    {
      "quarter": "2023-06 (Q2)",
      "signal": "YoY REVENUE GROWTH ACCELERATION",
      "detail": "YoY growth: -30.2% vs prior quarter YoY: -38.2% (accel: +8.0%)",
      "severity": "MEDIUM"
    },
    {
      "quarter": "2023-03 (Q1)",
      "signal": "FCF MARGIN EXPANSION",
      "detail": "FCF margin: -99.0% -> -77.2% (+21.9%)",
      "severity": "MEDIUM"
    },
    {
      "quarter": "2022-12 (Q4)",
      "signal": "YoY REVENUE GROWTH DECELERATION",
      "detail": "YoY growth: -34.5% vs prior quarter YoY: +20.1% (decel: -54.6%)",
      "severity": "WARNING"
    },
    {
      "quarter": "2022-09 (Q3)",
      "signal": "YoY REVENUE GROWTH DECELERATION",
      "detail": "YoY growth: +20.1% vs prior quarter YoY: +57.7% (decel: -37.6%)",
      "severity": "WARNING"
    },
    {
      "quarter": "2022-09 (Q3)",
      "signal": "OP MARGIN TURNED POSITIVE (YoY)",
      "detail": "Op margin: -5.5% (year-ago) -> +2.5%",
      "severity": "HIGH"
    },
    {
      "quarter": "2022-06 (Q2)",
      "signal": "FCF TURNED POSITIVE",
      "detail": "FCF margin: -0.7% -> +10.8%",
      "severity": "HIGH"
    },
    {
      "quarter": "2022-06 (Q2)",
      "signal": "YoY REVENUE GROWTH DECELERATION",
      "detail": "YoY growth: +57.7% vs prior quarter YoY: +185.7% (decel: -128.0%)",
      "severity": "WARNING"
    },
    {
      "quarter": "2022-06 (Q2)",
      "signal": "OP MARGIN TURNED POSITIVE (YoY)",
      "detail": "Op margin: -10.2% (year-ago) -> +10.2%",
      "severity": "HIGH"
    },
    {
      "quarter": "2022-03 (Q1)",
      "signal": "OPERATING LEVERAGE",
      "detail": "Rev growth +65.2% vs OpEx growth +18.7% (leverage: 3.5x)",
      "severity": "MEDIUM"
    },
    {
      "quarter": "2022-03 (Q1)",
      "signal": "YoY REVENUE GROWTH ACCELERATION",
      "detail": "YoY growth: +185.7% vs prior quarter YoY: +140.7% (accel: +44.9%)",
      "severity": "HIGH"
    },
    {
      "quarter": "2022-03 (Q1)",
      "signal": "OP MARGIN TURNED POSITIVE (YoY)",
      "detail": "Op margin: -27.3% (year-ago) -> +21.8%",
      "severity": "HIGH"
    },
    {
      "quarter": "2021-12 (Q4)",
      "signal": "FCF TURNED POSITIVE",
      "detail": "FCF margin: -36.2% -> +0.7%",
      "severity": "HIGH"
    },
    {
      "quarter": "2021-12 (Q4)",
      "signal": "GROSS MARGIN INFLECTION",
      "detail": "GM: +8.6% -> +4.9% -> +15.2% (reversal +10.2%)",
      "severity": "HIGH"
    },
    {
      "quarter": "2021-12 (Q4)",
      "signal": "OP MARGIN TURNED POSITIVE (YoY)",
      "detail": "Op margin: -193.0% (year-ago) -> +1.2%",
      "severity": "HIGH"
    },
    {
      "quarter": "2021-12 (Q4)",
      "signal": "OP MARGIN TURNED POSITIVE (QoQ)",
      "detail": "Op margin: -5.5% -> +1.2%",
      "severity": "HIGH"
    },
    {
      "quarter": "2021-06 (Q2)",
      "signal": "FCF TURNED POSITIVE",
      "detail": "FCF margin: -197.3% -> +5.3%",
      "severity": "HIGH"
    }
  ],
  "data_quality": {
    "n_quarters": 20,
    "coverage": {
      "revenue": [
        20,
        20
      ],
      "gross_profit": [
        20,
        20
      ],
      "op_income": [
        20,
        20
      ],
      "fcf": [
        20,
        20
      ]
    },
    "gaps": [],
    "warnings": []
  },
  "market_cap": null,
  "source": "SEC EDGAR",
  "last_updated": "2026-02-02T21:51:35.667657"
}