{
  "ticker": "UBER",
  "name": "UBER TECHNOLOGIES, INC.",
  "sector": "Technology",
  "industry": "Software - Application",
  "quarters": [
    {
      "date": "2021-03-31T00:00:00",
      "quarter_label": "2021-03 (Q1)",
      "revenue": 2903000000,
      "gross_profit": 1193000000,
      "operating_income": -1524000000,
      "net_income": -108000000,
      "opex": 4427000000,
      "cogs": 1710000000,
      "rd": 515000000,
      "sga": null,
      "fcf": -682000000,
      "ocf": -611000000,
      "capex": -71000000,
      "gross_margin": 0.4109541853255253,
      "op_margin": -0.5249741646572511,
      "fcf_margin": -0.2349293833964864
    },
    {
      "date": "2021-06-30T00:00:00",
      "quarter_label": "2021-06 (Q2)",
      "revenue": 3929000000,
      "gross_profit": 1830000000,
      "operating_income": -1188000000,
      "net_income": 1144000000,
      "opex": 5117000000,
      "cogs": 2099000000,
      "rd": 488000000,
      "sga": null,
      "fcf": -398000000,
      "ocf": -341000000,
      "capex": -57000000,
      "gross_margin": 0.4657673708322728,
      "op_margin": -0.30236701450750825,
      "fcf_margin": -0.10129804021379486,
      "op_leverage_ratio": 2.267570279620782,
      "fcf_margin_change": 0.13363134318269154
    },
    {
      "date": "2021-09-30T00:00:00",
      "quarter_label": "2021-09 (Q3)",
      "revenue": 4845000000,
      "gross_profit": 2407000000,
      "operating_income": -572000000,
      "net_income": -2424000000,
      "opex": 5417000000,
      "cogs": 2438000000,
      "rd": 493000000,
      "sga": null,
      "fcf": 524000000,
      "ocf": 614000000,
      "capex": -90000000,
      "gross_margin": 0.4968008255933953,
      "op_margin": -0.11805985552115583,
      "fcf_margin": 0.10815273477812178,
      "op_leverage_ratio": 3.9765606176295916,
      "fcf_margin_change": 0.20945077499191664
    },
    {
      "date": "2021-12-31T00:00:00",
      "quarter_label": "2021-12 (Q4)",
      "revenue": 5778000000,
      "gross_profit": 2674000000,
      "operating_income": -550000000,
      "net_income": 892000000,
      "opex": 6328000000,
      "cogs": 3104000000,
      "rd": 558000000,
      "sga": null,
      "fcf": -187000000,
      "ocf": -107000000,
      "capex": -80000000,
      "gross_margin": 0.4627898926964348,
      "op_margin": -0.09518864659051575,
      "fcf_margin": -0.03236413984077535,
      "op_leverage_ratio": 1.145060203294444,
      "fcf_margin_change": -0.14051687461889711
    },
    {
      "date": "2022-03-31T00:00:00",
      "quarter_label": "2022-03 (Q1)",
      "revenue": 6854000000,
      "gross_profit": 2828000000,
      "operating_income": -482000000,
      "net_income": -5930000000,
      "opex": 7336000000,
      "cogs": 4026000000,
      "rd": 587000000,
      "sga": null,
      "fcf": -47000000,
      "ocf": 15000000,
      "capex": -62000000,
      "gross_margin": 0.4126057776480887,
      "op_margin": -0.07032389845345784,
      "fcf_margin": -0.00685730960023344,
      "incr_op_margin_yoy": 0.2637307010883321,
      "rev_growth_yoy": 1.361005856011023,
      "op_leverage_ratio": 1.1690704203684474,
      "fcf_margin_change": 0.025506830240541914
    },
    {
      "date": "2022-06-30T00:00:00",
      "quarter_label": "2022-06 (Q2)",
      "revenue": 8073000000,
      "gross_profit": 2920000000,
      "operating_income": -713000000,
      "net_income": -2601000000,
      "opex": 8786000000,
      "cogs": 5153000000,
      "rd": 704000000,
      "sga": null,
      "fcf": 382000000,
      "ocf": 439000000,
      "capex": -57000000,
      "gross_margin": 0.36169949213427477,
      "op_margin": -0.08831908831908832,
      "fcf_margin": 0.04731822123126471,
      "incr_op_margin_yoy": 0.11462355212355213,
      "rev_growth_yoy": 1.0547213031305676,
      "rev_growth_yoy_accel": -0.3062845528804554,
      "op_leverage_ratio": 0.8998102291136311,
      "fcf_margin_change": 0.05417553083149815
    },
    {
      "date": "2022-09-30T00:00:00",
      "quarter_label": "2022-09 (Q3)",
      "revenue": 8343000000,
      "gross_profit": 3170000000,
      "operating_income": -495000000,
      "net_income": -1206000000,
      "opex": 8838000000,
      "cogs": 5173000000,
      "rd": 760000000,
      "sga": null,
      "fcf": 358000000,
      "ocf": 432000000,
      "capex": -74000000,
      "gross_margin": 0.3799592472731631,
      "op_margin": -0.0593311758360302,
      "fcf_margin": 0.0429102241399976,
      "incr_op_margin_yoy": 0.0220125786163522,
      "rev_growth_yoy": 0.7219814241486068,
      "rev_growth_yoy_accel": -0.3327398789819608,
      "op_leverage_ratio": 5.650887573964496,
      "fcf_margin_change": -0.004407997091267109
    },
    {
      "date": "2022-12-31T00:00:00",
      "quarter_label": "2022-12 (Q4)",
      "revenue": 8607000000,
      "gross_profit": 3300000000,
      "operating_income": -142000000,
      "net_income": 595000000,
      "opex": 8749000000,
      "cogs": 5307000000,
      "rd": 747000000,
      "sga": null,
      "fcf": -303000000,
      "ocf": -244000000,
      "capex": -59000000,
      "gross_margin": 0.3834088532589753,
      "op_margin": -0.016498199140234693,
      "fcf_margin": -0.03520390379923318,
      "incr_op_margin_yoy": 0.14422057264050903,
      "rev_growth_yoy": 0.48961578400830735,
      "rev_growth_yoy_accel": -0.23236564014029942,
      "op_leverage_ratio": null,
      "fcf_margin_change": -0.07811412793923078
    },
    {
      "date": "2023-03-31T00:00:00",
      "quarter_label": "2023-03 (Q1)",
      "revenue": 8823000000,
      "gross_profit": 3564000000,
      "operating_income": -262000000,
      "net_income": -157000000,
      "opex": 9085000000,
      "cogs": 5259000000,
      "rd": 775000000,
      "sga": null,
      "fcf": 549000000,
      "ocf": 606000000,
      "capex": -57000000,
      "gross_margin": 0.40394423665419926,
      "op_margin": -0.029695115040235746,
      "fcf_margin": 0.06222373342400544,
      "incr_op_margin_yoy": 0.11173184357541899,
      "rev_growth_yoy": 0.28727750218850306,
      "rev_growth_yoy_accel": -0.2023382818198043,
      "op_leverage_ratio": 0.6534631280187222,
      "fcf_margin_change": 0.09742763722323862
    },
    {
      "date": "2023-06-30T00:00:00",
      "quarter_label": "2023-06 (Q2)",
      "revenue": 9230000000,
      "gross_profit": 3715000000,
      "operating_income": 326000000,
      "net_income": 394000000,
      "opex": 8904000000,
      "cogs": 5515000000,
      "rd": 808000000,
      "sga": null,
      "fcf": 1140000000,
      "ocf": 1190000000,
      "capex": -50000000,
      "gross_margin": 0.40249187432286027,
      "op_margin": 0.03531960996749729,
      "fcf_margin": 0.12351029252437704,
      "incr_op_margin_yoy": 0.8980121002592912,
      "rev_growth_yoy": 0.143317230273752,
      "rev_growth_yoy_accel": -0.14396027191475105,
      "op_leverage_ratio": null,
      "fcf_margin_change": 0.0612865591003716
    },
    {
      "date": "2023-09-30T00:00:00",
      "quarter_label": "2023-09 (Q3)",
      "revenue": 9292000000,
      "gross_profit": 3666000000,
      "operating_income": 394000000,
      "net_income": 221000000,
      "opex": 8898000000,
      "cogs": 5626000000,
      "rd": 797000000,
      "sga": null,
      "fcf": 905000000,
      "ocf": 966000000,
      "capex": -61000000,
      "gross_margin": 0.39453293155402497,
      "op_margin": 0.04240206629358588,
      "fcf_margin": 0.09739560912613,
      "incr_op_margin_yoy": 0.9367755532139094,
      "rev_growth_yoy": 0.11374805225937912,
      "rev_growth_yoy_accel": -0.029569178014372893,
      "fcf_margin_change": -0.026114683398247032
    },
    {
      "date": "2023-12-31T00:00:00",
      "quarter_label": "2023-12 (Q4)",
      "revenue": 9936000000,
      "gross_profit": 3879000000,
      "operating_income": 652000000,
      "net_income": 1429000000,
      "opex": 9284000000,
      "cogs": 6057000000,
      "rd": 784000000,
      "sga": null,
      "fcf": 768000000,
      "ocf": 823000000,
      "capex": -55000000,
      "gross_margin": 0.3903985507246377,
      "op_margin": 0.06561996779388084,
      "fcf_margin": 0.07729468599033816,
      "incr_op_margin_yoy": 0.5974416854778029,
      "rev_growth_yoy": 0.15440920181247822,
      "rev_growth_yoy_accel": 0.0406611495530991,
      "op_leverage_ratio": 1.5976504386189916,
      "fcf_margin_change": -0.020100923135791843
    },
    {
      "date": "2024-03-31T00:00:00",
      "quarter_label": "2024-03 (Q1)",
      "revenue": 10131000000,
      "gross_profit": 3963000000,
      "operating_income": 172000000,
      "net_income": -654000000,
      "opex": 9959000000,
      "cogs": 6168000000,
      "rd": 790000000,
      "sga": null,
      "fcf": 1359000000,
      "ocf": 1416000000,
      "capex": -57000000,
      "gross_margin": 0.39117559964465504,
      "op_margin": 0.016977593524824794,
      "fcf_margin": 0.13414273023393544,
      "incr_op_margin_yoy": 0.3318042813455658,
      "rev_growth_yoy": 0.14824889493369603,
      "rev_growth_yoy_accel": -0.00616030687878219,
      "op_leverage_ratio": 0.26993200930399,
      "fcf_margin_change": 0.05684804424359728
    },
    {
      "date": "2024-06-30T00:00:00",
      "quarter_label": "2024-06 (Q2)",
      "revenue": 10700000000,
      "gross_profit": 4212000000,
      "operating_income": 796000000,
      "net_income": 1015000000,
      "opex": 9904000000,
      "cogs": 6488000000,
      "rd": 760000000,
      "sga": null,
      "fcf": 1721000000,
      "ocf": 1820000000,
      "capex": -99000000,
      "gross_margin": 0.3936448598130841,
      "op_margin": 0.07439252336448599,
      "fcf_margin": 0.16084112149532712,
      "incr_op_margin_yoy": 0.3197278911564626,
      "rev_growth_yoy": 0.15926327193932827,
      "rev_growth_yoy_accel": 0.011014377005632237,
      "op_leverage_ratio": null,
      "fcf_margin_change": 0.026698391261391674
    },
    {
      "date": "2024-09-30T00:00:00",
      "quarter_label": "2024-09 (Q3)",
      "revenue": 11188000000,
      "gross_profit": 4427000000,
      "operating_income": 1061000000,
      "net_income": 2612000000,
      "opex": 10127000000,
      "cogs": 6761000000,
      "rd": 774000000,
      "sga": null,
      "fcf": 2109000000,
      "ocf": 2151000000,
      "capex": -42000000,
      "gross_margin": 0.39569181265641756,
      "op_margin": 0.0948337504469074,
      "fcf_margin": 0.18850554165176975,
      "incr_op_margin_yoy": 0.3517932489451477,
      "rev_growth_yoy": 0.2040464916056823,
      "rev_growth_yoy_accel": 0.04478321966635404,
      "op_leverage_ratio": 2.025544612547672,
      "fcf_margin_change": 0.027664420156442632
    },
    {
      "date": "2024-12-31T00:00:00",
      "quarter_label": "2024-12 (Q4)",
      "revenue": 11959000000,
      "gross_profit": 4725000000,
      "operating_income": 770000000,
      "net_income": 6883000000,
      "opex": 11189000000,
      "cogs": 7234000000,
      "rd": 785000000,
      "sga": null,
      "fcf": 1706000000,
      "ocf": 1750000000,
      "capex": -44000000,
      "gross_margin": 0.3950999247428715,
      "op_margin": 0.06438665440254202,
      "fcf_margin": 0.1426540680658918,
      "incr_op_margin_yoy": 0.0583292140385566,
      "rev_growth_yoy": 0.20360305958132044,
      "rev_growth_yoy_accel": -0.00044343202436186724,
      "op_leverage_ratio": 0.6571404693083186,
      "fcf_margin_change": -0.04585147358587796
    },
    {
      "date": "2025-03-31T00:00:00",
      "quarter_label": "2025-03 (Q1)",
      "revenue": 11533000000,
      "gross_profit": 4596000000,
      "operating_income": 1228000000,
      "net_income": 1776000000,
      "opex": 10305000000,
      "cogs": 6937000000,
      "rd": 815000000,
      "sga": null,
      "fcf": 2250000000,
      "ocf": 2324000000,
      "capex": -74000000,
      "gross_margin": 0.39850862741697735,
      "op_margin": 0.10647706581115061,
      "fcf_margin": 0.19509234370935577,
      "incr_op_margin_yoy": 0.7532097004279601,
      "rev_growth_yoy": 0.13838712861514166,
      "rev_growth_yoy_accel": -0.06521593096617878,
      "fcf_margin_change": 0.05243827564346398
    },
    {
      "date": "2025-06-30T00:00:00",
      "quarter_label": "2025-06 (Q2)",
      "revenue": 12651000000,
      "gross_profit": 5040000000,
      "operating_income": 1450000000,
      "net_income": 1355000000,
      "opex": 11201000000,
      "cogs": 7611000000,
      "rd": 840000000,
      "sga": null,
      "fcf": 2475000000,
      "ocf": 2564000000,
      "capex": -89000000,
      "gross_margin": 0.3983874792506521,
      "op_margin": 0.11461544541933444,
      "fcf_margin": 0.1956367085605881,
      "incr_op_margin_yoy": 0.3352127114300359,
      "rev_growth_yoy": 0.18233644859813083,
      "rev_growth_yoy_accel": 0.04394931998298918,
      "op_leverage_ratio": 1.114909196900819,
      "fcf_margin_change": 0.0005443648512323263
    },
    {
      "date": "2025-09-30T00:00:00",
      "quarter_label": "2025-09 (Q3)",
      "revenue": 13467000000,
      "gross_profit": 5358000000,
      "operating_income": 1113000000,
      "net_income": 6626000000,
      "opex": 12354000000,
      "cogs": 8109000000,
      "rd": 862000000,
      "sga": null,
      "fcf": 2230000000,
      "ocf": 2328000000,
      "capex": -98000000,
      "gross_margin": 0.39786143907329025,
      "op_margin": 0.08264646914680329,
      "fcf_margin": 0.16558996064453851,
      "incr_op_margin_yoy": 0.022817025010969723,
      "rev_growth_yoy": 0.2037003932785127,
      "rev_growth_yoy_accel": 0.021363944680381858,
      "op_leverage_ratio": 0.6266034662079993,
      "fcf_margin_change": -0.030046747916049582
    },
    {
      "date": "2025-12-31T00:00:00",
      "quarter_label": "2025-12 (Q4)",
      "revenue": 14366000000,
      "gross_profit": 5685000000,
      "operating_income": 1774000000,
      "net_income": 296000000,
      "opex": 12592000000,
      "cogs": 8681000000,
      "rd": 885000000,
      "sga": null,
      "fcf": 2808000000,
      "ocf": 2883000000,
      "capex": -75000000,
      "gross_margin": 0.39572601976889876,
      "op_margin": 0.12348600863149102,
      "fcf_margin": 0.19546150633440068,
      "incr_op_margin_yoy": 0.41711674283340255,
      "rev_growth_yoy": 0.20127100928171252,
      "rev_growth_yoy_accel": -0.0024293839968001774,
      "op_leverage_ratio": 3.4651295136009406,
      "fcf_margin_change": 0.029871545689862167
    }
  ],
  "signals": [
    {
      "quarter": "2025-12 (Q4)",
      "signal": "OPERATING LEVERAGE",
      "detail": "Rev growth +6.7% vs OpEx growth +1.9% (leverage: 3.5x)",
      "severity": "MEDIUM"
    },
    {
      "quarter": "2025-12 (Q4)",
      "signal": "INCREMENTAL MARGIN (YoY)",
      "detail": "YoY Incr OPM: +41.7% vs year-ago OPM: +6.4%",
      "severity": "HIGH"
    },
    {
      "quarter": "2025-06 (Q2)",
      "signal": "INCREMENTAL MARGIN (YoY)",
      "detail": "YoY Incr OPM: +33.5% vs year-ago OPM: +7.4%",
      "severity": "HIGH"
    },
    {
      "quarter": "2025-03 (Q1)",
      "signal": "FCF MARGIN EXPANSION",
      "detail": "FCF margin: +14.3% -> +19.5% (+5.2%)",
      "severity": "MEDIUM"
    },
    {
      "quarter": "2025-03 (Q1)",
      "signal": "YoY REVENUE GROWTH DECELERATION",
      "detail": "YoY growth: +13.8% vs prior quarter YoY: +20.4% (decel: -6.5%)",
      "severity": "WARNING"
    },
    {
      "quarter": "2025-03 (Q1)",
      "signal": "INCREMENTAL MARGIN (YoY)",
      "detail": "YoY Incr OPM: +75.3% vs year-ago OPM: +1.7%",
      "severity": "HIGH"
    },
    {
      "quarter": "2024-09 (Q3)",
      "signal": "OPERATING LEVERAGE",
      "detail": "Rev growth +4.6% vs OpEx growth +2.3% (leverage: 2.0x)",
      "severity": "MEDIUM"
    },
    {
      "quarter": "2024-09 (Q3)",
      "signal": "INCREMENTAL MARGIN (YoY)",
      "detail": "YoY Incr OPM: +35.2% vs year-ago OPM: +4.2%",
      "severity": "HIGH"
    },
    {
      "quarter": "2024-06 (Q2)",
      "signal": "INCREMENTAL MARGIN (YoY)",
      "detail": "YoY Incr OPM: +32.0% vs year-ago OPM: +3.5%",
      "severity": "HIGH"
    },
    {
      "quarter": "2024-03 (Q1)",
      "signal": "FCF MARGIN EXPANSION",
      "detail": "FCF margin: +7.7% -> +13.4% (+5.7%)",
      "severity": "MEDIUM"
    },
    {
      "quarter": "2024-03 (Q1)",
      "signal": "OP MARGIN TURNED POSITIVE (YoY)",
      "detail": "Op margin: -3.0% (year-ago) -> +1.7%",
      "severity": "HIGH"
    },
    {
      "quarter": "2023-12 (Q4)",
      "signal": "OPERATING LEVERAGE",
      "detail": "Rev growth +6.9% vs OpEx growth +4.3% (leverage: 1.6x)",
      "severity": "MEDIUM"
    },
    {
      "quarter": "2023-12 (Q4)",
      "signal": "OP MARGIN TURNED POSITIVE (YoY)",
      "detail": "Op margin: -1.6% (year-ago) -> +6.6%",
      "severity": "HIGH"
    },
    {
      "quarter": "2023-09 (Q3)",
      "signal": "OP MARGIN TURNED POSITIVE (YoY)",
      "detail": "Op margin: -5.9% (year-ago) -> +4.2%",
      "severity": "HIGH"
    },
    {
      "quarter": "2023-06 (Q2)",
      "signal": "FCF MARGIN EXPANSION",
      "detail": "FCF margin: +6.2% -> +12.4% (+6.1%)",
      "severity": "MEDIUM"
    },
    {
      "quarter": "2023-06 (Q2)",
      "signal": "YoY REVENUE GROWTH DECELERATION",
      "detail": "YoY growth: +14.3% vs prior quarter YoY: +28.7% (decel: -14.4%)",
      "severity": "WARNING"
    },
    {
      "quarter": "2023-06 (Q2)",
      "signal": "OP MARGIN TURNED POSITIVE (YoY)",
      "detail": "Op margin: -8.8% (year-ago) -> +3.5%",
      "severity": "HIGH"
    },
    {
      "quarter": "2023-06 (Q2)",
      "signal": "OP MARGIN TURNED POSITIVE (QoQ)",
      "detail": "Op margin: -3.0% -> +3.5%",
      "severity": "HIGH"
    },
    {
      "quarter": "2023-03 (Q1)",
      "signal": "FCF TURNED POSITIVE",
      "detail": "FCF margin: -3.5% -> +6.2%",
      "severity": "HIGH"
    },
    {
      "quarter": "2023-03 (Q1)",
      "signal": "YoY REVENUE GROWTH DECELERATION",
      "detail": "YoY growth: +28.7% vs prior quarter YoY: +49.0% (decel: -20.2%)",
      "severity": "WARNING"
    },
    {
      "quarter": "2022-12 (Q4)",
      "signal": "YoY REVENUE GROWTH DECELERATION",
      "detail": "YoY growth: +49.0% vs prior quarter YoY: +72.2% (decel: -23.2%)",
      "severity": "WARNING"
    },
    {
      "quarter": "2022-09 (Q3)",
      "signal": "OPERATING LEVERAGE",
      "detail": "Rev growth +3.3% vs OpEx growth +0.6% (leverage: 5.7x)",
      "severity": "MEDIUM"
    },
    {
      "quarter": "2022-09 (Q3)",
      "signal": "YoY REVENUE GROWTH DECELERATION",
      "detail": "YoY growth: +72.2% vs prior quarter YoY: +105.5% (decel: -33.3%)",
      "severity": "WARNING"
    },
    {
      "quarter": "2022-06 (Q2)",
      "signal": "FCF TURNED POSITIVE",
      "detail": "FCF margin: -0.7% -> +4.7%",
      "severity": "HIGH"
    },
    {
      "quarter": "2022-06 (Q2)",
      "signal": "YoY REVENUE GROWTH DECELERATION",
      "detail": "YoY growth: +105.5% vs prior quarter YoY: +136.1% (decel: -30.6%)",
      "severity": "WARNING"
    },
    {
      "quarter": "2021-09 (Q3)",
      "signal": "FCF TURNED POSITIVE",
      "detail": "FCF margin: -10.1% -> +10.8%",
      "severity": "HIGH"
    },
    {
      "quarter": "2021-09 (Q3)",
      "signal": "OPERATING LEVERAGE",
      "detail": "Rev growth +23.3% vs OpEx growth +5.9% (leverage: 4.0x)",
      "severity": "MEDIUM"
    },
    {
      "quarter": "2021-06 (Q2)",
      "signal": "FCF MARGIN EXPANSION",
      "detail": "FCF margin: -23.5% -> -10.1% (+13.4%)",
      "severity": "MEDIUM"
    },
    {
      "quarter": "2021-06 (Q2)",
      "signal": "OPERATING LEVERAGE",
      "detail": "Rev growth +35.3% vs OpEx growth +15.6% (leverage: 2.3x)",
      "severity": "MEDIUM"
    }
  ],
  "data_quality": {
    "n_quarters": 20,
    "coverage": {
      "revenue": [
        20,
        20
      ],
      "gross_profit": [
        20,
        20
      ],
      "op_income": [
        20,
        20
      ],
      "fcf": [
        20,
        20
      ]
    },
    "gaps": [],
    "warnings": []
  },
  "market_cap": null,
  "source": "SEC EDGAR",
  "last_updated": "2026-02-24T10:46:08.312121"
}