{
  "ticker": "UCTT",
  "name": "Ultra Clean Holdings, Inc.",
  "quarters": [
    {
      "date": "2020-12-25T00:00:00",
      "quarter_label": "2020-12 (Q4)",
      "revenue": 369600000,
      "gross_profit": 77600000,
      "operating_income": 33100000,
      "net_income": 22500000,
      "opex": 44500000,
      "cogs": 292000000,
      "rd": 4100000,
      "sga": null,
      "fcf": 34500000,
      "ocf": 44400000,
      "capex": -9900000,
      "gross_margin": 0.20995670995670995,
      "op_margin": 0.08955627705627706,
      "fcf_margin": 0.09334415584415584
    },
    {
      "date": "2021-03-26T00:00:00",
      "quarter_label": "2021-03 (Q1)",
      "revenue": 417600000,
      "gross_profit": 86900000,
      "operating_income": 40400000,
      "net_income": 25000000,
      "opex": 46500000,
      "cogs": 330700000,
      "rd": 4200000,
      "sga": null,
      "fcf": 59100000,
      "ocf": 65600000,
      "capex": -6500000,
      "gross_margin": 0.20809386973180077,
      "op_margin": 0.09674329501915709,
      "fcf_margin": 0.14152298850574713,
      "op_leverage_ratio": 2.8896103896103895,
      "fcf_margin_change": 0.048178832661591287
    },
    {
      "date": "2021-06-25T00:00:00",
      "quarter_label": "2021-06 (Q2)",
      "revenue": 515200000,
      "gross_profit": 99900000,
      "operating_income": 31900000,
      "net_income": 17100000,
      "opex": 68000000,
      "cogs": 415300000,
      "rd": 6100000,
      "sga": null,
      "fcf": 34900000,
      "ocf": 51100000,
      "capex": -16200000,
      "gross_margin": 0.1939052795031056,
      "op_margin": 0.06191770186335404,
      "fcf_margin": 0.06774068322981366,
      "op_leverage_ratio": 0.5054798182304197,
      "fcf_margin_change": -0.07378230527593346
    },
    {
      "date": "2021-09-24T00:00:00",
      "quarter_label": "2021-09 (Q3)",
      "revenue": 553700000,
      "gross_profit": 114100000,
      "operating_income": 50600000,
      "net_income": 31900000,
      "opex": 63500000,
      "cogs": 439600000,
      "rd": 6500000,
      "sga": null,
      "fcf": 33300000,
      "ocf": 53300000,
      "capex": -20000000,
      "gross_margin": 0.20606826801517067,
      "op_margin": 0.0913852266570345,
      "fcf_margin": 0.06014087050749503,
      "op_leverage_ratio": Infinity,
      "fcf_margin_change": -0.007599812722318633
    },
    {
      "date": "2021-12-31T00:00:00",
      "quarter_label": "2021-12 (Q4)",
      "revenue": 615100000,
      "gross_profit": 129100000,
      "operating_income": 62800000,
      "net_income": 45500000,
      "opex": 66300000,
      "cogs": 486000000,
      "rd": 7700000,
      "sga": null,
      "fcf": 25000000,
      "ocf": 41600000,
      "capex": -16600000,
      "gross_margin": 0.20988457161437166,
      "op_margin": 0.10209721996423346,
      "fcf_margin": 0.04064379775646237,
      "incr_op_margin_yoy": 0.1209775967413442,
      "rev_growth_yoy": 0.6642316017316018,
      "op_leverage_ratio": 2.5148352640677003,
      "fcf_margin_change": -0.019497072751032664
    },
    {
      "date": "2022-04-01T00:00:00",
      "quarter_label": "2022-04 (Q2)",
      "revenue": 564100000,
      "gross_profit": 113700000,
      "operating_income": 45700000,
      "net_income": 27900000,
      "opex": 68000000,
      "cogs": 450400000,
      "rd": 6800000,
      "sga": null,
      "fcf": -95800000,
      "ocf": -67400000,
      "capex": -28400000,
      "gross_margin": 0.20156000709094132,
      "op_margin": 0.08101400460911186,
      "fcf_margin": -0.16982804467293033,
      "incr_op_margin_yoy": 0.03617747440273038,
      "rev_growth_yoy": 0.3508141762452107,
      "rev_growth_yoy_accel": -0.31341742548639107,
      "fcf_margin_change": -0.2104718424293927
    },
    {
      "date": "2022-07-01T00:00:00",
      "quarter_label": "2022-07 (Q3)",
      "revenue": 608700000,
      "gross_profit": 118400000,
      "operating_income": -5500000,
      "net_income": -25100000,
      "opex": 123900000,
      "cogs": 490300000,
      "rd": 7200000,
      "sga": null,
      "fcf": 63600000,
      "ocf": 81700000,
      "capex": -18100000,
      "gross_margin": 0.19451289633645474,
      "op_margin": -0.009035649745358962,
      "fcf_margin": 0.10448496796451454,
      "incr_op_margin_yoy": -0.4,
      "rev_growth_yoy": 0.1814829192546584,
      "rev_growth_yoy_accel": -0.16933125699055232,
      "op_leverage_ratio": 0.09617802702485859,
      "fcf_margin_change": 0.2743130126374449
    },
    {
      "date": "2022-09-30T00:00:00",
      "quarter_label": "2022-09 (Q3)",
      "revenue": 635000000,
      "gross_profit": 124400000,
      "operating_income": 36300000,
      "net_income": 9700000,
      "opex": 88100000,
      "cogs": 510600000,
      "rd": 7400000,
      "sga": null,
      "fcf": 50300000,
      "ocf": 71700000,
      "capex": -21400000,
      "gross_margin": 0.1959055118110236,
      "op_margin": 0.05716535433070866,
      "fcf_margin": 0.07921259842519685,
      "incr_op_margin_yoy": -0.17589175891758918,
      "rev_growth_yoy": 0.14683041358136176,
      "rev_growth_yoy_accel": -0.03465250567329664,
      "op_leverage_ratio": Infinity,
      "fcf_margin_change": -0.02527236953931769
    },
    {
      "date": "2022-12-30T00:00:00",
      "quarter_label": "2022-12 (Q4)",
      "revenue": 566400000,
      "gross_profit": 108400000,
      "operating_income": 43800000,
      "net_income": 27900000,
      "opex": 64600000,
      "cogs": 458000000,
      "rd": 7000000,
      "sga": null,
      "fcf": -71000000,
      "ocf": -38800000,
      "capex": -32200000,
      "gross_margin": 0.19138418079096045,
      "op_margin": 0.07733050847457627,
      "fcf_margin": -0.12535310734463276,
      "incr_op_margin_yoy": 0.39014373716632444,
      "rev_growth_yoy": -0.07917411802958868,
      "rev_growth_yoy_accel": -0.22600453161095044,
      "fcf_margin_change": -0.2045657057698296
    },
    {
      "date": "2023-03-31T00:00:00",
      "quarter_label": "2023-03 (Q1)",
      "revenue": 433300000,
      "gross_profit": 73000000,
      "operating_income": 12400000,
      "net_income": -3400000,
      "opex": 60600000,
      "cogs": 360300000,
      "rd": 7100000,
      "sga": null,
      "fcf": 700000,
      "ocf": 28000000,
      "capex": -27300000,
      "gross_margin": 0.16847449803831063,
      "op_margin": 0.028617585968151397,
      "fcf_margin": 0.0016155088852988692,
      "incr_op_margin_yoy": 0.2545871559633027,
      "rev_growth_yoy": -0.2318737812444602,
      "rev_growth_yoy_accel": -0.15269966321487152,
      "fcf_margin_change": 0.12696861622993164
    },
    {
      "date": "2023-06-30T00:00:00",
      "quarter_label": "2023-06 (Q2)",
      "revenue": 421500000,
      "gross_profit": 68100000,
      "operating_income": 12600000,
      "net_income": -9400000,
      "opex": 55500000,
      "cogs": 353400000,
      "rd": 7200000,
      "sga": null,
      "fcf": 16700000,
      "ocf": 36400000,
      "capex": -19700000,
      "gross_margin": 0.1615658362989324,
      "op_margin": 0.0298932384341637,
      "fcf_margin": 0.03962040332147094,
      "incr_op_margin_yoy": -0.09668803418803419,
      "rev_growth_yoy": -0.30754066042385414,
      "rev_growth_yoy_accel": -0.07566687917939394,
      "fcf_margin_change": 0.03800489443617207
    },
    {
      "date": "2023-09-29T00:00:00",
      "quarter_label": "2023-09 (Q3)",
      "revenue": 435000000,
      "gross_profit": 65200000,
      "operating_income": 5700000,
      "net_income": -14500000,
      "opex": 59500000,
      "cogs": 369800000,
      "rd": 7400000,
      "sga": null,
      "fcf": 24000000,
      "ocf": 36200000,
      "capex": -12200000,
      "gross_margin": 0.14988505747126438,
      "op_margin": 0.01310344827586207,
      "fcf_margin": 0.05517241379310345,
      "incr_op_margin_yoy": 0.153,
      "rev_growth_yoy": -0.31496062992125984,
      "rev_growth_yoy_accel": -0.0074199694974056984,
      "op_leverage_ratio": 0.4443950177935943,
      "fcf_margin_change": 0.015552010471632509
    },
    {
      "date": "2023-12-29T00:00:00",
      "quarter_label": "2023-12 (Q4)",
      "revenue": 444700000,
      "gross_profit": 71000000,
      "operating_income": 4500000,
      "net_income": -3800000,
      "opex": 66500000,
      "cogs": 373700000,
      "rd": 6600000,
      "sga": null,
      "fcf": 18700000,
      "ocf": 35300000,
      "capex": -16600000,
      "gross_margin": 0.15965819653699123,
      "op_margin": 0.010119181470654375,
      "fcf_margin": 0.04205082077805262,
      "incr_op_margin_yoy": 0.3229252259654889,
      "rev_growth_yoy": -0.21486581920903955,
      "rev_growth_yoy_accel": 0.10009481071222029,
      "op_leverage_ratio": 0.18954022988505748,
      "fcf_margin_change": -0.01312159301505083
    },
    {
      "date": "2024-03-29T00:00:00",
      "quarter_label": "2024-03 (Q1)",
      "revenue": 477700000,
      "gross_profit": 82600000,
      "operating_income": 17300000,
      "net_income": -9400000,
      "opex": 65300000,
      "cogs": 395100000,
      "rd": 7000000,
      "sga": null,
      "fcf": -8200000,
      "ocf": 9800000,
      "capex": -18000000,
      "gross_margin": 0.17291186937408415,
      "op_margin": 0.036215197822901404,
      "fcf_margin": -0.017165585095248063,
      "incr_op_margin_yoy": 0.11036036036036036,
      "rev_growth_yoy": 0.10246942072467113,
      "rev_growth_yoy_accel": 0.3173352399337107,
      "op_leverage_ratio": Infinity,
      "fcf_margin_change": -0.05921640587330068
    },
    {
      "date": "2024-06-28T00:00:00",
      "quarter_label": "2024-06 (Q2)",
      "revenue": 516100000,
      "gross_profit": 88500000,
      "operating_income": 22900000,
      "net_income": 19100000,
      "opex": 65600000,
      "cogs": 427600000,
      "rd": 7100000,
      "sga": null,
      "fcf": 10200000,
      "ocf": 23200000,
      "capex": -13000000,
      "gross_margin": 0.17147839565975587,
      "op_margin": 0.044371245882580894,
      "fcf_margin": 0.019763611703158303,
      "incr_op_margin_yoy": 0.10887949260042283,
      "rev_growth_yoy": 0.22443653618030843,
      "rev_growth_yoy_accel": 0.12196711545563729,
      "op_leverage_ratio": 17.49717395855139,
      "fcf_margin_change": 0.036929196798406366
    },
    {
      "date": "2024-09-27T00:00:00",
      "quarter_label": "2024-09 (Q3)",
      "revenue": 540400000,
      "gross_profit": 93400000,
      "operating_income": 25200000,
      "net_income": -2300000,
      "opex": 68200000,
      "cogs": 447000000,
      "rd": 7100000,
      "sga": null,
      "fcf": -300000,
      "ocf": 14900000,
      "capex": -15200000,
      "gross_margin": 0.17283493708364175,
      "op_margin": 0.046632124352331605,
      "fcf_margin": -0.0005551443375277572,
      "incr_op_margin_yoy": 0.18500948766603414,
      "rev_growth_yoy": 0.24229885057471265,
      "rev_growth_yoy_accel": 0.017862314394404222,
      "op_leverage_ratio": 1.1879629767635969,
      "fcf_margin_change": -0.02031875604068606
    },
    {
      "date": "2024-12-27T00:00:00",
      "quarter_label": "2024-12 (Q4)",
      "revenue": 563300000,
      "gross_profit": 91800000,
      "operating_income": 25900000,
      "net_income": 16300000,
      "opex": 65900000,
      "cogs": 471500000,
      "rd": 7100000,
      "sga": null,
      "fcf": -200000,
      "ocf": 17100000,
      "capex": -17300000,
      "gross_margin": 0.1629682229717735,
      "op_margin": 0.045979052014912127,
      "fcf_margin": -0.0003550505947097461,
      "incr_op_margin_yoy": 0.18043844856661045,
      "rev_growth_yoy": 0.2666966494265797,
      "rev_growth_yoy_accel": 0.024397798851867075,
      "op_leverage_ratio": Infinity,
      "fcf_margin_change": 0.00020009374281801108
    },
    {
      "date": "2025-03-28T00:00:00",
      "quarter_label": "2025-03 (Q1)",
      "revenue": 518600000,
      "gross_profit": 84000000,
      "operating_income": 12900000,
      "net_income": -5000000,
      "opex": 71100000,
      "cogs": 434600000,
      "rd": 7600000,
      "sga": null,
      "fcf": 15800000,
      "ocf": 28200000,
      "capex": -12400000,
      "gross_margin": 0.16197454685692247,
      "op_margin": 0.024874662553027383,
      "fcf_margin": 0.030466640956421133,
      "incr_op_margin_yoy": -0.10757946210268948,
      "rev_growth_yoy": 0.08561858907263974,
      "rev_growth_yoy_accel": -0.18107806035393997,
      "fcf_margin_change": 0.03082169155113088
    },
    {
      "date": "2025-06-27T00:00:00",
      "quarter_label": "2025-06 (Q2)",
      "revenue": 518800000,
      "gross_profit": 79500000,
      "operating_income": -141800000,
      "net_income": -162000000,
      "opex": 221300000,
      "cogs": 439300000,
      "rd": 7800000,
      "sga": null,
      "fcf": 12400000,
      "ocf": 29200000,
      "capex": -16800000,
      "gross_margin": 0.15323824209714726,
      "op_margin": -0.2733230531996916,
      "fcf_margin": 0.023901310717039322,
      "incr_op_margin_yoy": -61.0,
      "rev_growth_yoy": 0.0052315442743654334,
      "rev_growth_yoy_accel": -0.0803870447982743,
      "fcf_margin_change": -0.006565330239381811
    },
    {
      "date": "2025-09-26T00:00:00",
      "quarter_label": "2025-09 (Q3)",
      "revenue": 510000000,
      "gross_profit": 82200000,
      "operating_income": 10600000,
      "net_income": -10900000,
      "opex": 71600000,
      "cogs": 427800000,
      "rd": 7800000,
      "sga": null,
      "fcf": -10900000,
      "ocf": 100000,
      "capex": -11000000,
      "gross_margin": 0.16117647058823528,
      "op_margin": 0.020784313725490194,
      "fcf_margin": -0.021372549019607844,
      "incr_op_margin_yoy": 0.48026315789473684,
      "rev_growth_yoy": -0.056254626202812734,
      "rev_growth_yoy_accel": -0.061486170477178165,
      "fcf_margin_change": -0.045273859736647167
    }
  ],
  "signals": [
    {
      "quarter": "2025-09 (Q3)",
      "signal": "YoY REVENUE GROWTH DECELERATION",
      "detail": "YoY growth: -5.6% vs prior quarter YoY: +0.5% (decel: -6.1%)",
      "severity": "WARNING"
    },
    {
      "quarter": "2025-09 (Q3)",
      "signal": "INCREMENTAL MARGIN (YoY)",
      "detail": "YoY Incr OPM: +48.0% vs year-ago OPM: +4.7%",
      "severity": "HIGH"
    },
    {
      "quarter": "2025-09 (Q3)",
      "signal": "OP MARGIN TURNED POSITIVE (QoQ)",
      "detail": "Op margin: -27.3% -> +2.1%",
      "severity": "HIGH"
    },
    {
      "quarter": "2025-06 (Q2)",
      "signal": "YoY REVENUE GROWTH DECELERATION",
      "detail": "YoY growth: +0.5% vs prior quarter YoY: +8.6% (decel: -8.0%)",
      "severity": "WARNING"
    },
    {
      "quarter": "2025-03 (Q1)",
      "signal": "FCF TURNED POSITIVE",
      "detail": "FCF margin: -0.0% -> +3.0%",
      "severity": "HIGH"
    },
    {
      "quarter": "2025-03 (Q1)",
      "signal": "YoY REVENUE GROWTH DECELERATION",
      "detail": "YoY growth: +8.6% vs prior quarter YoY: +26.7% (decel: -18.1%)",
      "severity": "WARNING"
    },
    {
      "quarter": "2024-12 (Q4)",
      "signal": "INCREMENTAL MARGIN (YoY)",
      "detail": "YoY Incr OPM: +18.0% vs year-ago OPM: +1.0%",
      "severity": "MEDIUM"
    },
    {
      "quarter": "2024-09 (Q3)",
      "signal": "INCREMENTAL MARGIN (YoY)",
      "detail": "YoY Incr OPM: +18.5% vs year-ago OPM: +1.3%",
      "severity": "MEDIUM"
    },
    {
      "quarter": "2024-06 (Q2)",
      "signal": "FCF TURNED POSITIVE",
      "detail": "FCF margin: -1.7% -> +2.0%",
      "severity": "HIGH"
    },
    {
      "quarter": "2024-06 (Q2)",
      "signal": "OPERATING LEVERAGE",
      "detail": "Rev growth +8.0% vs OpEx growth +0.5% (leverage: 17.5x)",
      "severity": "MEDIUM"
    },
    {
      "quarter": "2024-06 (Q2)",
      "signal": "YoY REVENUE GROWTH ACCELERATION",
      "detail": "YoY growth: +22.4% vs prior quarter YoY: +10.2% (accel: +12.2%)",
      "severity": "MEDIUM"
    },
    {
      "quarter": "2024-03 (Q1)",
      "signal": "YoY REVENUE GROWTH ACCELERATION",
      "detail": "YoY growth: +10.2% vs prior quarter YoY: -21.5% (accel: +31.7%)",
      "severity": "HIGH"
    },
    {
      "quarter": "2023-12 (Q4)",
      "signal": "YoY REVENUE GROWTH ACCELERATION",
      "detail": "YoY growth: -21.5% vs prior quarter YoY: -31.5% (accel: +10.0%)",
      "severity": "MEDIUM"
    },
    {
      "quarter": "2023-12 (Q4)",
      "signal": "INCREMENTAL MARGIN (YoY)",
      "detail": "YoY Incr OPM: +32.3% vs year-ago OPM: +7.7%",
      "severity": "HIGH"
    },
    {
      "quarter": "2023-06 (Q2)",
      "signal": "YoY REVENUE GROWTH DECELERATION",
      "detail": "YoY growth: -30.8% vs prior quarter YoY: -23.2% (decel: -7.6%)",
      "severity": "WARNING"
    },
    {
      "quarter": "2023-06 (Q2)",
      "signal": "OP MARGIN TURNED POSITIVE (YoY)",
      "detail": "Op margin: -0.9% (year-ago) -> +3.0%",
      "severity": "HIGH"
    },
    {
      "quarter": "2023-03 (Q1)",
      "signal": "FCF TURNED POSITIVE",
      "detail": "FCF margin: -12.5% -> +0.2%",
      "severity": "HIGH"
    },
    {
      "quarter": "2023-03 (Q1)",
      "signal": "YoY REVENUE GROWTH DECELERATION",
      "detail": "YoY growth: -23.2% vs prior quarter YoY: -7.9% (decel: -15.3%)",
      "severity": "WARNING"
    },
    {
      "quarter": "2023-03 (Q1)",
      "signal": "INCREMENTAL MARGIN (YoY)",
      "detail": "YoY Incr OPM: +25.5% vs year-ago OPM: +8.1%",
      "severity": "MEDIUM"
    },
    {
      "quarter": "2022-12 (Q4)",
      "signal": "YoY REVENUE GROWTH DECELERATION",
      "detail": "YoY growth: -7.9% vs prior quarter YoY: +14.7% (decel: -22.6%)",
      "severity": "WARNING"
    },
    {
      "quarter": "2022-12 (Q4)",
      "signal": "INCREMENTAL MARGIN (YoY)",
      "detail": "YoY Incr OPM: +39.0% vs year-ago OPM: +10.2%",
      "severity": "HIGH"
    },
    {
      "quarter": "2022-09 (Q3)",
      "signal": "OP MARGIN TURNED POSITIVE (QoQ)",
      "detail": "Op margin: -0.9% -> +5.7%",
      "severity": "HIGH"
    },
    {
      "quarter": "2022-07 (Q3)",
      "signal": "FCF TURNED POSITIVE",
      "detail": "FCF margin: -17.0% -> +10.4%",
      "severity": "HIGH"
    },
    {
      "quarter": "2022-07 (Q3)",
      "signal": "YoY REVENUE GROWTH DECELERATION",
      "detail": "YoY growth: +18.1% vs prior quarter YoY: +35.1% (decel: -16.9%)",
      "severity": "WARNING"
    },
    {
      "quarter": "2022-04 (Q2)",
      "signal": "YoY REVENUE GROWTH DECELERATION",
      "detail": "YoY growth: +35.1% vs prior quarter YoY: +66.4% (decel: -31.3%)",
      "severity": "WARNING"
    },
    {
      "quarter": "2021-12 (Q4)",
      "signal": "OPERATING LEVERAGE",
      "detail": "Rev growth +11.1% vs OpEx growth +4.4% (leverage: 2.5x)",
      "severity": "MEDIUM"
    },
    {
      "quarter": "2021-03 (Q1)",
      "signal": "OPERATING LEVERAGE",
      "detail": "Rev growth +13.0% vs OpEx growth +4.5% (leverage: 2.9x)",
      "severity": "MEDIUM"
    }
  ],
  "data_quality": {
    "n_quarters": 20,
    "coverage": {
      "revenue": [
        20,
        20
      ],
      "gross_profit": [
        20,
        20
      ],
      "op_income": [
        20,
        20
      ],
      "fcf": [
        20,
        20
      ]
    },
    "gaps": [],
    "warnings": []
  },
  "market_cap": null,
  "source": "SEC EDGAR",
  "last_updated": "2026-02-02T21:35:46.785212"
}