{
  "ticker": "UDMY",
  "name": "Udemy, Inc.",
  "quarters": [
    {
      "date": "2020-12-31T00:00:00",
      "quarter_label": "2020-12 (Q4)",
      "revenue": 110095000,
      "gross_profit": 54438000,
      "operating_income": -26096000,
      "net_income": -27035000,
      "opex": 80534000,
      "cogs": 55657000,
      "rd": 14403000,
      "sga": null,
      "fcf": 18032000,
      "ocf": 19267000,
      "capex": -1235000,
      "gross_margin": 0.49446387211045006,
      "op_margin": -0.23703165448022162,
      "fcf_margin": 0.1637858213361188
    },
    {
      "date": "2021-03-31T00:00:00",
      "quarter_label": "2021-03 (Q1)",
      "revenue": 124550000,
      "gross_profit": 66627000,
      "operating_income": -16438000,
      "net_income": -17989000,
      "opex": 83065000,
      "cogs": 57923000,
      "rd": 15413000,
      "sga": null,
      "fcf": -14691000,
      "ocf": -13758000,
      "capex": -933000,
      "gross_margin": 0.5349417904456042,
      "op_margin": -0.13197912484945806,
      "fcf_margin": -0.11795262946607787,
      "op_leverage_ratio": 4.177703609983468,
      "fcf_margin_change": -0.28173845080219667
    },
    {
      "date": "2021-06-30T00:00:00",
      "quarter_label": "2021-06 (Q2)",
      "revenue": 126093000,
      "gross_profit": 70100000,
      "operating_income": -10974000,
      "net_income": -11391000,
      "opex": 81074000,
      "cogs": 55993000,
      "rd": 14783000,
      "sga": null,
      "fcf": 6094000,
      "ocf": 8272000,
      "capex": -2178000,
      "gross_margin": 0.5559388705162063,
      "op_margin": -0.08703100092788656,
      "fcf_margin": 0.04832940765942598,
      "op_leverage_ratio": Infinity,
      "fcf_margin_change": 0.16628203712550385
    },
    {
      "date": "2021-09-30T00:00:00",
      "quarter_label": "2021-09 (Q3)",
      "revenue": 129563000,
      "gross_profit": 71577000,
      "operating_income": -9550000,
      "net_income": -9262000,
      "opex": 81127000,
      "cogs": 57986000,
      "rd": 16703000,
      "sga": null,
      "fcf": -5378000,
      "ocf": -3935000,
      "capex": -1443000,
      "gross_margin": 0.5524493875566326,
      "op_margin": -0.07370931515942052,
      "fcf_margin": -0.04150876407616372,
      "op_leverage_ratio": Infinity,
      "fcf_margin_change": -0.0898381717355897
    },
    {
      "date": "2021-12-31T00:00:00",
      "quarter_label": "2021-12 (Q4)",
      "revenue": 135451000,
      "gross_profit": 71329000,
      "operating_income": -40945000,
      "net_income": -41384000,
      "opex": 112274000,
      "cogs": 64122000,
      "rd": 19209000,
      "sga": null,
      "fcf": 1536000,
      "ocf": 2317000,
      "capex": -781000,
      "gross_margin": 0.5266037164731158,
      "op_margin": -0.30228643568522934,
      "fcf_margin": 0.011339894131457131,
      "incr_op_margin_yoy": -0.5856207603722985,
      "rev_growth_yoy": 0.23031018665697806,
      "op_leverage_ratio": 0.11836846057700968,
      "fcf_margin_change": 0.05284865820762085
    },
    {
      "date": "2022-03-31T00:00:00",
      "quarter_label": "2022-03 (Q1)",
      "revenue": 152223000,
      "gross_profit": 85785000,
      "operating_income": -25316000,
      "net_income": -25649000,
      "opex": 111101000,
      "cogs": 66438000,
      "rd": 22570000,
      "sga": null,
      "fcf": -14131000,
      "ocf": -13975000,
      "capex": -156000,
      "gross_margin": 0.5635482154470743,
      "op_margin": -0.16630863929892328,
      "fcf_margin": -0.09283091254278263,
      "incr_op_margin_yoy": -0.3208181259711632,
      "rev_growth_yoy": 0.22218386190285025,
      "rev_growth_yoy_accel": -0.008126324754127806,
      "op_leverage_ratio": Infinity,
      "fcf_margin_change": -0.10417080667423975
    },
    {
      "date": "2022-06-30T00:00:00",
      "quarter_label": "2022-06 (Q2)",
      "revenue": 153112000,
      "gross_profit": 87300000,
      "operating_income": -28527000,
      "net_income": -29380000,
      "opex": 115827000,
      "cogs": 65812000,
      "rd": 23963000,
      "sga": null,
      "fcf": -3003000,
      "ocf": -2460000,
      "capex": -543000,
      "gross_margin": 0.5701708553215946,
      "op_margin": -0.1863145932389362,
      "fcf_margin": -0.01961309368305554,
      "incr_op_margin_yoy": -0.6496539472223251,
      "rev_growth_yoy": 0.2142783501066673,
      "rev_growth_yoy_accel": -0.007905511796182957,
      "fcf_margin_change": 0.07321781885972709
    },
    {
      "date": "2022-09-30T00:00:00",
      "quarter_label": "2022-09 (Q3)",
      "revenue": 158432000,
      "gross_profit": 89352000,
      "operating_income": -43251000,
      "net_income": -46693000,
      "opex": 132603000,
      "cogs": 69080000,
      "rd": 28062000,
      "sga": null,
      "fcf": -14535000,
      "ocf": -13837000,
      "capex": -698000,
      "gross_margin": 0.5639769743486165,
      "op_margin": -0.27299409210260556,
      "fcf_margin": -0.0917428297313674,
      "incr_op_margin_yoy": -1.167376770930756,
      "rev_growth_yoy": 0.22281824286254565,
      "rev_growth_yoy_accel": 0.008539892755878353,
      "op_leverage_ratio": 0.23989643456974397,
      "fcf_margin_change": -0.07212973604831185
    },
    {
      "date": "2022-12-31T00:00:00",
      "quarter_label": "2022-12 (Q4)",
      "revenue": 165330000,
      "gross_profit": 91340000,
      "operating_income": -54096000,
      "net_income": -52153000,
      "opex": 145436000,
      "cogs": 73990000,
      "rd": 29961000,
      "sga": null,
      "fcf": -30852000,
      "ocf": -30685000,
      "capex": -167000,
      "gross_margin": 0.5524708159438698,
      "op_margin": -0.327200145164217,
      "fcf_margin": -0.18660860097985846,
      "incr_op_margin_yoy": -0.44014190568626793,
      "rev_growth_yoy": 0.22058899528242684,
      "rev_growth_yoy_accel": -0.002229247580118804,
      "op_leverage_ratio": 0.44988906852493804,
      "fcf_margin_change": -0.09486577124849106
    },
    {
      "date": "2023-03-31T00:00:00",
      "quarter_label": "2023-03 (Q1)",
      "revenue": 176430000,
      "gross_profit": 99729000,
      "operating_income": -47277000,
      "net_income": -44544000,
      "opex": 147006000,
      "cogs": 76701000,
      "rd": 30887000,
      "sga": null,
      "fcf": -19995000,
      "ocf": -19895000,
      "capex": -100000,
      "gross_margin": 0.5652610100323074,
      "op_margin": -0.26796463186532904,
      "fcf_margin": -0.1133310661452134,
      "incr_op_margin_yoy": -0.90721692072541,
      "rev_growth_yoy": 0.15902327506355807,
      "rev_growth_yoy_accel": -0.061565720218868775,
      "op_leverage_ratio": 6.219329725031697,
      "fcf_margin_change": 0.07327753483464505
    },
    {
      "date": "2023-06-30T00:00:00",
      "quarter_label": "2023-06 (Q2)",
      "revenue": 178240000,
      "gross_profit": 102302000,
      "operating_income": -27462000,
      "net_income": -25735000,
      "opex": 129764000,
      "cogs": 75938000,
      "rd": 29635000,
      "sga": null,
      "fcf": 13348000,
      "ocf": 13491000,
      "capex": -143000,
      "gross_margin": 0.5739564631956912,
      "op_margin": -0.15407315978456015,
      "fcf_margin": 0.07488779174147217,
      "incr_op_margin_yoy": 0.042382999044890166,
      "rev_growth_yoy": 0.16411515753174147,
      "rev_growth_yoy_accel": 0.005091882468183401,
      "op_leverage_ratio": Infinity,
      "fcf_margin_change": 0.18821885788668558
    },
    {
      "date": "2023-09-30T00:00:00",
      "quarter_label": "2023-09 (Q3)",
      "revenue": 184722000,
      "gross_profit": 107458000,
      "operating_income": -21496000,
      "net_income": -16767000,
      "opex": 128954000,
      "cogs": 77264000,
      "rd": 30307000,
      "sga": null,
      "fcf": 11475000,
      "ocf": 11667000,
      "capex": -192000,
      "gross_margin": 0.5817282186204134,
      "op_margin": -0.11636946330161,
      "fcf_margin": 0.06212037548315848,
      "incr_op_margin_yoy": 0.8275009509319132,
      "rev_growth_yoy": 0.16593869925267624,
      "rev_growth_yoy_accel": 0.0018235417209347682,
      "op_leverage_ratio": Infinity,
      "fcf_margin_change": -0.012767416258313694
    },
    {
      "date": "2023-12-31T00:00:00",
      "quarter_label": "2023-12 (Q4)",
      "revenue": 189545000,
      "gross_profit": 109850000,
      "operating_income": -25660000,
      "net_income": -20248000,
      "opex": 135510000,
      "cogs": 79695000,
      "rd": 29506000,
      "sga": null,
      "fcf": -7465000,
      "ocf": -7268000,
      "capex": -197000,
      "gross_margin": 0.5795457543063652,
      "op_margin": -0.13537682344561977,
      "fcf_margin": -0.039383787491097104,
      "incr_op_margin_yoy": 1.1743134420813546,
      "rev_growth_yoy": 0.14646464646464646,
      "rev_growth_yoy_accel": -0.019474052788029772,
      "op_leverage_ratio": 0.513563929211397,
      "fcf_margin_change": -0.10150416297425557
    },
    {
      "date": "2024-03-31T00:00:00",
      "quarter_label": "2024-03 (Q1)",
      "revenue": 196846000,
      "gross_profit": 120564000,
      "operating_income": -22729000,
      "net_income": -18339000,
      "opex": 143293000,
      "cogs": 76282000,
      "rd": 31223000,
      "sga": null,
      "fcf": 20772000,
      "ocf": 20969000,
      "capex": -197000,
      "gross_margin": 0.6124787905266046,
      "op_margin": -0.11546589719882548,
      "fcf_margin": 0.10552411529825345,
      "incr_op_margin_yoy": 1.2023902821316614,
      "rev_growth_yoy": 0.1157172816414442,
      "rev_growth_yoy_accel": -0.03074736482320227,
      "op_leverage_ratio": 0.6706475318215653,
      "fcf_margin_change": 0.14490790278935056
    },
    {
      "date": "2024-06-30T00:00:00",
      "quarter_label": "2024-06 (Q2)",
      "revenue": 194360000,
      "gross_profit": 121116000,
      "operating_income": -25546000,
      "net_income": -31814000,
      "opex": 146662000,
      "cogs": 73244000,
      "rd": 32408000,
      "sga": null,
      "fcf": 28235000,
      "ocf": 28592000,
      "capex": -357000,
      "gross_margin": 0.6231529121218358,
      "op_margin": -0.13143650956987035,
      "fcf_margin": 0.14527166083556287,
      "incr_op_margin_yoy": 0.11885856079404467,
      "rev_growth_yoy": 0.09043985637342908,
      "rev_growth_yoy_accel": -0.025277425268015116,
      "fcf_margin_change": 0.039747545537309414
    },
    {
      "date": "2024-09-30T00:00:00",
      "quarter_label": "2024-09 (Q3)",
      "revenue": 195417000,
      "gross_profit": 123055000,
      "operating_income": -29459000,
      "net_income": -25271000,
      "opex": 152514000,
      "cogs": 72362000,
      "rd": 32976000,
      "sga": null,
      "fcf": -6662000,
      "ocf": -6100000,
      "capex": -562000,
      "gross_margin": 0.6297046828065112,
      "op_margin": -0.15074942302870273,
      "fcf_margin": -0.03409119984443523,
      "incr_op_margin_yoy": -0.7445535296867695,
      "rev_growth_yoy": 0.05789781401240784,
      "rev_growth_yoy_accel": -0.03254204236102124,
      "fcf_margin_change": -0.1793628606799981
    },
    {
      "date": "2024-12-31T00:00:00",
      "quarter_label": "2024-12 (Q4)",
      "revenue": 199942000,
      "gross_profit": 127205000,
      "operating_income": -11594000,
      "net_income": -9864000,
      "opex": 138799000,
      "cogs": 72737000,
      "rd": 28831000,
      "sga": null,
      "fcf": 8398000,
      "ocf": 9582000,
      "capex": -1184000,
      "gross_margin": 0.636209500755219,
      "op_margin": -0.05798681617669124,
      "fcf_margin": 0.04200218063238339,
      "incr_op_margin_yoy": 1.3528902568048475,
      "rev_growth_yoy": 0.054852409718008914,
      "rev_growth_yoy_accel": -0.0030454042943989235,
      "op_leverage_ratio": Infinity,
      "fcf_margin_change": 0.07609338047681863
    },
    {
      "date": "2025-03-31T00:00:00",
      "quarter_label": "2025-03 (Q1)",
      "revenue": 200300000,
      "gross_profit": 129443000,
      "operating_income": -4492000,
      "net_income": -1771000,
      "opex": 133935000,
      "cogs": 70857000,
      "rd": 24958000,
      "sga": null,
      "fcf": 9829000,
      "ocf": 12210000,
      "capex": -2381000,
      "gross_margin": 0.646245631552671,
      "op_margin": -0.022426360459311033,
      "fcf_margin": 0.049071392910634046,
      "incr_op_margin_yoy": 5.279965257672264,
      "rev_growth_yoy": 0.017546711642603862,
      "rev_growth_yoy_accel": -0.037305698075405055,
      "fcf_margin_change": 0.007069212278250657
    },
    {
      "date": "2025-06-30T00:00:00",
      "quarter_label": "2025-06 (Q2)",
      "revenue": 199879000,
      "gross_profit": 132049000,
      "operating_income": 3928000,
      "net_income": 6265000,
      "opex": 128121000,
      "cogs": 67830000,
      "rd": 26361000,
      "sga": null,
      "fcf": 41923000,
      "ocf": 44203000,
      "capex": -2280000,
      "gross_margin": 0.6606446900374727,
      "op_margin": 0.019651889393082815,
      "fcf_margin": 0.20974189384577668,
      "incr_op_margin_yoy": 5.340460228302229,
      "rev_growth_yoy": 0.028395760444535914,
      "rev_growth_yoy_accel": 0.010849048801932052,
      "fcf_margin_change": 0.16067050093514262
    },
    {
      "date": "2025-09-30T00:00:00",
      "quarter_label": "2025-09 (Q3)",
      "revenue": 195680000,
      "gross_profit": 128868000,
      "operating_income": -162000,
      "net_income": 1642000,
      "opex": 129030000,
      "cogs": 66812000,
      "rd": 25581000,
      "sga": null,
      "fcf": 15111000,
      "ocf": 15731000,
      "capex": -620000,
      "gross_margin": 0.6585650040883074,
      "op_margin": -0.0008278822567457073,
      "fcf_margin": 0.07722301717089125,
      "rev_growth_yoy": 0.0013458399218082358,
      "rev_growth_yoy_accel": -0.02704992052272768,
      "fcf_margin_change": -0.13251887667488543
    }
  ],
  "signals": [
    {
      "quarter": "2025-06 (Q2)",
      "signal": "FCF MARGIN EXPANSION",
      "detail": "FCF margin: +4.9% -> +21.0% (+16.1%)",
      "severity": "MEDIUM"
    },
    {
      "quarter": "2025-06 (Q2)",
      "signal": "OP MARGIN TURNED POSITIVE (YoY)",
      "detail": "Op margin: -13.1% (year-ago) -> +2.0%",
      "severity": "HIGH"
    },
    {
      "quarter": "2025-06 (Q2)",
      "signal": "OP MARGIN TURNED POSITIVE (QoQ)",
      "detail": "Op margin: -2.2% -> +2.0%",
      "severity": "HIGH"
    },
    {
      "quarter": "2024-12 (Q4)",
      "signal": "FCF TURNED POSITIVE",
      "detail": "FCF margin: -3.4% -> +4.2%",
      "severity": "HIGH"
    },
    {
      "quarter": "2024-03 (Q1)",
      "signal": "FCF TURNED POSITIVE",
      "detail": "FCF margin: -3.9% -> +10.6%",
      "severity": "HIGH"
    },
    {
      "quarter": "2024-03 (Q1)",
      "signal": "GROSS MARGIN INFLECTION",
      "detail": "GM: +58.2% -> +58.0% -> +61.2% (reversal +3.3%)",
      "severity": "MEDIUM"
    },
    {
      "quarter": "2023-06 (Q2)",
      "signal": "FCF TURNED POSITIVE",
      "detail": "FCF margin: -11.3% -> +7.5%",
      "severity": "HIGH"
    },
    {
      "quarter": "2023-03 (Q1)",
      "signal": "FCF MARGIN EXPANSION",
      "detail": "FCF margin: -18.7% -> -11.3% (+7.3%)",
      "severity": "MEDIUM"
    },
    {
      "quarter": "2023-03 (Q1)",
      "signal": "OPERATING LEVERAGE",
      "detail": "Rev growth +6.7% vs OpEx growth +1.1% (leverage: 6.2x)",
      "severity": "MEDIUM"
    },
    {
      "quarter": "2023-03 (Q1)",
      "signal": "YoY REVENUE GROWTH DECELERATION",
      "detail": "YoY growth: +15.9% vs prior quarter YoY: +22.1% (decel: -6.2%)",
      "severity": "WARNING"
    },
    {
      "quarter": "2022-06 (Q2)",
      "signal": "FCF MARGIN EXPANSION",
      "detail": "FCF margin: -9.3% -> -2.0% (+7.3%)",
      "severity": "MEDIUM"
    },
    {
      "quarter": "2022-03 (Q1)",
      "signal": "GROSS MARGIN INFLECTION",
      "detail": "GM: +55.2% -> +52.7% -> +56.4% (reversal +3.7%)",
      "severity": "MEDIUM"
    },
    {
      "quarter": "2021-12 (Q4)",
      "signal": "FCF TURNED POSITIVE",
      "detail": "FCF margin: -4.2% -> +1.1%",
      "severity": "HIGH"
    },
    {
      "quarter": "2021-09 (Q3)",
      "signal": "OPERATING LEVERAGE",
      "detail": "Rev growth +2.8% vs OpEx growth +0.1% (leverage: 42.1x)",
      "severity": "MEDIUM"
    },
    {
      "quarter": "2021-06 (Q2)",
      "signal": "FCF TURNED POSITIVE",
      "detail": "FCF margin: -11.8% -> +4.8%",
      "severity": "HIGH"
    },
    {
      "quarter": "2021-03 (Q1)",
      "signal": "OPERATING LEVERAGE",
      "detail": "Rev growth +13.1% vs OpEx growth +3.1% (leverage: 4.2x)",
      "severity": "MEDIUM"
    }
  ],
  "data_quality": {
    "n_quarters": 20,
    "coverage": {
      "revenue": [
        20,
        20
      ],
      "gross_profit": [
        20,
        20
      ],
      "op_income": [
        20,
        20
      ],
      "fcf": [
        20,
        20
      ]
    },
    "gaps": [],
    "warnings": []
  },
  "market_cap": null,
  "source": "SEC EDGAR",
  "last_updated": "2026-02-02T22:12:44.270203"
}