{
  "ticker": "UEC",
  "name": "URANIUM ENERGY CORP.",
  "quarters": [
    {
      "date": "2021-01-31T00:00:00",
      "quarter_label": "2021-01 (Q1)",
      "revenue": 0,
      "gross_profit": 0,
      "operating_income": -3523558,
      "net_income": null,
      "opex": 3523558,
      "cogs": 0,
      "rd": null,
      "sga": null,
      "fcf": -3165491,
      "ocf": -3028054,
      "capex": -137437,
      "gross_margin": null,
      "op_margin": null,
      "fcf_margin": null
    },
    {
      "date": "2021-04-30T00:00:00",
      "quarter_label": "2021-04 (Q2)",
      "revenue": 0,
      "gross_profit": 0,
      "operating_income": -4863141,
      "net_income": null,
      "opex": 4863141,
      "cogs": 0,
      "rd": null,
      "sga": null,
      "fcf": -29648962,
      "ocf": -29647036,
      "capex": -1926,
      "gross_margin": null,
      "op_margin": null,
      "fcf_margin": null
    },
    {
      "date": "2021-07-31T00:00:00",
      "quarter_label": "2021-07 (Q3)",
      "revenue": 0,
      "gross_profit": 0,
      "operating_income": -5738649,
      "net_income": -1799053,
      "opex": 5738671,
      "cogs": 0,
      "rd": null,
      "sga": null,
      "fcf": -6225526,
      "ocf": -6219792,
      "capex": -5734,
      "gross_margin": null,
      "op_margin": null,
      "fcf_margin": null
    },
    {
      "date": "2021-10-31T00:00:00",
      "quarter_label": "2021-10 (Q4)",
      "revenue": 0,
      "gross_profit": 0,
      "operating_income": -4871667,
      "net_income": -2073826,
      "opex": 4872000,
      "cogs": 0,
      "rd": null,
      "sga": null,
      "fcf": -12290000,
      "ocf": -12283000,
      "capex": -7000,
      "gross_margin": null,
      "op_margin": null,
      "fcf_margin": null
    },
    {
      "date": "2022-01-31T00:00:00",
      "quarter_label": "2022-01 (Q1)",
      "revenue": 13190925,
      "gross_profit": 3942717,
      "operating_income": -4929854,
      "net_income": -5474267,
      "opex": 8872571,
      "cogs": 9248208,
      "rd": null,
      "sga": null,
      "fcf": -5507000,
      "ocf": -5429000,
      "capex": -78000,
      "gross_margin": 0.29889617293707604,
      "op_margin": -0.3737307277541188,
      "fcf_margin": -0.4174839899400535,
      "incr_op_margin_yoy": -0.10661087073120346
    },
    {
      "date": "2022-04-30T00:00:00",
      "quarter_label": "2022-04 (Q2)",
      "revenue": 9892310,
      "gross_profit": 3337556,
      "operating_income": -3682093,
      "net_income": 7344738,
      "opex": 7019649,
      "cogs": 6554754,
      "rd": null,
      "sga": null,
      "fcf": -19756000,
      "ocf": -19326000,
      "capex": -430000,
      "gross_margin": 0.3373889415111334,
      "op_margin": -0.37221771254641234,
      "fcf_margin": -1.9971068435987145,
      "incr_op_margin_yoy": 0.11939051647188574,
      "fcf_margin_change": -1.579622853658661
    },
    {
      "date": "2022-07-31T00:00:00",
      "quarter_label": "2022-07 (Q3)",
      "revenue": 77765,
      "gross_profit": 12727,
      "operating_income": -9226386,
      "net_income": 5455355,
      "opex": 9239113,
      "cogs": 65038,
      "rd": null,
      "sga": null,
      "fcf": -16054000,
      "ocf": -15949000,
      "capex": -105000,
      "gross_margin": 0.16365974410081657,
      "op_margin": -118.64445444608756,
      "fcf_margin": -206.44248698000385,
      "fcf_margin_change": -204.44538013640513
    },
    {
      "date": "2022-10-31T00:00:00",
      "quarter_label": "2022-10 (Q4)",
      "revenue": 57292000,
      "gross_profit": 13858000,
      "operating_income": 3593000,
      "net_income": -3756000,
      "opex": 10265000,
      "cogs": 43434000,
      "rd": null,
      "sga": null,
      "fcf": 36379000,
      "ocf": 36531000,
      "capex": -152000,
      "gross_margin": 0.24188368358584095,
      "op_margin": 0.06271381693779236,
      "fcf_margin": 0.63497521468966,
      "incr_op_margin_yoy": 0.14774605529567827,
      "op_leverage_ratio": 6625.988403385824,
      "fcf_margin_change": 207.0774621946935
    },
    {
      "date": "2023-01-31T00:00:00",
      "quarter_label": "2023-01 (Q1)",
      "revenue": 47931000,
      "gross_profit": 14570000,
      "operating_income": 5088000,
      "net_income": 10892000,
      "opex": 9482000,
      "cogs": 33361000,
      "rd": null,
      "sga": null,
      "fcf": 16905000,
      "ocf": 17040000,
      "capex": -135000,
      "gross_margin": 0.3039786359558532,
      "op_margin": 0.10615259435438443,
      "fcf_margin": 0.35269449834136574,
      "incr_op_margin_yoy": 0.28836592897395874,
      "rev_growth_yoy": 2.633634487346414,
      "fcf_margin_change": -0.28228071634829427
    },
    {
      "date": "2023-04-30T00:00:00",
      "quarter_label": "2023-04 (Q2)",
      "revenue": 20217000,
      "gross_profit": 6219000,
      "operating_income": -3484000,
      "net_income": -10960000,
      "opex": 9703000,
      "cogs": 13998000,
      "rd": null,
      "sga": null,
      "fcf": -9843000,
      "ocf": -9793000,
      "capex": -50000,
      "gross_margin": 0.30761240540139484,
      "op_margin": -0.17233021714398775,
      "fcf_margin": -0.48686748775782757,
      "incr_op_margin_yoy": 0.019186338766587666,
      "rev_growth_yoy": 1.043708698979308,
      "rev_growth_yoy_accel": -1.589925788367106,
      "fcf_margin_change": -0.8395619860991933
    },
    {
      "date": "2023-07-31T00:00:00",
      "quarter_label": "2023-07 (Q3)",
      "revenue": 38949000,
      "gross_profit": 15023000,
      "operating_income": 3670000,
      "net_income": 517000,
      "opex": 11353000,
      "cogs": 23926000,
      "rd": null,
      "sga": null,
      "fcf": 28577000,
      "ocf": 28795000,
      "capex": -218000,
      "gross_margin": 0.3857095175742638,
      "op_margin": 0.0942257824334386,
      "fcf_margin": 0.733703047575034,
      "incr_op_margin_yoy": 0.3317719645388164,
      "rev_growth_yoy": 499.85514048736576,
      "rev_growth_yoy_accel": 498.81143178838647,
      "op_leverage_ratio": 5.448657700315216,
      "fcf_margin_change": 1.2205705353328615
    },
    {
      "date": "2023-10-31T00:00:00",
      "quarter_label": "2023-10 (Q4)",
      "revenue": 108000,
      "gross_profit": 18000,
      "operating_income": -11385000,
      "net_income": 3321000,
      "opex": 11403000,
      "cogs": 90000,
      "rd": null,
      "sga": null,
      "fcf": -46336000,
      "ocf": -45727000,
      "capex": -609000,
      "gross_margin": 0.16666666666666666,
      "op_margin": -105.41666666666667,
      "fcf_margin": -429.037037037037,
      "incr_op_margin_yoy": 0.2619264129826525,
      "rev_growth_yoy": -0.9981149200586469,
      "rev_growth_yoy_accel": -500.8532554074244,
      "fcf_margin_change": -429.77074008461204
    },
    {
      "date": "2024-01-31T00:00:00",
      "quarter_label": "2024-01 (Q1)",
      "revenue": 116000,
      "gross_profit": 19000,
      "operating_income": -12119000,
      "net_income": 2250000,
      "opex": 12138000,
      "cogs": 97000,
      "rd": null,
      "sga": null,
      "fcf": -36011000,
      "ocf": -35683000,
      "capex": -328000,
      "gross_margin": 0.16379310344827586,
      "op_margin": -104.47413793103448,
      "fcf_margin": -310.4396551724138,
      "incr_op_margin_yoy": 0.3598661507895012,
      "rev_growth_yoy": -0.997579854373996,
      "rev_growth_yoy_accel": 0.0005350656846508928,
      "op_leverage_ratio": 1.1492063492063491,
      "fcf_margin_change": 118.59738186462323
    },
    {
      "date": "2024-04-30T00:00:00",
      "quarter_label": "2024-04 (Q2)",
      "revenue": 0,
      "gross_profit": 0,
      "operating_income": -13841000,
      "net_income": -19677000,
      "opex": 13841000,
      "cogs": 0,
      "rd": null,
      "sga": null,
      "fcf": -12690000,
      "ocf": -12461000,
      "capex": -229000,
      "gross_margin": null,
      "op_margin": null,
      "fcf_margin": null,
      "incr_op_margin_yoy": 0.5122916357520898,
      "rev_growth_yoy": -1.0,
      "rev_growth_yoy_accel": -0.002420145626004011
    },
    {
      "date": "2024-07-31T00:00:00",
      "quarter_label": "2024-07 (Q3)",
      "revenue": 0,
      "gross_profit": 0,
      "operating_income": -19057000,
      "net_income": -15115000,
      "opex": 19057000,
      "cogs": 0,
      "rd": null,
      "sga": null,
      "fcf": -13438000,
      "ocf": -12616000,
      "capex": -822000,
      "gross_margin": null,
      "op_margin": null,
      "fcf_margin": null,
      "incr_op_margin_yoy": 0.5835066368841305,
      "rev_growth_yoy": -1.0,
      "rev_growth_yoy_accel": 0.0
    },
    {
      "date": "2024-10-31T00:00:00",
      "quarter_label": "2024-10 (Q4)",
      "revenue": 17087000,
      "gross_profit": 6251000,
      "operating_income": -13203000,
      "net_income": -20158000,
      "opex": 19454000,
      "cogs": 10836000,
      "rd": null,
      "sga": null,
      "fcf": -12671000,
      "ocf": -11452000,
      "capex": -1219000,
      "gross_margin": 0.365833674723474,
      "op_margin": -0.7726926903493885,
      "fcf_margin": -0.7415579095218587,
      "incr_op_margin_yoy": -0.10707344366570469,
      "rev_growth_yoy": 157.21296296296296,
      "rev_growth_yoy_accel": 158.21296296296296
    },
    {
      "date": "2025-01-31T00:00:00",
      "quarter_label": "2025-01 (Q1)",
      "revenue": 49750000,
      "gross_profit": 18226000,
      "operating_income": -3634000,
      "net_income": -10234000,
      "opex": 21860000,
      "cogs": 31524000,
      "rd": null,
      "sga": null,
      "fcf": -10018000,
      "ocf": -8808000,
      "capex": -1210000,
      "gross_margin": 0.36635175879396986,
      "op_margin": -0.07304522613065327,
      "fcf_margin": -0.20136683417085427,
      "incr_op_margin_yoy": 0.17095136398436556,
      "rev_growth_yoy": 427.87931034482756,
      "rev_growth_yoy_accel": 270.6663473818646,
      "op_leverage_ratio": 15.456228870480011,
      "fcf_margin_change": 0.5401910753510044
    },
    {
      "date": "2025-04-30T00:00:00",
      "quarter_label": "2025-04 (Q2)",
      "revenue": 0,
      "gross_profit": 0,
      "operating_income": -23463000,
      "net_income": -30212000,
      "opex": 23463000,
      "cogs": 0,
      "rd": null,
      "sga": null,
      "fcf": -22816000,
      "ocf": -20740000,
      "capex": -2076000,
      "gross_margin": null,
      "op_margin": null,
      "fcf_margin": null
    },
    {
      "date": "2025-07-31T00:00:00",
      "quarter_label": "2025-07 (Q3)",
      "revenue": 0,
      "gross_profit": 0,
      "operating_income": -33020000,
      "net_income": -27052000,
      "opex": 33020000,
      "cogs": 0,
      "rd": null,
      "sga": null,
      "fcf": -24433000,
      "ocf": -23458000,
      "capex": -975000,
      "gross_margin": null,
      "op_margin": null,
      "fcf_margin": null
    },
    {
      "date": "2025-10-31T00:00:00",
      "quarter_label": "2025-10 (Q4)",
      "revenue": 0,
      "gross_profit": 0,
      "operating_income": -29822000,
      "net_income": -10341000,
      "opex": 29822000,
      "cogs": 0,
      "rd": null,
      "sga": null,
      "fcf": -35437000,
      "ocf": -34309000,
      "capex": -1128000,
      "gross_margin": null,
      "op_margin": null,
      "fcf_margin": null,
      "incr_op_margin_yoy": 0.9726107567156318,
      "rev_growth_yoy": -1.0
    }
  ],
  "signals": [
    {
      "quarter": "2025-01 (Q1)",
      "signal": "FCF MARGIN EXPANSION",
      "detail": "FCF margin: -74.2% -> -20.1% (+54.0%)",
      "severity": "MEDIUM"
    },
    {
      "quarter": "2025-01 (Q1)",
      "signal": "OPERATING LEVERAGE",
      "detail": "Rev growth +191.2% vs OpEx growth +12.4% (leverage: 15.5x)",
      "severity": "MEDIUM"
    },
    {
      "quarter": "2025-01 (Q1)",
      "signal": "YoY REVENUE GROWTH ACCELERATION",
      "detail": "YoY growth: +42787.9% vs prior quarter YoY: +15721.3% (accel: +27066.6%)",
      "severity": "HIGH"
    },
    {
      "quarter": "2024-10 (Q4)",
      "signal": "YoY REVENUE GROWTH ACCELERATION",
      "detail": "YoY growth: +15721.3% vs prior quarter YoY: -100.0% (accel: +15821.3%)",
      "severity": "HIGH"
    },
    {
      "quarter": "2024-01 (Q1)",
      "signal": "FCF MARGIN EXPANSION",
      "detail": "FCF margin: -42903.7% -> -31044.0% (+11859.7%)",
      "severity": "MEDIUM"
    },
    {
      "quarter": "2023-10 (Q4)",
      "signal": "YoY REVENUE GROWTH DECELERATION",
      "detail": "YoY growth: -99.8% vs prior quarter YoY: +49985.5% (decel: -50085.3%)",
      "severity": "WARNING"
    },
    {
      "quarter": "2023-07 (Q3)",
      "signal": "FCF TURNED POSITIVE",
      "detail": "FCF margin: -48.7% -> +73.4%",
      "severity": "HIGH"
    },
    {
      "quarter": "2023-07 (Q3)",
      "signal": "OPERATING LEVERAGE",
      "detail": "Rev growth +92.7% vs OpEx growth +17.0% (leverage: 5.4x)",
      "severity": "MEDIUM"
    },
    {
      "quarter": "2023-07 (Q3)",
      "signal": "YoY REVENUE GROWTH ACCELERATION",
      "detail": "YoY growth: +49985.5% vs prior quarter YoY: +104.4% (accel: +49881.1%)",
      "severity": "HIGH"
    },
    {
      "quarter": "2023-07 (Q3)",
      "signal": "OP MARGIN TURNED POSITIVE (YoY)",
      "detail": "Op margin: -11864.4% (year-ago) -> +9.4%",
      "severity": "HIGH"
    },
    {
      "quarter": "2023-07 (Q3)",
      "signal": "OP MARGIN TURNED POSITIVE (QoQ)",
      "detail": "Op margin: -17.2% -> +9.4%",
      "severity": "HIGH"
    },
    {
      "quarter": "2023-04 (Q2)",
      "signal": "YoY REVENUE GROWTH DECELERATION",
      "detail": "YoY growth: +104.4% vs prior quarter YoY: +263.4% (decel: -159.0%)",
      "severity": "WARNING"
    },
    {
      "quarter": "2023-01 (Q1)",
      "signal": "OP MARGIN TURNED POSITIVE (YoY)",
      "detail": "Op margin: -37.4% (year-ago) -> +10.6%",
      "severity": "HIGH"
    },
    {
      "quarter": "2022-10 (Q4)",
      "signal": "FCF TURNED POSITIVE",
      "detail": "FCF margin: -20644.2% -> +63.5%",
      "severity": "HIGH"
    },
    {
      "quarter": "2022-10 (Q4)",
      "signal": "OPERATING LEVERAGE",
      "detail": "Rev growth +73573.2% vs OpEx growth +11.1% (leverage: 6626.0x)",
      "severity": "MEDIUM"
    },
    {
      "quarter": "2022-10 (Q4)",
      "signal": "GROSS MARGIN INFLECTION",
      "detail": "GM: +33.7% -> +16.4% -> +24.2% (reversal +7.8%)",
      "severity": "HIGH"
    },
    {
      "quarter": "2022-10 (Q4)",
      "signal": "OP MARGIN TURNED POSITIVE (QoQ)",
      "detail": "Op margin: -11864.4% -> +6.3%",
      "severity": "HIGH"
    }
  ],
  "data_quality": {
    "n_quarters": 20,
    "coverage": {
      "revenue": [
        20,
        20
      ],
      "gross_profit": [
        20,
        20
      ],
      "op_income": [
        20,
        20
      ],
      "fcf": [
        20,
        20
      ]
    },
    "gaps": [],
    "warnings": []
  },
  "market_cap": null,
  "source": "SEC EDGAR",
  "last_updated": "2026-02-02T20:41:11.863756"
}