{
  "ticker": "UEIC",
  "name": "UNIVERSAL ELECTRONICS INC.",
  "quarters": [
    {
      "date": "2020-12-31T00:00:00",
      "quarter_label": "2020-12 (Q4)",
      "revenue": 156264000,
      "gross_profit": 51084000,
      "operating_income": 12515000,
      "net_income": 12158000,
      "opex": 38569000,
      "cogs": 105180000,
      "rd": 8471000,
      "sga": 30098000,
      "fcf": 23567000,
      "ocf": 29565000,
      "capex": -5998000,
      "gross_margin": 0.3269083090155122,
      "op_margin": 0.0800888240413659,
      "fcf_margin": 0.15081528695028926
    },
    {
      "date": "2021-03-31T00:00:00",
      "quarter_label": "2021-03 (Q1)",
      "revenue": 150542000,
      "gross_profit": 46399000,
      "operating_income": 8611000,
      "net_income": 6993000,
      "opex": 37788000,
      "cogs": 104143000,
      "rd": 7942000,
      "sga": 29846000,
      "fcf": -10427000,
      "ocf": -6729000,
      "capex": -3698000,
      "gross_margin": 0.3082129903947071,
      "op_margin": 0.05719998405760519,
      "fcf_margin": -0.06926306279975024,
      "fcf_margin_change": -0.22007834975003948
    },
    {
      "date": "2021-06-30T00:00:00",
      "quarter_label": "2021-06 (Q2)",
      "revenue": 150491000,
      "gross_profit": 44662000,
      "operating_income": 9021000,
      "net_income": 5593000,
      "opex": 35641000,
      "cogs": 105829000,
      "rd": 7676000,
      "sga": 27965000,
      "fcf": 20705000,
      "ocf": 23213000,
      "capex": -2508000,
      "gross_margin": 0.29677522243855115,
      "op_margin": 0.059943784013661947,
      "fcf_margin": 0.13758297838408942,
      "fcf_margin_change": 0.20684604118383965
    },
    {
      "date": "2021-09-30T00:00:00",
      "quarter_label": "2021-09 (Q3)",
      "revenue": 155625000,
      "gross_profit": 45820000,
      "operating_income": 8904000,
      "net_income": -955000,
      "opex": 36916000,
      "cogs": 109805000,
      "rd": 7411000,
      "sga": 29505000,
      "fcf": 3856000,
      "ocf": 6432000,
      "capex": -2576000,
      "gross_margin": 0.29442570281124497,
      "op_margin": 0.057214457831325304,
      "fcf_margin": 0.02477751004016064,
      "op_leverage_ratio": 0.9536412587242205,
      "fcf_margin_change": -0.11280546834392878
    },
    {
      "date": "2021-12-31T00:00:00",
      "quarter_label": "2021-12 (Q4)",
      "revenue": 144944000,
      "gross_profit": 36135000,
      "operating_income": -3283000,
      "net_income": -6330000,
      "opex": 39418000,
      "cogs": 108809000,
      "rd": 7888000,
      "sga": 31530000,
      "fcf": 13563000,
      "ocf": 17367000,
      "capex": -3804000,
      "gross_margin": 0.24930317915884756,
      "op_margin": -0.022650126945578983,
      "fcf_margin": 0.09357406998564963,
      "incr_op_margin_yoy": 1.395583038869258,
      "rev_growth_yoy": -0.07244150924077203,
      "fcf_margin_change": 0.06879655994548899
    },
    {
      "date": "2022-03-31T00:00:00",
      "quarter_label": "2022-03 (Q1)",
      "revenue": 132410000,
      "gross_profit": 36268000,
      "operating_income": -561000,
      "net_income": -2910000,
      "opex": 36829000,
      "cogs": 96142000,
      "rd": 7806000,
      "sga": 29023000,
      "fcf": -19754000,
      "ocf": -17969000,
      "capex": -1785000,
      "gross_margin": 0.2739068046220074,
      "op_margin": -0.004236840117815875,
      "fcf_margin": -0.1491881277849105,
      "incr_op_margin_yoy": 0.5058460180895654,
      "rev_growth_yoy": -0.12044479281529408,
      "rev_growth_yoy_accel": -0.04800328357452205,
      "fcf_margin_change": -0.24276219777056013
    },
    {
      "date": "2022-06-30T00:00:00",
      "quarter_label": "2022-06 (Q2)",
      "revenue": 139101000,
      "gross_profit": 39371000,
      "operating_income": 5497000,
      "net_income": 2988000,
      "opex": 33874000,
      "cogs": 99730000,
      "rd": 8637000,
      "sga": 25237000,
      "fcf": -2812000,
      "ocf": 885000,
      "capex": -3697000,
      "gross_margin": 0.28303894292636284,
      "op_margin": 0.03951804803703784,
      "fcf_margin": -0.020215526847398652,
      "incr_op_margin_yoy": 0.3093942054433714,
      "rev_growth_yoy": -0.07568558917144547,
      "rev_growth_yoy_accel": 0.04475920364384861,
      "op_leverage_ratio": Infinity,
      "fcf_margin_change": 0.12897260093751184
    },
    {
      "date": "2022-09-30T00:00:00",
      "quarter_label": "2022-09 (Q3)",
      "revenue": 148482000,
      "gross_profit": 44442000,
      "operating_income": 11497000,
      "net_income": 7234000,
      "opex": 32945000,
      "cogs": 104040000,
      "rd": 8017000,
      "sga": 24928000,
      "fcf": 12552000,
      "ocf": 17187000,
      "capex": -4635000,
      "gross_margin": 0.2993090071523821,
      "op_margin": 0.07743026090704597,
      "fcf_margin": 0.08453549925243464,
      "incr_op_margin_yoy": -0.3630127397452051,
      "rev_growth_yoy": -0.045898795180722894,
      "rev_growth_yoy_accel": 0.029786793990722572,
      "op_leverage_ratio": Infinity,
      "fcf_margin_change": 0.10475102609983329
    },
    {
      "date": "2022-12-31T00:00:00",
      "quarter_label": "2022-12 (Q4)",
      "revenue": 122758000,
      "gross_profit": 32211000,
      "operating_income": -1885000,
      "net_income": -6905000,
      "opex": 34096000,
      "cogs": 90547000,
      "rd": 7992000,
      "sga": 26104000,
      "fcf": 6934000,
      "ocf": 10823000,
      "capex": -3889000,
      "gross_margin": 0.26239430424086413,
      "op_margin": -0.015355414718389025,
      "fcf_margin": 0.05648511705958064,
      "incr_op_margin_yoy": -0.0630127107184711,
      "rev_growth_yoy": -0.15306601170107076,
      "rev_growth_yoy_accel": -0.10716721652034786,
      "fcf_margin_change": -0.028050382192854002
    },
    {
      "date": "2023-03-31T00:00:00",
      "quarter_label": "2023-03 (Q1)",
      "revenue": 108377000,
      "gross_profit": 24693000,
      "operating_income": -59524000,
      "net_income": -61363000,
      "opex": 84217000,
      "cogs": 83684000,
      "rd": 8360000,
      "sga": 26782000,
      "fcf": -5286000,
      "ocf": -2025000,
      "capex": -3261000,
      "gross_margin": 0.22784354613986363,
      "op_margin": -0.5492309253808465,
      "fcf_margin": -0.0487741864048645,
      "incr_op_margin_yoy": 2.453418216618816,
      "rev_growth_yoy": -0.18150441809531,
      "rev_growth_yoy_accel": -0.028438406394239252,
      "fcf_margin_change": -0.10525930346444515
    },
    {
      "date": "2023-06-30T00:00:00",
      "quarter_label": "2023-06 (Q2)",
      "revenue": 107391000,
      "gross_profit": 24617000,
      "operating_income": -9132000,
      "net_income": -10411000,
      "opex": 33749000,
      "cogs": 82774000,
      "rd": 8484000,
      "sga": 25265000,
      "fcf": 12734000,
      "ocf": 15280000,
      "capex": -2546000,
      "gross_margin": 0.2292277751394437,
      "op_margin": -0.08503505880381038,
      "fcf_margin": 0.11857604454749467,
      "incr_op_margin_yoy": 0.4613371176285084,
      "rev_growth_yoy": -0.22796385360277785,
      "rev_growth_yoy_accel": -0.04645943550746784,
      "fcf_margin_change": 0.16735023095235918
    },
    {
      "date": "2023-09-30T00:00:00",
      "quarter_label": "2023-09 (Q3)",
      "revenue": 107095000,
      "gross_profit": 20412000,
      "operating_income": -14033000,
      "net_income": -19362000,
      "opex": 34445000,
      "cogs": 86683000,
      "rd": 7658000,
      "sga": 23097000,
      "fcf": 5788000,
      "ocf": 6821000,
      "capex": -1033000,
      "gross_margin": 0.19059713338624584,
      "op_margin": -0.13103319482702275,
      "fcf_margin": 0.05404547364489472,
      "incr_op_margin_yoy": 0.6168603667818398,
      "rev_growth_yoy": -0.27873412265459785,
      "rev_growth_yoy_accel": -0.05077026905182,
      "fcf_margin_change": -0.06453057090259995
    },
    {
      "date": "2023-12-31T00:00:00",
      "quarter_label": "2023-12 (Q4)",
      "revenue": 97594000,
      "gross_profit": 27838000,
      "operating_income": -2612000,
      "net_income": -7102000,
      "opex": 30450000,
      "cogs": 69756000,
      "rd": 6779000,
      "sga": 23346000,
      "fcf": 3838000,
      "ocf": 5114000,
      "capex": -1276000,
      "gross_margin": 0.28524294526302846,
      "op_margin": -0.026763940406172512,
      "fcf_margin": 0.039326188085333114,
      "incr_op_margin_yoy": 0.028890478461293913,
      "rev_growth_yoy": -0.20498867690904055,
      "rev_growth_yoy_accel": 0.0737454457455573,
      "fcf_margin_change": -0.014719285559561604
    },
    {
      "date": "2024-03-31T00:00:00",
      "quarter_label": "2024-03 (Q1)",
      "revenue": 91900000,
      "gross_profit": 25988000,
      "operating_income": -6908000,
      "net_income": -8649000,
      "opex": 32896000,
      "cogs": 65912000,
      "rd": 7821000,
      "sga": 24011000,
      "fcf": -4122000,
      "ocf": -2775000,
      "capex": -1347000,
      "gross_margin": 0.28278563656147987,
      "op_margin": -0.07516866158868335,
      "fcf_margin": -0.04485310119695321,
      "incr_op_margin_yoy": -3.1932997511682952,
      "rev_growth_yoy": -0.15203410317687333,
      "rev_growth_yoy_accel": 0.05295457373216722,
      "fcf_margin_change": -0.08417928928228632
    },
    {
      "date": "2024-06-30T00:00:00",
      "quarter_label": "2024-06 (Q2)",
      "revenue": 90452000,
      "gross_profit": 25952000,
      "operating_income": -4453000,
      "net_income": -8193000,
      "opex": 30405000,
      "cogs": 64500000,
      "rd": 7520000,
      "sga": 21330000,
      "fcf": 4101000,
      "ocf": 5450000,
      "capex": -1349000,
      "gross_margin": 0.286914606642197,
      "op_margin": -0.049230531110423206,
      "fcf_margin": 0.04533896431256357,
      "incr_op_margin_yoy": -0.27622645964932996,
      "rev_growth_yoy": -0.15773202596120717,
      "rev_growth_yoy_accel": -0.005697922784333842,
      "fcf_margin_change": 0.09019206550951678
    },
    {
      "date": "2024-09-30T00:00:00",
      "quarter_label": "2024-09 (Q3)",
      "revenue": 102073000,
      "gross_profit": 30732000,
      "operating_income": 418000,
      "net_income": -2658000,
      "opex": 30314000,
      "cogs": 71341000,
      "rd": 7338000,
      "sga": 22872000,
      "fcf": 4819000,
      "ocf": 5664000,
      "capex": -845000,
      "gross_margin": 0.301078639797008,
      "op_margin": 0.0040951084028097535,
      "fcf_margin": 0.04721130955296699,
      "incr_op_margin_yoy": -2.8775388291517325,
      "rev_growth_yoy": -0.04689294551566366,
      "rev_growth_yoy_accel": 0.1108390804455435,
      "op_leverage_ratio": Infinity,
      "fcf_margin_change": 0.0018723452404034238
    },
    {
      "date": "2024-12-31T00:00:00",
      "quarter_label": "2024-12 (Q4)",
      "revenue": 110454000,
      "gross_profit": 31322000,
      "operating_income": -4354000,
      "net_income": -4529000,
      "opex": 35676000,
      "cogs": 79132000,
      "rd": 7044000,
      "sga": 23598000,
      "fcf": 5452000,
      "ocf": 6483000,
      "capex": -1031000,
      "gross_margin": 0.2835750629221214,
      "op_margin": -0.039419124703496476,
      "fcf_margin": 0.049359914534557375,
      "incr_op_margin_yoy": -0.1354587869362364,
      "rev_growth_yoy": 0.13177039572104843,
      "rev_growth_yoy_accel": 0.1786633412367121,
      "op_leverage_ratio": 0.464196004590596,
      "fcf_margin_change": 0.0021486049815903838
    },
    {
      "date": "2025-03-31T00:00:00",
      "quarter_label": "2025-03 (Q1)",
      "revenue": 92326000,
      "gross_profit": 26083000,
      "operating_income": -3754000,
      "net_income": -6274000,
      "opex": 29837000,
      "cogs": 66243000,
      "rd": 7231000,
      "sga": 22606000,
      "fcf": 7942000,
      "ocf": 8984000,
      "capex": -1042000,
      "gross_margin": 0.28250980222255917,
      "op_margin": -0.04066026904663908,
      "fcf_margin": 0.08602127244763122,
      "rev_growth_yoy": 0.004635473340587595,
      "rev_growth_yoy_accel": -0.12713492238046084,
      "fcf_margin_change": 0.036661357913073844
    },
    {
      "date": "2025-06-30T00:00:00",
      "quarter_label": "2025-06 (Q2)",
      "revenue": 97665000,
      "gross_profit": 29196000,
      "operating_income": 1008000,
      "net_income": -2912000,
      "opex": 28188000,
      "cogs": 68469000,
      "rd": 6959000,
      "sga": 21229000,
      "fcf": 7502000,
      "ocf": 8721000,
      "capex": -1219000,
      "gross_margin": 0.2989402549531562,
      "op_margin": 0.0103209952388266,
      "fcf_margin": 0.07681359750166385,
      "incr_op_margin_yoy": 0.7571052266740608,
      "rev_growth_yoy": 0.07974395259364082,
      "rev_growth_yoy_accel": 0.07510847925305322,
      "op_leverage_ratio": Infinity,
      "fcf_margin_change": -0.009207674945967373
    },
    {
      "date": "2025-09-30T00:00:00",
      "quarter_label": "2025-09 (Q3)",
      "revenue": 90552000,
      "gross_profit": 25122000,
      "operating_income": -4512000,
      "net_income": -8329000,
      "opex": 29634000,
      "cogs": 65430000,
      "rd": 6687000,
      "sga": 22106000,
      "fcf": 9250000,
      "ocf": 10132000,
      "capex": -882000,
      "gross_margin": 0.27743175192154784,
      "op_margin": -0.049827723297111055,
      "fcf_margin": 0.10215125011043379,
      "incr_op_margin_yoy": 0.42791424355524693,
      "rev_growth_yoy": -0.11287020073868702,
      "rev_growth_yoy_accel": -0.19261415333232784,
      "fcf_margin_change": 0.02533765260876994
    }
  ],
  "signals": [
    {
      "quarter": "2025-09 (Q3)",
      "signal": "YoY REVENUE GROWTH DECELERATION",
      "detail": "YoY growth: -11.3% vs prior quarter YoY: +8.0% (decel: -19.3%)",
      "severity": "WARNING"
    },
    {
      "quarter": "2025-06 (Q2)",
      "signal": "YoY REVENUE GROWTH ACCELERATION",
      "detail": "YoY growth: +8.0% vs prior quarter YoY: +0.5% (accel: +7.5%)",
      "severity": "MEDIUM"
    },
    {
      "quarter": "2025-06 (Q2)",
      "signal": "OP MARGIN TURNED POSITIVE (YoY)",
      "detail": "Op margin: -4.9% (year-ago) -> +1.0%",
      "severity": "HIGH"
    },
    {
      "quarter": "2025-06 (Q2)",
      "signal": "OP MARGIN TURNED POSITIVE (QoQ)",
      "detail": "Op margin: -4.1% -> +1.0%",
      "severity": "HIGH"
    },
    {
      "quarter": "2025-03 (Q1)",
      "signal": "YoY REVENUE GROWTH DECELERATION",
      "detail": "YoY growth: +0.5% vs prior quarter YoY: +13.2% (decel: -12.7%)",
      "severity": "WARNING"
    },
    {
      "quarter": "2024-12 (Q4)",
      "signal": "YoY REVENUE GROWTH ACCELERATION",
      "detail": "YoY growth: +13.2% vs prior quarter YoY: -4.7% (accel: +17.9%)",
      "severity": "HIGH"
    },
    {
      "quarter": "2024-09 (Q3)",
      "signal": "YoY REVENUE GROWTH ACCELERATION",
      "detail": "YoY growth: -4.7% vs prior quarter YoY: -15.8% (accel: +11.1%)",
      "severity": "MEDIUM"
    },
    {
      "quarter": "2024-09 (Q3)",
      "signal": "OP MARGIN TURNED POSITIVE (YoY)",
      "detail": "Op margin: -13.1% (year-ago) -> +0.4%",
      "severity": "HIGH"
    },
    {
      "quarter": "2024-09 (Q3)",
      "signal": "OP MARGIN TURNED POSITIVE (QoQ)",
      "detail": "Op margin: -4.9% -> +0.4%",
      "severity": "HIGH"
    },
    {
      "quarter": "2024-06 (Q2)",
      "signal": "FCF TURNED POSITIVE",
      "detail": "FCF margin: -4.5% -> +4.5%",
      "severity": "HIGH"
    },
    {
      "quarter": "2024-03 (Q1)",
      "signal": "YoY REVENUE GROWTH ACCELERATION",
      "detail": "YoY growth: -15.2% vs prior quarter YoY: -20.5% (accel: +5.3%)",
      "severity": "MEDIUM"
    },
    {
      "quarter": "2023-12 (Q4)",
      "signal": "GROSS MARGIN INFLECTION",
      "detail": "GM: +22.9% -> +19.1% -> +28.5% (reversal +9.5%)",
      "severity": "HIGH"
    },
    {
      "quarter": "2023-12 (Q4)",
      "signal": "YoY REVENUE GROWTH ACCELERATION",
      "detail": "YoY growth: -20.5% vs prior quarter YoY: -27.9% (accel: +7.4%)",
      "severity": "MEDIUM"
    },
    {
      "quarter": "2023-09 (Q3)",
      "signal": "YoY REVENUE GROWTH DECELERATION",
      "detail": "YoY growth: -27.9% vs prior quarter YoY: -22.8% (decel: -5.1%)",
      "severity": "WARNING"
    },
    {
      "quarter": "2023-06 (Q2)",
      "signal": "FCF TURNED POSITIVE",
      "detail": "FCF margin: -4.9% -> +11.9%",
      "severity": "HIGH"
    },
    {
      "quarter": "2022-12 (Q4)",
      "signal": "YoY REVENUE GROWTH DECELERATION",
      "detail": "YoY growth: -15.3% vs prior quarter YoY: -4.6% (decel: -10.7%)",
      "severity": "WARNING"
    },
    {
      "quarter": "2022-09 (Q3)",
      "signal": "FCF TURNED POSITIVE",
      "detail": "FCF margin: -2.0% -> +8.5%",
      "severity": "HIGH"
    },
    {
      "quarter": "2022-06 (Q2)",
      "signal": "FCF MARGIN EXPANSION",
      "detail": "FCF margin: -14.9% -> -2.0% (+12.9%)",
      "severity": "MEDIUM"
    },
    {
      "quarter": "2022-06 (Q2)",
      "signal": "INCREMENTAL MARGIN (YoY)",
      "detail": "YoY Incr OPM: +30.9% vs year-ago OPM: +6.0%",
      "severity": "HIGH"
    },
    {
      "quarter": "2022-06 (Q2)",
      "signal": "OP MARGIN TURNED POSITIVE (QoQ)",
      "detail": "Op margin: -0.4% -> +4.0%",
      "severity": "HIGH"
    },
    {
      "quarter": "2022-03 (Q1)",
      "signal": "GROSS MARGIN INFLECTION",
      "detail": "GM: +29.4% -> +24.9% -> +27.4% (reversal +2.5%)",
      "severity": "MEDIUM"
    },
    {
      "quarter": "2021-12 (Q4)",
      "signal": "FCF MARGIN EXPANSION",
      "detail": "FCF margin: +2.5% -> +9.4% (+6.9%)",
      "severity": "MEDIUM"
    },
    {
      "quarter": "2021-06 (Q2)",
      "signal": "FCF TURNED POSITIVE",
      "detail": "FCF margin: -6.9% -> +13.8%",
      "severity": "HIGH"
    }
  ],
  "data_quality": {
    "n_quarters": 20,
    "coverage": {
      "revenue": [
        20,
        20
      ],
      "gross_profit": [
        20,
        20
      ],
      "op_income": [
        20,
        20
      ],
      "fcf": [
        20,
        20
      ]
    },
    "gaps": [],
    "warnings": []
  },
  "market_cap": null,
  "source": "SEC EDGAR",
  "last_updated": "2026-02-02T23:37:54.255127"
}