{
  "ticker": "UFI",
  "name": "UNIFI, INC.",
  "quarters": [
    {
      "date": "2020-12-27T00:00:00",
      "quarter_label": "2020-12 (Q4)",
      "revenue": 162776000,
      "gross_profit": 25934000,
      "operating_income": 13092000,
      "net_income": 7464000,
      "opex": 12842000,
      "cogs": 136842000,
      "rd": null,
      "sga": 12625000,
      "fcf": 7633000,
      "ocf": 11804000,
      "capex": -4171000,
      "gross_margin": 0.15932324175554136,
      "op_margin": 0.08042954735341819,
      "fcf_margin": 0.046892662308939896
    },
    {
      "date": "2021-03-28T00:00:00",
      "quarter_label": "2021-03 (Q1)",
      "revenue": 178866000,
      "gross_profit": 25595000,
      "operating_income": 8616000,
      "net_income": 4758000,
      "opex": 16979000,
      "cogs": 153271000,
      "rd": null,
      "sga": 14581000,
      "fcf": -52000,
      "ocf": 5984000,
      "capex": -6036000,
      "gross_margin": 0.14309594892265717,
      "op_margin": 0.0481701385394653,
      "fcf_margin": -0.00029072042758265966,
      "op_leverage_ratio": 0.30684059534207436,
      "fcf_margin_change": -0.047183382736522554
    },
    {
      "date": "2021-06-27T00:00:00",
      "quarter_label": "2021-06 (Q2)",
      "revenue": 184445000,
      "gross_profit": 27404000,
      "operating_income": 13997000,
      "net_income": 13419000,
      "opex": 13407000,
      "cogs": 157041000,
      "rd": null,
      "sga": 12764000,
      "fcf": 1864000,
      "ocf": 10971000,
      "capex": -9107000,
      "gross_margin": 0.1485754560980238,
      "op_margin": 0.07588712082192524,
      "fcf_margin": 0.010105993656645612,
      "op_leverage_ratio": Infinity,
      "fcf_margin_change": 0.010396714084228272
    },
    {
      "date": "2021-09-26T00:00:00",
      "quarter_label": "2021-09 (Q3)",
      "revenue": 195992000,
      "gross_profit": 26097000,
      "operating_income": 13251000,
      "net_income": 8680000,
      "opex": 12846000,
      "cogs": 169895000,
      "rd": null,
      "sga": 12670000,
      "fcf": -25108000,
      "ocf": -15808000,
      "capex": -9300000,
      "gross_margin": 0.13315339401608228,
      "op_margin": 0.06760990244499776,
      "fcf_margin": -0.12810726968447692,
      "op_leverage_ratio": Infinity,
      "fcf_margin_change": -0.13821326334112252
    },
    {
      "date": "2021-12-26T00:00:00",
      "quarter_label": "2021-12 (Q4)",
      "revenue": 201410000,
      "gross_profit": 16890000,
      "operating_income": 4591000,
      "net_income": 929000,
      "opex": 12299000,
      "cogs": 184520000,
      "rd": null,
      "sga": 11966000,
      "fcf": 1986000,
      "ocf": 11858000,
      "capex": -9872000,
      "gross_margin": 0.08385879549178293,
      "op_margin": 0.02279430018370488,
      "fcf_margin": 0.009860483590685667,
      "incr_op_margin_yoy": -0.22003934358337215,
      "rev_growth_yoy": 0.23734457168132894,
      "op_leverage_ratio": Infinity,
      "fcf_margin_change": 0.13796775327516259
    },
    {
      "date": "2022-03-27T00:00:00",
      "quarter_label": "2022-03 (Q1)",
      "revenue": 200780000,
      "gross_profit": 19144000,
      "operating_income": 5755000,
      "net_income": 2066000,
      "opex": 13389000,
      "cogs": 181636000,
      "rd": null,
      "sga": 14389000,
      "fcf": -9035000,
      "ocf": 1887000,
      "capex": -10922000,
      "gross_margin": 0.09534814224524354,
      "op_margin": 0.028663213467476842,
      "fcf_margin": -0.044999501942424545,
      "incr_op_margin_yoy": -0.13055580907182623,
      "rev_growth_yoy": 0.12251629711627698,
      "rev_growth_yoy_accel": -0.11482827456505196,
      "fcf_margin_change": -0.05485998553311021
    },
    {
      "date": "2022-07-03T00:00:00",
      "quarter_label": "2022-07 (Q3)",
      "revenue": 217576000,
      "gross_profit": 18354000,
      "operating_income": 5002000,
      "net_income": 3496000,
      "opex": 13352000,
      "cogs": 199222000,
      "rd": null,
      "sga": 13464000,
      "fcf": -7094000,
      "ocf": 2443000,
      "capex": -9537000,
      "gross_margin": 0.08435673052174872,
      "op_margin": 0.02298966797808582,
      "fcf_margin": -0.03260469904768908,
      "incr_op_margin_yoy": -0.27149799281639553,
      "rev_growth_yoy": 0.1796253625742091,
      "rev_growth_yoy_accel": 0.05710906545793212,
      "op_leverage_ratio": Infinity,
      "fcf_margin_change": 0.012394802894735463
    },
    {
      "date": "2022-10-02T00:00:00",
      "quarter_label": "2022-10 (Q4)",
      "revenue": 179519000,
      "gross_profit": 6563000,
      "operating_income": -4695000,
      "net_income": -7834000,
      "opex": 11258000,
      "cogs": 172956000,
      "rd": null,
      "sga": 11773000,
      "fcf": -17090000,
      "ocf": -5892000,
      "capex": -11198000,
      "gross_margin": 0.03655880436054122,
      "op_margin": -0.02615322055047098,
      "fcf_margin": -0.09519883689191673,
      "incr_op_margin_yoy": 1.0894190493534874,
      "rev_growth_yoy": -0.0840493489530185,
      "rev_growth_yoy_accel": -0.2636747115272276,
      "fcf_margin_change": -0.06259413784422765
    },
    {
      "date": "2023-01-01T00:00:00",
      "quarter_label": "2023-01 (Q1)",
      "revenue": 136212000,
      "gross_profit": -8000000,
      "operating_income": -19818000,
      "net_income": -18037000,
      "opex": 11818000,
      "cogs": 144212000,
      "rd": null,
      "sga": 11748000,
      "fcf": 412000,
      "ocf": 13164000,
      "capex": -12752000,
      "gross_margin": -0.058731976624673304,
      "op_margin": -0.14549378909347194,
      "fcf_margin": 0.0030246967961706753,
      "incr_op_margin_yoy": 0.37438264977453295,
      "rev_growth_yoy": -0.3237078595898913,
      "rev_growth_yoy_accel": -0.2396585106368728,
      "fcf_margin_change": 0.09822353368808741
    },
    {
      "date": "2023-04-02T00:00:00",
      "quarter_label": "2023-04 (Q2)",
      "revenue": 156738000,
      "gross_profit": 9653000,
      "operating_income": -2678000,
      "net_income": -5184000,
      "opex": 12331000,
      "cogs": 147085000,
      "rd": null,
      "sga": 12063000,
      "fcf": -7434000,
      "ocf": 1077000,
      "capex": -8511000,
      "gross_margin": 0.061586851944008474,
      "op_margin": -0.01708583751228164,
      "fcf_margin": -0.04742946828465337,
      "incr_op_margin_yoy": 0.1914763180600336,
      "rev_growth_yoy": -0.21935451738220937,
      "rev_growth_yoy_accel": 0.10435334220768192,
      "op_leverage_ratio": 3.471487256792516,
      "fcf_margin_change": -0.05045416508082405
    },
    {
      "date": "2023-07-02T00:00:00",
      "quarter_label": "2023-07 (Q3)",
      "revenue": 151058000,
      "gross_profit": 6025000,
      "operating_income": -13680000,
      "net_income": -15289000,
      "opex": 19705000,
      "cogs": 145033000,
      "rd": null,
      "sga": 11761000,
      "fcf": -7582000,
      "ocf": -3609000,
      "capex": -3973000,
      "gross_margin": 0.03988534205404547,
      "op_margin": -0.09056124137748414,
      "fcf_margin": -0.0501926412371407,
      "incr_op_margin_yoy": 0.28085630957034186,
      "rev_growth_yoy": -0.30572305769018643,
      "rev_growth_yoy_accel": -0.08636854030797705,
      "fcf_margin_change": -0.0027631729524873264
    },
    {
      "date": "2023-10-01T00:00:00",
      "quarter_label": "2023-10 (Q4)",
      "revenue": 138844000,
      "gross_profit": -575000,
      "operating_income": -12029000,
      "net_income": -13270000,
      "opex": 11454000,
      "cogs": 139419000,
      "rd": null,
      "sga": 11609000,
      "fcf": 4182000,
      "ocf": 7119000,
      "capex": -2937000,
      "gross_margin": -0.004141338480596929,
      "op_margin": -0.08663680101408776,
      "fcf_margin": 0.03012013482757627,
      "incr_op_margin_yoy": 0.18030731407498463,
      "rev_growth_yoy": -0.22657768815557128,
      "rev_growth_yoy_accel": 0.07914536953461515,
      "fcf_margin_change": 0.08031277606471697
    },
    {
      "date": "2023-12-31T00:00:00",
      "quarter_label": "2023-12 (Q4)",
      "revenue": 136917000,
      "gross_profit": 1636000,
      "operating_income": -17643000,
      "net_income": -19846000,
      "opex": 19279000,
      "cogs": 135281000,
      "rd": null,
      "sga": 12408000,
      "fcf": -7647000,
      "ocf": -4602000,
      "capex": -3045000,
      "gross_margin": 0.011948844920645355,
      "op_margin": -0.12885908981353666,
      "fcf_margin": -0.05585135520059598,
      "rev_growth_yoy": 0.005175755440049335,
      "rev_growth_yoy_accel": 0.2317534435956206,
      "fcf_margin_change": -0.08597149002817225
    },
    {
      "date": "2024-03-31T00:00:00",
      "quarter_label": "2024-03 (Q1)",
      "revenue": 148996000,
      "gross_profit": 4764000,
      "operating_income": -6926000,
      "net_income": -10295000,
      "opex": 11690000,
      "cogs": 144232000,
      "rd": null,
      "sga": 11372000,
      "fcf": -3941000,
      "ocf": -1357000,
      "capex": -2584000,
      "gross_margin": 0.03197401272517383,
      "op_margin": -0.04648446938172837,
      "fcf_margin": -0.026450374506698165,
      "incr_op_margin_yoy": 0.5486954275381039,
      "rev_growth_yoy": -0.04939453100077837,
      "rev_growth_yoy_accel": -0.0545702864408277,
      "op_leverage_ratio": Infinity,
      "fcf_margin_change": 0.029400980693897818
    },
    {
      "date": "2024-06-30T00:00:00",
      "quarter_label": "2024-06 (Q2)",
      "revenue": 157452000,
      "gross_profit": 10791000,
      "operating_income": -823000,
      "net_income": -3984000,
      "opex": 11614000,
      "cogs": 146661000,
      "rd": null,
      "sga": 11243000,
      "fcf": -1691000,
      "ocf": 932000,
      "capex": -2623000,
      "gross_margin": 0.0685351726240378,
      "op_margin": -0.005226989812768336,
      "fcf_margin": -0.01073978101262607,
      "incr_op_margin_yoy": 2.0107913669064748,
      "rev_growth_yoy": 0.04232811238067497,
      "rev_growth_yoy_accel": 0.09172264338145333,
      "op_leverage_ratio": Infinity,
      "fcf_margin_change": 0.015710593494072094
    },
    {
      "date": "2024-09-29T00:00:00",
      "quarter_label": "2024-09 (Q3)",
      "revenue": 147372000,
      "gross_profit": 9458000,
      "operating_income": -3216000,
      "net_income": -7632000,
      "opex": 12674000,
      "cogs": 137914000,
      "rd": null,
      "sga": 11842000,
      "fcf": -14852000,
      "ocf": -12834000,
      "capex": -2018000,
      "gross_margin": 0.06417772711234156,
      "op_margin": -0.021822327172054394,
      "fcf_margin": -0.10077898108188801,
      "incr_op_margin_yoy": 1.0334193245778611,
      "rev_growth_yoy": 0.06142145141309671,
      "rev_growth_yoy_accel": 0.01909333903242174,
      "fcf_margin_change": -0.09003920006926194
    },
    {
      "date": "2024-12-29T00:00:00",
      "quarter_label": "2024-12 (Q4)",
      "revenue": 138880000,
      "gross_profit": 534000,
      "operating_income": -7564000,
      "net_income": -11392000,
      "opex": 8098000,
      "cogs": 138346000,
      "rd": null,
      "sga": 12921000,
      "fcf": -5096000,
      "ocf": -2170000,
      "capex": -2926000,
      "gross_margin": 0.003845046082949309,
      "op_margin": -0.054464285714285715,
      "fcf_margin": -0.03669354838709677,
      "incr_op_margin_yoy": 5.134488028527763,
      "rev_growth_yoy": 0.014337153165786572,
      "rev_growth_yoy_accel": -0.04708429824731014,
      "fcf_margin_change": 0.06408543269479125
    },
    {
      "date": "2025-03-30T00:00:00",
      "quarter_label": "2025-03 (Q1)",
      "revenue": 146557000,
      "gross_profit": -445000,
      "operating_income": -13860000,
      "net_income": -16794000,
      "opex": 13415000,
      "cogs": 147002000,
      "rd": null,
      "sga": 12295000,
      "fcf": -7961000,
      "ocf": -4990000,
      "capex": -2971000,
      "gross_margin": -0.0030363612792292417,
      "op_margin": -0.09457071310138718,
      "fcf_margin": -0.05432016212122246,
      "incr_op_margin_yoy": 2.842968429684297,
      "rev_growth_yoy": -0.016369566968240757,
      "rev_growth_yoy_accel": -0.03070672013402733,
      "op_leverage_ratio": 0.0841904721097185,
      "fcf_margin_change": -0.01762661373412569
    },
    {
      "date": "2025-06-29T00:00:00",
      "quarter_label": "2025-06 (Q2)",
      "revenue": 138535000,
      "gross_profit": -1129000,
      "operating_income": 15120000,
      "net_income": 15470000,
      "opex": -16249000,
      "cogs": 139664000,
      "rd": null,
      "sga": 11947000,
      "fcf": -3890000,
      "ocf": -1317000,
      "capex": -2573000,
      "gross_margin": -0.008149565091854044,
      "op_margin": 0.10914209405565381,
      "fcf_margin": -0.02807954668495326,
      "incr_op_margin_yoy": -0.8427869112438547,
      "rev_growth_yoy": -0.12014455199044788,
      "rev_growth_yoy_accel": -0.10377498502220713,
      "fcf_margin_change": 0.0262406154362692
    },
    {
      "date": "2025-09-28T00:00:00",
      "quarter_label": "2025-09 (Q3)",
      "revenue": 135674000,
      "gross_profit": 3387000,
      "operating_income": -9630000,
      "net_income": -11357000,
      "opex": 13017000,
      "cogs": 132287000,
      "rd": null,
      "sga": 11948000,
      "fcf": -10949000,
      "ocf": -8920000,
      "capex": -2029000,
      "gross_margin": 0.024964252546545395,
      "op_margin": -0.07097896428202898,
      "fcf_margin": -0.08070079749988944,
      "incr_op_margin_yoy": 0.5482988545050436,
      "rev_growth_yoy": -0.0793773579784491,
      "rev_growth_yoy_accel": 0.040767194011998784,
      "fcf_margin_change": -0.05262125081493618
    }
  ],
  "signals": [
    {
      "quarter": "2025-09 (Q3)",
      "signal": "GROSS MARGIN INFLECTION",
      "detail": "GM: -0.3% -> -0.8% -> +2.5% (reversal +3.3%)",
      "severity": "MEDIUM"
    },
    {
      "quarter": "2025-06 (Q2)",
      "signal": "YoY REVENUE GROWTH DECELERATION",
      "detail": "YoY growth: -12.0% vs prior quarter YoY: -1.6% (decel: -10.4%)",
      "severity": "WARNING"
    },
    {
      "quarter": "2025-06 (Q2)",
      "signal": "OP MARGIN TURNED POSITIVE (YoY)",
      "detail": "Op margin: -0.5% (year-ago) -> +10.9%",
      "severity": "HIGH"
    },
    {
      "quarter": "2025-06 (Q2)",
      "signal": "OP MARGIN TURNED POSITIVE (QoQ)",
      "detail": "Op margin: -9.5% -> +10.9%",
      "severity": "HIGH"
    },
    {
      "quarter": "2024-12 (Q4)",
      "signal": "FCF MARGIN EXPANSION",
      "detail": "FCF margin: -10.1% -> -3.7% (+6.4%)",
      "severity": "MEDIUM"
    },
    {
      "quarter": "2024-06 (Q2)",
      "signal": "YoY REVENUE GROWTH ACCELERATION",
      "detail": "YoY growth: +4.2% vs prior quarter YoY: -4.9% (accel: +9.2%)",
      "severity": "MEDIUM"
    },
    {
      "quarter": "2024-03 (Q1)",
      "signal": "YoY REVENUE GROWTH DECELERATION",
      "detail": "YoY growth: -4.9% vs prior quarter YoY: +0.5% (decel: -5.5%)",
      "severity": "WARNING"
    },
    {
      "quarter": "2023-12 (Q4)",
      "signal": "YoY REVENUE GROWTH ACCELERATION",
      "detail": "YoY growth: +0.5% vs prior quarter YoY: -22.7% (accel: +23.2%)",
      "severity": "HIGH"
    },
    {
      "quarter": "2023-10 (Q4)",
      "signal": "FCF TURNED POSITIVE",
      "detail": "FCF margin: -5.0% -> +3.0%",
      "severity": "HIGH"
    },
    {
      "quarter": "2023-10 (Q4)",
      "signal": "YoY REVENUE GROWTH ACCELERATION",
      "detail": "YoY growth: -22.7% vs prior quarter YoY: -30.6% (accel: +7.9%)",
      "severity": "MEDIUM"
    },
    {
      "quarter": "2023-07 (Q3)",
      "signal": "YoY REVENUE GROWTH DECELERATION",
      "detail": "YoY growth: -30.6% vs prior quarter YoY: -21.9% (decel: -8.6%)",
      "severity": "WARNING"
    },
    {
      "quarter": "2023-04 (Q2)",
      "signal": "OPERATING LEVERAGE",
      "detail": "Rev growth +15.1% vs OpEx growth +4.3% (leverage: 3.5x)",
      "severity": "MEDIUM"
    },
    {
      "quarter": "2023-04 (Q2)",
      "signal": "GROSS MARGIN INFLECTION",
      "detail": "GM: +3.7% -> -5.9% -> +6.2% (reversal +12.0%)",
      "severity": "HIGH"
    },
    {
      "quarter": "2023-04 (Q2)",
      "signal": "YoY REVENUE GROWTH ACCELERATION",
      "detail": "YoY growth: -21.9% vs prior quarter YoY: -32.4% (accel: +10.4%)",
      "severity": "MEDIUM"
    },
    {
      "quarter": "2023-01 (Q1)",
      "signal": "FCF TURNED POSITIVE",
      "detail": "FCF margin: -9.5% -> +0.3%",
      "severity": "HIGH"
    },
    {
      "quarter": "2023-01 (Q1)",
      "signal": "YoY REVENUE GROWTH DECELERATION",
      "detail": "YoY growth: -32.4% vs prior quarter YoY: -8.4% (decel: -24.0%)",
      "severity": "WARNING"
    },
    {
      "quarter": "2022-10 (Q4)",
      "signal": "YoY REVENUE GROWTH DECELERATION",
      "detail": "YoY growth: -8.4% vs prior quarter YoY: +18.0% (decel: -26.4%)",
      "severity": "WARNING"
    },
    {
      "quarter": "2022-07 (Q3)",
      "signal": "YoY REVENUE GROWTH ACCELERATION",
      "detail": "YoY growth: +18.0% vs prior quarter YoY: +12.3% (accel: +5.7%)",
      "severity": "MEDIUM"
    },
    {
      "quarter": "2022-03 (Q1)",
      "signal": "YoY REVENUE GROWTH DECELERATION",
      "detail": "YoY growth: +12.3% vs prior quarter YoY: +23.7% (decel: -11.5%)",
      "severity": "WARNING"
    },
    {
      "quarter": "2021-12 (Q4)",
      "signal": "FCF TURNED POSITIVE",
      "detail": "FCF margin: -12.8% -> +1.0%",
      "severity": "HIGH"
    },
    {
      "quarter": "2021-06 (Q2)",
      "signal": "FCF TURNED POSITIVE",
      "detail": "FCF margin: -0.0% -> +1.0%",
      "severity": "HIGH"
    }
  ],
  "data_quality": {
    "n_quarters": 20,
    "coverage": {
      "revenue": [
        20,
        20
      ],
      "gross_profit": [
        20,
        20
      ],
      "op_income": [
        20,
        20
      ],
      "fcf": [
        20,
        20
      ]
    },
    "gaps": [],
    "warnings": []
  },
  "market_cap": null,
  "source": "SEC EDGAR",
  "last_updated": "2026-02-02T23:31:10.379027"
}