{
  "ticker": "UFPI",
  "name": "UFP INDUSTRIES,\u00a0INC.",
  "quarters": [
    {
      "date": "2020-12-26T00:00:00",
      "quarter_label": "2020-12 (Q4)",
      "revenue": 1393708000,
      "gross_profit": 187055000,
      "operating_income": 88235000,
      "net_income": 62952000,
      "opex": 98820000,
      "cogs": 1206653000,
      "rd": null,
      "sga": 86826000,
      "fcf": 129236000,
      "ocf": 151394000,
      "capex": -22158000,
      "gross_margin": 0.13421390994383328,
      "op_margin": 0.06330953112129657,
      "fcf_margin": 0.0927281754858263
    },
    {
      "date": "2021-03-27T00:00:00",
      "quarter_label": "2021-03 (Q1)",
      "revenue": 1825004000,
      "gross_profit": 286554000,
      "operating_income": 137487000,
      "net_income": 103311000,
      "opex": 149067000,
      "cogs": 1538450000,
      "rd": null,
      "sga": 150098000,
      "fcf": -231316000,
      "ocf": -196660000,
      "capex": -34656000,
      "gross_margin": 0.15701554626729586,
      "op_margin": 0.0753351773475565,
      "fcf_margin": -0.1267482153463773,
      "op_leverage_ratio": 0.6086089710558797,
      "fcf_margin_change": -0.2194763908322036
    },
    {
      "date": "2021-06-26T00:00:00",
      "quarter_label": "2021-06 (Q2)",
      "revenue": 2700541000,
      "gross_profit": 421294000,
      "operating_income": 236935000,
      "net_income": 173382000,
      "opex": 184359000,
      "cogs": 2279247000,
      "rd": null,
      "sga": 184539000,
      "fcf": 36555000,
      "ocf": 80927000,
      "capex": -44372000,
      "gross_margin": 0.15600355632445498,
      "op_margin": 0.08773612398404616,
      "fcf_margin": 0.013536176640162101,
      "op_leverage_ratio": 2.0263568276913135,
      "fcf_margin_change": 0.14028439198653941
    },
    {
      "date": "2021-09-25T00:00:00",
      "quarter_label": "2021-09 (Q3)",
      "revenue": 2093784000,
      "gross_profit": 327555000,
      "operating_income": 168125000,
      "net_income": 121041000,
      "opex": 159430000,
      "cogs": 1766229000,
      "rd": null,
      "sga": 169467000,
      "fcf": 366432000,
      "ocf": 397496000,
      "capex": -31064000,
      "gross_margin": 0.15644163867906144,
      "op_margin": 0.08029720353197847,
      "fcf_margin": 0.17500945656285463,
      "fcf_margin_change": 0.16147327992269253
    },
    {
      "date": "2021-12-25T00:00:00",
      "quarter_label": "2021-12 (Q4)",
      "revenue": 2016805000,
      "gross_profit": 371564000,
      "operating_income": 195007000,
      "net_income": 137906000,
      "opex": 176557000,
      "cogs": 1645241000,
      "rd": null,
      "sga": 178149000,
      "fcf": 189640000,
      "ocf": 230714000,
      "capex": -41074000,
      "gross_margin": 0.18423397403318614,
      "op_margin": 0.09669105342360813,
      "fcf_margin": 0.09402991365055124,
      "incr_op_margin_yoy": 0.1713569476341565,
      "rev_growth_yoy": 0.4470785846102627,
      "fcf_margin_change": -0.08097954291230339
    },
    {
      "date": "2022-03-26T00:00:00",
      "quarter_label": "2022-03 (Q1)",
      "revenue": 2489313000,
      "gross_profit": 478363000,
      "operating_income": 259025000,
      "net_income": 189703000,
      "opex": 219338000,
      "cogs": 2010950000,
      "rd": null,
      "sga": 220150000,
      "fcf": -277103000,
      "ocf": -245031000,
      "capex": -32072000,
      "gross_margin": 0.192166674098436,
      "op_margin": 0.1040548135168217,
      "fcf_margin": -0.11131705816022332,
      "incr_op_margin_yoy": 0.1829540168806986,
      "rev_growth_yoy": 0.36400413368957,
      "rev_growth_yoy_accel": -0.08307445092069266,
      "op_leverage_ratio": 0.9668948909887681,
      "fcf_margin_change": -0.20534697181077455
    },
    {
      "date": "2022-06-25T00:00:00",
      "quarter_label": "2022-06 (Q2)",
      "revenue": 2900874000,
      "gross_profit": 503452000,
      "operating_income": 285566000,
      "net_income": 203118000,
      "opex": 217886000,
      "cogs": 2397422000,
      "rd": null,
      "sga": 214538000,
      "fcf": 295825000,
      "ocf": 335428000,
      "capex": -39603000,
      "gross_margin": 0.17355183299929608,
      "op_margin": 0.09844136629167623,
      "fcf_margin": 0.1019778866645018,
      "incr_op_margin_yoy": 0.24275081988489167,
      "rev_growth_yoy": 0.07418254342370659,
      "rev_growth_yoy_accel": -0.2898215902658634,
      "op_leverage_ratio": Infinity,
      "fcf_margin_change": 0.2132949448247251
    },
    {
      "date": "2022-09-24T00:00:00",
      "quarter_label": "2022-09 (Q3)",
      "revenue": 2322855000,
      "gross_profit": 450176000,
      "operating_income": 237044000,
      "net_income": 167241000,
      "opex": 213132000,
      "cogs": 1872679000,
      "rd": null,
      "sga": 214327000,
      "fcf": 400599000,
      "ocf": 442649000,
      "capex": -42050000,
      "gross_margin": 0.19380288481200936,
      "op_margin": 0.10204855662535973,
      "fcf_margin": 0.17245975319165424,
      "incr_op_margin_yoy": 0.3008630511937347,
      "rev_growth_yoy": 0.10940526816519755,
      "rev_growth_yoy_accel": 0.03522272474149096,
      "fcf_margin_change": 0.07048186652715244
    },
    {
      "date": "2022-12-31T00:00:00",
      "quarter_label": "2022-12 (Q4)",
      "revenue": 1913697000,
      "gross_profit": 357470000,
      "operating_income": 168549000,
      "net_income": 132589000,
      "opex": 188921000,
      "cogs": 1556227000,
      "rd": null,
      "sga": 183064000,
      "fcf": 238122000,
      "ocf": 298521000,
      "capex": -60399000,
      "gross_margin": 0.1867955062896582,
      "op_margin": 0.08807507144547962,
      "fcf_margin": 0.12443035652979546,
      "incr_op_margin_yoy": 0.25660472514256893,
      "rev_growth_yoy": -0.05112442700211473,
      "rev_growth_yoy_accel": -0.16052969516731228,
      "fcf_margin_change": -0.04802939666185878
    },
    {
      "date": "2023-04-01T00:00:00",
      "quarter_label": "2023-04 (Q2)",
      "revenue": 1822476000,
      "gross_profit": 358329000,
      "operating_income": 161708000,
      "net_income": 126069000,
      "opex": 196621000,
      "cogs": 1464147000,
      "rd": null,
      "sga": 194683000,
      "fcf": -75242000,
      "ocf": -37076000,
      "capex": -38166000,
      "gross_margin": 0.19661658095909082,
      "op_margin": 0.08872983786892118,
      "fcf_margin": -0.041285591689547624,
      "incr_op_margin_yoy": 0.14593821278663302,
      "rev_growth_yoy": -0.2678799331381791,
      "rev_growth_yoy_accel": -0.21675550613606437,
      "fcf_margin_change": -0.1657159482193431
    },
    {
      "date": "2023-07-01T00:00:00",
      "quarter_label": "2023-07 (Q3)",
      "revenue": 2043918000,
      "gross_profit": 400067000,
      "operating_income": 193497000,
      "net_income": 150761000,
      "opex": 206570000,
      "cogs": 1643851000,
      "rd": null,
      "sga": 204703000,
      "fcf": 311325000,
      "ocf": 358140000,
      "capex": -46815000,
      "gross_margin": 0.19573534750415622,
      "op_margin": 0.09466964917379268,
      "fcf_margin": 0.1523177544304615,
      "incr_op_margin_yoy": 0.10743725465484809,
      "rev_growth_yoy": -0.2954130375879821,
      "rev_growth_yoy_accel": -0.027533104449803003,
      "op_leverage_ratio": 2.401312309113815,
      "fcf_margin_change": 0.19360334612000912
    },
    {
      "date": "2023-09-30T00:00:00",
      "quarter_label": "2023-09 (Q3)",
      "revenue": 1827637000,
      "gross_profit": 364400000,
      "operating_income": 167332000,
      "net_income": 134035000,
      "opex": 197068000,
      "cogs": 1463237000,
      "rd": null,
      "sga": 195649000,
      "fcf": 344773000,
      "ocf": 390739000,
      "capex": -45966000,
      "gross_margin": 0.19938313789882783,
      "op_margin": 0.09155647428893156,
      "fcf_margin": 0.18864413447528147,
      "incr_op_margin_yoy": 0.14077032741136228,
      "rev_growth_yoy": -0.21319367760794367,
      "rev_growth_yoy_accel": 0.08221935998003843,
      "fcf_margin_change": 0.03632638004481997
    },
    {
      "date": "2023-12-30T00:00:00",
      "quarter_label": "2023-12 (Q4)",
      "revenue": 1524353000,
      "gross_profit": 296142000,
      "operating_income": 123997000,
      "net_income": 103447000,
      "opex": 172145000,
      "cogs": 1228211000,
      "rd": null,
      "sga": 171598000,
      "fcf": 198652000,
      "ocf": 248087000,
      "capex": -49435000,
      "gross_margin": 0.19427389849988816,
      "op_margin": 0.08134401939708191,
      "fcf_margin": 0.1303188959512659,
      "incr_op_margin_yoy": 0.11442837182542943,
      "rev_growth_yoy": -0.20345122555974118,
      "rev_growth_yoy_accel": 0.009742452048202482,
      "fcf_margin_change": -0.05832523852401558
    },
    {
      "date": "2024-03-30T00:00:00",
      "quarter_label": "2024-03 (Q1)",
      "revenue": 1638966000,
      "gross_profit": 326078000,
      "operating_income": 133823000,
      "net_income": 120791000,
      "opex": 192255000,
      "cogs": 1312888000,
      "rd": null,
      "sga": 192059000,
      "fcf": -65946000,
      "ocf": -16798000,
      "capex": -49148000,
      "gross_margin": 0.19895348652748135,
      "op_margin": 0.0816508701217719,
      "fcf_margin": -0.04023634413404549,
      "incr_op_margin_yoy": 0.1519535720124244,
      "rev_growth_yoy": -0.1006926840188842,
      "rev_growth_yoy_accel": 0.10275854154085698,
      "op_leverage_ratio": 0.643621692372448,
      "fcf_margin_change": -0.17055524008531137
    },
    {
      "date": "2024-06-29T00:00:00",
      "quarter_label": "2024-06 (Q2)",
      "revenue": 1901959000,
      "gross_profit": 362743000,
      "operating_income": 159034000,
      "net_income": 125930000,
      "opex": 203709000,
      "cogs": 1539216000,
      "rd": null,
      "sga": 203155000,
      "fcf": 198439000,
      "ocf": 255876000,
      "capex": -57437000,
      "gross_margin": 0.19072072531531964,
      "op_margin": 0.08361589287676548,
      "fcf_margin": 0.10433400509685015,
      "incr_op_margin_yoy": 0.24276727787600647,
      "rev_growth_yoy": -0.06945435188691523,
      "rev_growth_yoy_accel": 0.03123833213196897,
      "op_leverage_ratio": 2.6933618819963985,
      "fcf_margin_change": 0.14457034923089562
    },
    {
      "date": "2024-09-28T00:00:00",
      "quarter_label": "2024-09 (Q3)",
      "revenue": 1649383000,
      "gross_profit": 298412000,
      "operating_income": 119926000,
      "net_income": 99800000,
      "opex": 178486000,
      "cogs": 1350971000,
      "rd": null,
      "sga": 183341000,
      "fcf": 199676000,
      "ocf": 258584000,
      "capex": -58908000,
      "gross_margin": 0.1809234119667779,
      "op_margin": 0.07270961323112946,
      "fcf_margin": 0.12106102706284713,
      "incr_op_margin_yoy": 0.26594634622504965,
      "rev_growth_yoy": -0.09753249687985087,
      "rev_growth_yoy_accel": -0.028078144992935636,
      "fcf_margin_change": 0.016727021965996985
    },
    {
      "date": "2024-12-28T00:00:00",
      "quarter_label": "2024-12 (Q4)",
      "revenue": 1462001000,
      "gross_profit": 239509000,
      "operating_income": 79459000,
      "net_income": 68039000,
      "opex": 160050000,
      "cogs": 1222492000,
      "rd": null,
      "sga": 156491000,
      "fcf": 78128000,
      "ocf": 144909000,
      "capex": -66781000,
      "gross_margin": 0.16382273336338346,
      "op_margin": 0.05434948402908069,
      "fcf_margin": 0.053439087934960376,
      "incr_op_margin_yoy": 0.7142994611239415,
      "rev_growth_yoy": -0.04090391136436245,
      "rev_growth_yoy_accel": 0.05662858551548842,
      "fcf_margin_change": -0.06762193912788675
    },
    {
      "date": "2025-03-29T00:00:00",
      "quarter_label": "2025-03 (Q1)",
      "revenue": 1595519000,
      "gross_profit": 268196000,
      "operating_income": 92252000,
      "net_income": 78753000,
      "opex": 175944000,
      "cogs": 1327323000,
      "rd": null,
      "sga": 176254000,
      "fcf": -176075000,
      "ocf": -108807000,
      "capex": -67268000,
      "gross_margin": 0.16809326620366163,
      "op_margin": 0.057819430542663544,
      "fcf_margin": -0.11035594060616012,
      "incr_op_margin_yoy": 0.9568209542661174,
      "rev_growth_yoy": -0.02650878663742872,
      "rev_growth_yoy_accel": 0.01439512472693373,
      "op_leverage_ratio": 0.9196331511650584,
      "fcf_margin_change": -0.1637950285411205
    },
    {
      "date": "2025-06-28T00:00:00",
      "quarter_label": "2025-06 (Q2)",
      "revenue": 1835374000,
      "gross_profit": 312734000,
      "operating_income": 123091000,
      "net_income": 100734000,
      "opex": 189643000,
      "cogs": 1522640000,
      "rd": null,
      "sga": 184995000,
      "fcf": 159461000,
      "ocf": 221945000,
      "capex": -62484000,
      "gross_margin": 0.17039251945380068,
      "op_margin": 0.06706589501649256,
      "fcf_margin": 0.08688201968645083,
      "incr_op_margin_yoy": 0.5398062626717729,
      "rev_growth_yoy": -0.035008641090580814,
      "rev_growth_yoy_accel": -0.008499854453152093,
      "op_leverage_ratio": 1.9307782212182416,
      "fcf_margin_change": 0.19723796029261095
    },
    {
      "date": "2025-09-27T00:00:00",
      "quarter_label": "2025-09 (Q3)",
      "revenue": 1559627000,
      "gross_profit": 262681000,
      "operating_income": 89471000,
      "net_income": 75346000,
      "opex": 173210000,
      "cogs": 1296946000,
      "rd": null,
      "sga": 170030000,
      "fcf": 210232000,
      "ocf": 285984000,
      "capex": -75752000,
      "gross_margin": 0.16842552738571467,
      "op_margin": 0.05736692170627977,
      "fcf_margin": 0.13479633271288582,
      "incr_op_margin_yoy": 0.33930879272694864,
      "rev_growth_yoy": -0.05441792476338122,
      "rev_growth_yoy_accel": -0.019409283672800405,
      "fcf_margin_change": 0.04791431302643499
    }
  ],
  "signals": [
    {
      "quarter": "2025-09 (Q3)",
      "signal": "INCREMENTAL MARGIN (YoY)",
      "detail": "YoY Incr OPM: +33.9% vs year-ago OPM: +7.3%",
      "severity": "HIGH"
    },
    {
      "quarter": "2025-06 (Q2)",
      "signal": "FCF TURNED POSITIVE",
      "detail": "FCF margin: -11.0% -> +8.7%",
      "severity": "HIGH"
    },
    {
      "quarter": "2025-06 (Q2)",
      "signal": "OPERATING LEVERAGE",
      "detail": "Rev growth +15.0% vs OpEx growth +7.8% (leverage: 1.9x)",
      "severity": "MEDIUM"
    },
    {
      "quarter": "2025-06 (Q2)",
      "signal": "INCREMENTAL MARGIN (YoY)",
      "detail": "YoY Incr OPM: +54.0% vs year-ago OPM: +8.4%",
      "severity": "HIGH"
    },
    {
      "quarter": "2025-03 (Q1)",
      "signal": "INCREMENTAL MARGIN (YoY)",
      "detail": "YoY Incr OPM: +95.7% vs year-ago OPM: +8.2%",
      "severity": "HIGH"
    },
    {
      "quarter": "2024-12 (Q4)",
      "signal": "YoY REVENUE GROWTH ACCELERATION",
      "detail": "YoY growth: -4.1% vs prior quarter YoY: -9.8% (accel: +5.7%)",
      "severity": "MEDIUM"
    },
    {
      "quarter": "2024-12 (Q4)",
      "signal": "INCREMENTAL MARGIN (YoY)",
      "detail": "YoY Incr OPM: +71.4% vs year-ago OPM: +8.1%",
      "severity": "HIGH"
    },
    {
      "quarter": "2024-09 (Q3)",
      "signal": "INCREMENTAL MARGIN (YoY)",
      "detail": "YoY Incr OPM: +26.6% vs year-ago OPM: +9.2%",
      "severity": "MEDIUM"
    },
    {
      "quarter": "2024-06 (Q2)",
      "signal": "FCF TURNED POSITIVE",
      "detail": "FCF margin: -4.0% -> +10.4%",
      "severity": "HIGH"
    },
    {
      "quarter": "2024-06 (Q2)",
      "signal": "OPERATING LEVERAGE",
      "detail": "Rev growth +16.0% vs OpEx growth +6.0% (leverage: 2.7x)",
      "severity": "MEDIUM"
    },
    {
      "quarter": "2024-06 (Q2)",
      "signal": "INCREMENTAL MARGIN (YoY)",
      "detail": "YoY Incr OPM: +24.3% vs year-ago OPM: +9.5%",
      "severity": "MEDIUM"
    },
    {
      "quarter": "2024-03 (Q1)",
      "signal": "YoY REVENUE GROWTH ACCELERATION",
      "detail": "YoY growth: -10.1% vs prior quarter YoY: -20.3% (accel: +10.3%)",
      "severity": "MEDIUM"
    },
    {
      "quarter": "2023-09 (Q3)",
      "signal": "YoY REVENUE GROWTH ACCELERATION",
      "detail": "YoY growth: -21.3% vs prior quarter YoY: -29.5% (accel: +8.2%)",
      "severity": "MEDIUM"
    },
    {
      "quarter": "2023-07 (Q3)",
      "signal": "FCF TURNED POSITIVE",
      "detail": "FCF margin: -4.1% -> +15.2%",
      "severity": "HIGH"
    },
    {
      "quarter": "2023-07 (Q3)",
      "signal": "OPERATING LEVERAGE",
      "detail": "Rev growth +12.2% vs OpEx growth +5.1% (leverage: 2.4x)",
      "severity": "MEDIUM"
    },
    {
      "quarter": "2023-04 (Q2)",
      "signal": "YoY REVENUE GROWTH DECELERATION",
      "detail": "YoY growth: -26.8% vs prior quarter YoY: -5.1% (decel: -21.7%)",
      "severity": "WARNING"
    },
    {
      "quarter": "2022-12 (Q4)",
      "signal": "YoY REVENUE GROWTH DECELERATION",
      "detail": "YoY growth: -5.1% vs prior quarter YoY: +10.9% (decel: -16.1%)",
      "severity": "WARNING"
    },
    {
      "quarter": "2022-12 (Q4)",
      "signal": "INCREMENTAL MARGIN (YoY)",
      "detail": "YoY Incr OPM: +25.7% vs year-ago OPM: +9.7%",
      "severity": "MEDIUM"
    },
    {
      "quarter": "2022-09 (Q3)",
      "signal": "FCF MARGIN EXPANSION",
      "detail": "FCF margin: +10.2% -> +17.2% (+7.0%)",
      "severity": "MEDIUM"
    },
    {
      "quarter": "2022-09 (Q3)",
      "signal": "GROSS MARGIN INFLECTION",
      "detail": "GM: +19.2% -> +17.4% -> +19.4% (reversal +2.0%)",
      "severity": "MEDIUM"
    },
    {
      "quarter": "2022-09 (Q3)",
      "signal": "INCREMENTAL MARGIN (YoY)",
      "detail": "YoY Incr OPM: +30.1% vs year-ago OPM: +8.0%",
      "severity": "HIGH"
    },
    {
      "quarter": "2022-06 (Q2)",
      "signal": "FCF TURNED POSITIVE",
      "detail": "FCF margin: -11.1% -> +10.2%",
      "severity": "HIGH"
    },
    {
      "quarter": "2022-06 (Q2)",
      "signal": "YoY REVENUE GROWTH DECELERATION",
      "detail": "YoY growth: +7.4% vs prior quarter YoY: +36.4% (decel: -29.0%)",
      "severity": "WARNING"
    },
    {
      "quarter": "2022-06 (Q2)",
      "signal": "INCREMENTAL MARGIN (YoY)",
      "detail": "YoY Incr OPM: +24.3% vs year-ago OPM: +8.8%",
      "severity": "MEDIUM"
    },
    {
      "quarter": "2022-03 (Q1)",
      "signal": "YoY REVENUE GROWTH DECELERATION",
      "detail": "YoY growth: +36.4% vs prior quarter YoY: +44.7% (decel: -8.3%)",
      "severity": "WARNING"
    },
    {
      "quarter": "2022-03 (Q1)",
      "signal": "INCREMENTAL MARGIN (YoY)",
      "detail": "YoY Incr OPM: +18.3% vs year-ago OPM: +7.5%",
      "severity": "MEDIUM"
    },
    {
      "quarter": "2021-12 (Q4)",
      "signal": "INCREMENTAL MARGIN (YoY)",
      "detail": "YoY Incr OPM: +17.1% vs year-ago OPM: +6.3%",
      "severity": "MEDIUM"
    },
    {
      "quarter": "2021-09 (Q3)",
      "signal": "FCF MARGIN EXPANSION",
      "detail": "FCF margin: +1.4% -> +17.5% (+16.1%)",
      "severity": "MEDIUM"
    },
    {
      "quarter": "2021-06 (Q2)",
      "signal": "FCF TURNED POSITIVE",
      "detail": "FCF margin: -12.7% -> +1.4%",
      "severity": "HIGH"
    },
    {
      "quarter": "2021-06 (Q2)",
      "signal": "OPERATING LEVERAGE",
      "detail": "Rev growth +48.0% vs OpEx growth +23.7% (leverage: 2.0x)",
      "severity": "MEDIUM"
    }
  ],
  "data_quality": {
    "n_quarters": 20,
    "coverage": {
      "revenue": [
        20,
        20
      ],
      "gross_profit": [
        20,
        20
      ],
      "op_income": [
        20,
        20
      ],
      "fcf": [
        20,
        20
      ]
    },
    "gaps": [],
    "warnings": []
  },
  "market_cap": null,
  "source": "SEC EDGAR",
  "last_updated": "2026-02-02T20:56:27.422004"
}