{
  "ticker": "UFPT",
  "name": "UFP Technologies, Inc.",
  "quarters": [
    {
      "date": "2020-12-31T00:00:00",
      "quarter_label": "2020-12 (Q4)",
      "revenue": 45153000,
      "gross_profit": 11384000,
      "operating_income": 4937000,
      "net_income": 4172000,
      "opex": 6447000,
      "cogs": 33770000,
      "rd": null,
      "sga": 6285000,
      "fcf": 6988000,
      "ocf": 8299000,
      "capex": -1311000,
      "gross_margin": 0.25212056784709763,
      "op_margin": 0.10933935729630367,
      "fcf_margin": 0.15476269572342924
    },
    {
      "date": "2021-03-31T00:00:00",
      "quarter_label": "2021-03 (Q1)",
      "revenue": 48599000,
      "gross_profit": 12609000,
      "operating_income": 5300000,
      "net_income": 4163000,
      "opex": 7309000,
      "cogs": 35990000,
      "rd": null,
      "sga": 7309000,
      "fcf": 1885000,
      "ocf": 3334000,
      "capex": -1449000,
      "gross_margin": 0.259449782917344,
      "op_margin": 0.10905574188769317,
      "fcf_margin": 0.0387868063128871,
      "op_leverage_ratio": 0.5707935632923852,
      "fcf_margin_change": -0.11597588941054214
    },
    {
      "date": "2021-06-30T00:00:00",
      "quarter_label": "2021-06 (Q2)",
      "revenue": 50655000,
      "gross_profit": 13414000,
      "operating_income": 6207000,
      "net_income": 4715000,
      "opex": 7207000,
      "cogs": 37241000,
      "rd": null,
      "sga": 7228000,
      "fcf": 4720000,
      "ocf": 6553000,
      "capex": -1833000,
      "gross_margin": 0.2648109762116277,
      "op_margin": 0.12253479419603198,
      "fcf_margin": 0.09317935050834074,
      "op_leverage_ratio": Infinity,
      "fcf_margin_change": 0.05439254419545364
    },
    {
      "date": "2021-09-30T00:00:00",
      "quarter_label": "2021-09 (Q3)",
      "revenue": 50723000,
      "gross_profit": 12016000,
      "operating_income": 5077000,
      "net_income": 3789000,
      "opex": 6939000,
      "cogs": 38707000,
      "rd": null,
      "sga": 6806000,
      "fcf": 2795000,
      "ocf": 3790000,
      "capex": -995000,
      "gross_margin": 0.236894505451176,
      "op_margin": 0.10009266013445577,
      "fcf_margin": 0.05510320761784595,
      "fcf_margin_change": -0.03807614289049479
    },
    {
      "date": "2021-12-31T00:00:00",
      "quarter_label": "2021-12 (Q4)",
      "revenue": 56343000,
      "gross_profit": 13075000,
      "operating_income": 4634000,
      "net_income": 3219000,
      "opex": 8441000,
      "cogs": 43268000,
      "rd": null,
      "sga": 8137000,
      "fcf": -502000,
      "ocf": 616000,
      "capex": -1118000,
      "gross_margin": 0.2320607706369913,
      "op_margin": 0.08224624176916387,
      "fcf_margin": -0.008909713717764407,
      "incr_op_margin_yoy": -0.02707774798927614,
      "rev_growth_yoy": 0.24782406484618963,
      "op_leverage_ratio": 0.5118684225565697,
      "fcf_margin_change": -0.06401292133561036
    },
    {
      "date": "2022-03-31T00:00:00",
      "quarter_label": "2022-03 (Q1)",
      "revenue": 71242000,
      "gross_profit": 17134000,
      "operating_income": 6360000,
      "net_income": 4858000,
      "opex": 10774000,
      "cogs": 54108000,
      "rd": null,
      "sga": 10011000,
      "fcf": -5550000,
      "ocf": -3216000,
      "capex": -2334000,
      "gross_margin": 0.24050419696246597,
      "op_margin": 0.08927318155020915,
      "fcf_margin": -0.07790348389994665,
      "incr_op_margin_yoy": 0.04681358477233582,
      "rev_growth_yoy": 0.4659149365213276,
      "rev_growth_yoy_accel": 0.21809087167513797,
      "op_leverage_ratio": 0.956745248864878,
      "fcf_margin_change": -0.06899377018218225
    },
    {
      "date": "2022-06-30T00:00:00",
      "quarter_label": "2022-06 (Q2)",
      "revenue": 94343000,
      "gross_profit": 24324000,
      "operating_income": 12199000,
      "net_income": 8929000,
      "opex": 12125000,
      "cogs": 70019000,
      "rd": null,
      "sga": 12078000,
      "fcf": -2987000,
      "ocf": 3181000,
      "capex": -6168000,
      "gross_margin": 0.25782516985891907,
      "op_margin": 0.12930477088920217,
      "fcf_margin": -0.03166106653381809,
      "incr_op_margin_yoy": 0.1371543673319905,
      "rev_growth_yoy": 0.8624617510610996,
      "rev_growth_yoy_accel": 0.396546814539772,
      "op_leverage_ratio": 2.58592722948819,
      "fcf_margin_change": 0.046242417366128566
    },
    {
      "date": "2022-09-30T00:00:00",
      "quarter_label": "2022-09 (Q3)",
      "revenue": 96970000,
      "gross_profit": 25523000,
      "operating_income": 25965000,
      "net_income": 19540000,
      "opex": -442000,
      "cogs": 71447000,
      "rd": null,
      "sga": 11822000,
      "fcf": -2423000,
      "ocf": -109000,
      "capex": -2314000,
      "gross_margin": 0.26320511498401566,
      "op_margin": 0.26776322573991956,
      "fcf_margin": -0.024987109415283076,
      "incr_op_margin_yoy": 0.4516617294094752,
      "rev_growth_yoy": 0.911756008122548,
      "rev_growth_yoy_accel": 0.04929425706144841,
      "op_leverage_ratio": Infinity,
      "fcf_margin_change": 0.006673957118535013
    },
    {
      "date": "2022-12-31T00:00:00",
      "quarter_label": "2022-12 (Q4)",
      "revenue": 91237000,
      "gross_profit": 23279000,
      "operating_income": 10875000,
      "net_income": 8462000,
      "opex": 12404000,
      "cogs": 67957000,
      "rd": null,
      "sga": 11887000,
      "fcf": 14924000,
      "ocf": 17888000,
      "capex": -2964000,
      "gross_margin": 0.2551486787158718,
      "op_margin": 0.1191950634062935,
      "fcf_margin": 0.1635739886230367,
      "incr_op_margin_yoy": 0.17885596377600735,
      "rev_growth_yoy": 0.61931384555313,
      "rev_growth_yoy_accel": -0.292442162569418,
      "fcf_margin_change": 0.18856109803831977
    },
    {
      "date": "2023-03-31T00:00:00",
      "quarter_label": "2023-03 (Q1)",
      "revenue": 97753000,
      "gross_profit": 28701000,
      "operating_income": 12841000,
      "net_income": 9739000,
      "opex": 15860000,
      "cogs": 69052000,
      "rd": null,
      "sga": 13006000,
      "fcf": -456000,
      "ocf": 1723000,
      "capex": -2179000,
      "gross_margin": 0.293607357318957,
      "op_margin": 0.1313616973392121,
      "fcf_margin": -0.004664818471044367,
      "incr_op_margin_yoy": 0.24446456187997434,
      "rev_growth_yoy": 0.37212599309396144,
      "rev_growth_yoy_accel": -0.24718785245916852,
      "op_leverage_ratio": 0.2563292121982675,
      "fcf_margin_change": -0.16823880709408107
    },
    {
      "date": "2023-06-30T00:00:00",
      "quarter_label": "2023-06 (Q2)",
      "revenue": 100037000,
      "gross_profit": 29645000,
      "operating_income": 17042000,
      "net_income": 11883000,
      "opex": 12603000,
      "cogs": 70392000,
      "rd": null,
      "sga": 12299000,
      "fcf": 6105000,
      "ocf": 8877000,
      "capex": -2772000,
      "gross_margin": 0.29634035406899445,
      "op_margin": 0.1703569679218689,
      "fcf_margin": 0.06102741985465378,
      "incr_op_margin_yoy": 0.8505444327362136,
      "rev_growth_yoy": 0.06035423931823241,
      "rev_growth_yoy_accel": -0.311771753775729,
      "op_leverage_ratio": Infinity,
      "fcf_margin_change": 0.06569223832569815
    },
    {
      "date": "2023-09-30T00:00:00",
      "quarter_label": "2023-09 (Q3)",
      "revenue": 100784000,
      "gross_profit": 27750000,
      "operating_income": 15045000,
      "net_income": 11694000,
      "opex": 12705000,
      "cogs": 73034000,
      "rd": null,
      "sga": 12467000,
      "fcf": 15250000,
      "ocf": 18033000,
      "capex": -2783000,
      "gross_margin": 0.27534132401968564,
      "op_margin": 0.14927964756310524,
      "fcf_margin": 0.15131370058739482,
      "incr_op_margin_yoy": -2.8631358154168853,
      "rev_growth_yoy": 0.039331752088274725,
      "rev_growth_yoy_accel": -0.021022487229957684,
      "fcf_margin_change": 0.09028628073274104
    },
    {
      "date": "2023-12-31T00:00:00",
      "quarter_label": "2023-12 (Q4)",
      "revenue": 101498000,
      "gross_profit": 26129000,
      "operating_income": 12736000,
      "net_income": 11608000,
      "opex": 13393000,
      "cogs": 75368000,
      "rd": null,
      "sga": 13118000,
      "fcf": 9945000,
      "ocf": 12701000,
      "capex": -2756000,
      "gross_margin": 0.2574336440126899,
      "op_margin": 0.125480305030641,
      "fcf_margin": 0.09798222625076357,
      "incr_op_margin_yoy": 0.18136633856349282,
      "rev_growth_yoy": 0.11246533752753816,
      "rev_growth_yoy_accel": 0.07313358543926343,
      "fcf_margin_change": -0.053331474336631254
    },
    {
      "date": "2024-03-31T00:00:00",
      "quarter_label": "2024-03 (Q1)",
      "revenue": 105009000,
      "gross_profit": 30083000,
      "operating_income": 15924000,
      "net_income": 12693000,
      "opex": 14159000,
      "cogs": 74926000,
      "rd": null,
      "sga": 13912000,
      "fcf": 8922000,
      "ocf": 10654000,
      "capex": -1732000,
      "gross_margin": 0.28648020645849404,
      "op_margin": 0.15164414478758964,
      "fcf_margin": 0.08496414593034883,
      "incr_op_margin_yoy": 0.42488974641675853,
      "rev_growth_yoy": 0.07422790093398668,
      "rev_growth_yoy_accel": -0.038237436593551485,
      "op_leverage_ratio": 0.6048148474751615,
      "fcf_margin_change": -0.013018080320414738
    },
    {
      "date": "2024-06-30T00:00:00",
      "quarter_label": "2024-06 (Q2)",
      "revenue": 110177000,
      "gross_profit": 33031000,
      "operating_income": 17951000,
      "net_income": 13552000,
      "opex": 15080000,
      "cogs": 77146000,
      "rd": null,
      "sga": 13900000,
      "fcf": 8943000,
      "ocf": 11714000,
      "capex": -2771000,
      "gross_margin": 0.2997994136707298,
      "op_margin": 0.16292874193343437,
      "fcf_margin": 0.08116939107073164,
      "incr_op_margin_yoy": 0.08964497041420118,
      "rev_growth_yoy": 0.10136249587652568,
      "rev_growth_yoy_accel": 0.027134594942539003,
      "op_leverage_ratio": 0.7566045241207751,
      "fcf_margin_change": -0.0037947548596171943
    },
    {
      "date": "2024-09-30T00:00:00",
      "quarter_label": "2024-09 (Q3)",
      "revenue": 145165000,
      "gross_profit": 41523000,
      "operating_income": 24764000,
      "net_income": 16361000,
      "opex": 16759000,
      "cogs": 103642000,
      "rd": null,
      "sga": 15789000,
      "fcf": 17655000,
      "ocf": 19801000,
      "capex": -2146000,
      "gross_margin": 0.28604002342162366,
      "op_margin": 0.17059208486894223,
      "fcf_margin": 0.12162022526091,
      "incr_op_margin_yoy": 0.21899010837971203,
      "rev_growth_yoy": 0.44035759644388,
      "rev_growth_yoy_accel": 0.3389951005673543,
      "op_leverage_ratio": 2.852192413784689,
      "fcf_margin_change": 0.040450834190178364
    },
    {
      "date": "2024-12-31T00:00:00",
      "quarter_label": "2024-12 (Q4)",
      "revenue": 144070000,
      "gross_profit": 42056000,
      "operating_income": 22258000,
      "net_income": 16375000,
      "opex": 19798000,
      "cogs": 102014000,
      "rd": null,
      "sga": 18617000,
      "fcf": 21417000,
      "ocf": 24424000,
      "capex": -3007000,
      "gross_margin": 0.29191365308530576,
      "op_margin": 0.15449434302769488,
      "fcf_margin": 0.14865690289442632,
      "incr_op_margin_yoy": 0.22366813868270224,
      "rev_growth_yoy": 0.4194368361938166,
      "rev_growth_yoy_accel": -0.020920760250063397,
      "fcf_margin_change": 0.027036677633516318
    },
    {
      "date": "2025-03-31T00:00:00",
      "quarter_label": "2025-03 (Q1)",
      "revenue": 148148000,
      "gross_profit": 42151000,
      "operating_income": 23126000,
      "net_income": 17184000,
      "opex": 19025000,
      "cogs": 105997000,
      "rd": null,
      "sga": 18725000,
      "fcf": 10993000,
      "ocf": 13810000,
      "capex": -2817000,
      "gross_margin": 0.28451953451953454,
      "op_margin": 0.1561006561006561,
      "fcf_margin": 0.0742028242028242,
      "incr_op_margin_yoy": 0.16694870071165302,
      "rev_growth_yoy": 0.41081240655562856,
      "rev_growth_yoy_accel": -0.008624429638188047,
      "op_leverage_ratio": Infinity,
      "fcf_margin_change": -0.07445407869160212
    },
    {
      "date": "2025-06-30T00:00:00",
      "quarter_label": "2025-06 (Q2)",
      "revenue": 151176000,
      "gross_profit": 43543000,
      "operating_income": 24329000,
      "net_income": 17180000,
      "opex": 19214000,
      "cogs": 107633000,
      "rd": null,
      "sga": 18679000,
      "fcf": 22474000,
      "ocf": 25331000,
      "capex": -2857000,
      "gross_margin": 0.28802852304598614,
      "op_margin": 0.16093162935915753,
      "fcf_margin": 0.14866116314758956,
      "incr_op_margin_yoy": 0.15556476987243592,
      "rev_growth_yoy": 0.37211940786189496,
      "rev_growth_yoy_accel": -0.038692998693733605,
      "op_leverage_ratio": 2.057419914562772,
      "fcf_margin_change": 0.07445833894476536
    },
    {
      "date": "2025-09-30T00:00:00",
      "quarter_label": "2025-09 (Q3)",
      "revenue": 154558000,
      "gross_profit": 42747000,
      "operating_income": 23379000,
      "net_income": 16383000,
      "opex": 19368000,
      "cogs": 111811000,
      "rd": null,
      "sga": 19069000,
      "fcf": 35925000,
      "ocf": 35925000,
      "capex": null,
      "gross_margin": 0.2765757838481347,
      "op_margin": 0.15126360330749622,
      "fcf_margin": 0.23243701393651575,
      "incr_op_margin_yoy": -0.14745022889385712,
      "rev_growth_yoy": 0.06470567974373988,
      "rev_growth_yoy_accel": -0.3074137281181551,
      "op_leverage_ratio": 2.7911798340834695,
      "fcf_margin_change": 0.08377585078892619
    }
  ],
  "signals": [
    {
      "quarter": "2025-09 (Q3)",
      "signal": "FCF MARGIN EXPANSION",
      "detail": "FCF margin: +14.9% -> +23.2% (+8.4%)",
      "severity": "MEDIUM"
    },
    {
      "quarter": "2025-09 (Q3)",
      "signal": "OPERATING LEVERAGE",
      "detail": "Rev growth +2.2% vs OpEx growth +0.8% (leverage: 2.8x)",
      "severity": "MEDIUM"
    },
    {
      "quarter": "2025-09 (Q3)",
      "signal": "YoY REVENUE GROWTH DECELERATION",
      "detail": "YoY growth: +6.5% vs prior quarter YoY: +37.2% (decel: -30.7%)",
      "severity": "WARNING"
    },
    {
      "quarter": "2025-06 (Q2)",
      "signal": "FCF MARGIN EXPANSION",
      "detail": "FCF margin: +7.4% -> +14.9% (+7.4%)",
      "severity": "MEDIUM"
    },
    {
      "quarter": "2025-06 (Q2)",
      "signal": "OPERATING LEVERAGE",
      "detail": "Rev growth +2.0% vs OpEx growth +1.0% (leverage: 2.1x)",
      "severity": "MEDIUM"
    },
    {
      "quarter": "2024-09 (Q3)",
      "signal": "OPERATING LEVERAGE",
      "detail": "Rev growth +31.8% vs OpEx growth +11.1% (leverage: 2.9x)",
      "severity": "MEDIUM"
    },
    {
      "quarter": "2024-09 (Q3)",
      "signal": "YoY REVENUE GROWTH ACCELERATION",
      "detail": "YoY growth: +44.0% vs prior quarter YoY: +10.1% (accel: +33.9%)",
      "severity": "HIGH"
    },
    {
      "quarter": "2024-03 (Q1)",
      "signal": "GROSS MARGIN INFLECTION",
      "detail": "GM: +27.5% -> +25.7% -> +28.6% (reversal +2.9%)",
      "severity": "MEDIUM"
    },
    {
      "quarter": "2024-03 (Q1)",
      "signal": "INCREMENTAL MARGIN (YoY)",
      "detail": "YoY Incr OPM: +42.5% vs year-ago OPM: +13.1%",
      "severity": "HIGH"
    },
    {
      "quarter": "2023-12 (Q4)",
      "signal": "YoY REVENUE GROWTH ACCELERATION",
      "detail": "YoY growth: +11.2% vs prior quarter YoY: +3.9% (accel: +7.3%)",
      "severity": "MEDIUM"
    },
    {
      "quarter": "2023-09 (Q3)",
      "signal": "FCF MARGIN EXPANSION",
      "detail": "FCF margin: +6.1% -> +15.1% (+9.0%)",
      "severity": "MEDIUM"
    },
    {
      "quarter": "2023-06 (Q2)",
      "signal": "FCF TURNED POSITIVE",
      "detail": "FCF margin: -0.5% -> +6.1%",
      "severity": "HIGH"
    },
    {
      "quarter": "2023-06 (Q2)",
      "signal": "YoY REVENUE GROWTH DECELERATION",
      "detail": "YoY growth: +6.0% vs prior quarter YoY: +37.2% (decel: -31.2%)",
      "severity": "WARNING"
    },
    {
      "quarter": "2023-06 (Q2)",
      "signal": "INCREMENTAL MARGIN (YoY)",
      "detail": "YoY Incr OPM: +85.1% vs year-ago OPM: +12.9%",
      "severity": "HIGH"
    },
    {
      "quarter": "2023-03 (Q1)",
      "signal": "GROSS MARGIN INFLECTION",
      "detail": "GM: +26.3% -> +25.5% -> +29.4% (reversal +3.8%)",
      "severity": "MEDIUM"
    },
    {
      "quarter": "2023-03 (Q1)",
      "signal": "YoY REVENUE GROWTH DECELERATION",
      "detail": "YoY growth: +37.2% vs prior quarter YoY: +61.9% (decel: -24.7%)",
      "severity": "WARNING"
    },
    {
      "quarter": "2023-03 (Q1)",
      "signal": "INCREMENTAL MARGIN (YoY)",
      "detail": "YoY Incr OPM: +24.4% vs year-ago OPM: +8.9%",
      "severity": "MEDIUM"
    },
    {
      "quarter": "2022-12 (Q4)",
      "signal": "FCF TURNED POSITIVE",
      "detail": "FCF margin: -2.5% -> +16.4%",
      "severity": "HIGH"
    },
    {
      "quarter": "2022-12 (Q4)",
      "signal": "YoY REVENUE GROWTH DECELERATION",
      "detail": "YoY growth: +61.9% vs prior quarter YoY: +91.2% (decel: -29.2%)",
      "severity": "WARNING"
    },
    {
      "quarter": "2022-09 (Q3)",
      "signal": "INCREMENTAL MARGIN (YoY)",
      "detail": "YoY Incr OPM: +45.2% vs year-ago OPM: +10.0%",
      "severity": "HIGH"
    },
    {
      "quarter": "2022-06 (Q2)",
      "signal": "OPERATING LEVERAGE",
      "detail": "Rev growth +32.4% vs OpEx growth +12.5% (leverage: 2.6x)",
      "severity": "MEDIUM"
    },
    {
      "quarter": "2022-06 (Q2)",
      "signal": "YoY REVENUE GROWTH ACCELERATION",
      "detail": "YoY growth: +86.2% vs prior quarter YoY: +46.6% (accel: +39.7%)",
      "severity": "HIGH"
    },
    {
      "quarter": "2022-03 (Q1)",
      "signal": "YoY REVENUE GROWTH ACCELERATION",
      "detail": "YoY growth: +46.6% vs prior quarter YoY: +24.8% (accel: +21.8%)",
      "severity": "HIGH"
    },
    {
      "quarter": "2021-06 (Q2)",
      "signal": "FCF MARGIN EXPANSION",
      "detail": "FCF margin: +3.9% -> +9.3% (+5.4%)",
      "severity": "MEDIUM"
    }
  ],
  "data_quality": {
    "n_quarters": 20,
    "coverage": {
      "revenue": [
        20,
        20
      ],
      "gross_profit": [
        20,
        20
      ],
      "op_income": [
        20,
        20
      ],
      "fcf": [
        20,
        20
      ]
    },
    "gaps": [],
    "warnings": []
  },
  "market_cap": null,
  "source": "SEC EDGAR",
  "last_updated": "2026-02-02T21:38:15.922686"
}