{
  "ticker": "UGI",
  "name": "UGI CORP",
  "quarters": [
    {
      "date": "2020-12-31T00:00:00",
      "quarter_label": "2020-12 (Q4)",
      "revenue": 1932000000,
      "gross_profit": 1099000000,
      "operating_income": 502000000,
      "net_income": 303000000,
      "opex": 597000000,
      "cogs": 833000000,
      "rd": null,
      "sga": 489000000,
      "fcf": -36000000,
      "ocf": 151000000,
      "capex": -187000000,
      "gross_margin": 0.5688405797101449,
      "op_margin": 0.2598343685300207,
      "fcf_margin": -0.018633540372670808
    },
    {
      "date": "2021-03-31T00:00:00",
      "quarter_label": "2021-03 (Q1)",
      "revenue": 2581000000,
      "gross_profit": 1307000000,
      "operating_income": 671000000,
      "net_income": 489000000,
      "opex": 636000000,
      "cogs": 1274000000,
      "rd": null,
      "sga": 515000000,
      "fcf": 378000000,
      "ocf": 495000000,
      "capex": -117000000,
      "gross_margin": 0.5063928709802402,
      "op_margin": 0.2599767531964355,
      "fcf_margin": 0.14645486245641223,
      "op_leverage_ratio": 5.14218028348463,
      "fcf_margin_change": 0.16508840282908305
    },
    {
      "date": "2021-06-30T00:00:00",
      "quarter_label": "2021-06 (Q2)",
      "revenue": 1496000000,
      "gross_profit": 980000000,
      "operating_income": 391000000,
      "net_income": 150000000,
      "opex": 589000000,
      "cogs": 516000000,
      "rd": null,
      "sga": 469000000,
      "fcf": 245000000,
      "ocf": 401000000,
      "capex": -156000000,
      "gross_margin": 0.6550802139037433,
      "op_margin": 0.26136363636363635,
      "fcf_margin": 0.16377005347593582,
      "fcf_margin_change": 0.017315191019523585
    },
    {
      "date": "2021-09-30T00:00:00",
      "quarter_label": "2021-09 (Q3)",
      "revenue": 1438000000,
      "gross_profit": 1447000000,
      "operating_income": 786000000,
      "net_income": 525000000,
      "opex": 661000000,
      "cogs": -9000000,
      "rd": null,
      "sga": 541000000,
      "fcf": 204000000,
      "ocf": 434000000,
      "capex": -230000000,
      "gross_margin": 1.006258692628651,
      "op_margin": 0.5465924895688457,
      "fcf_margin": 0.14186369958275383,
      "fcf_margin_change": -0.02190635389318199
    },
    {
      "date": "2021-12-31T00:00:00",
      "quarter_label": "2021-12 (Q4)",
      "revenue": 2673000000,
      "gross_profit": 553000000,
      "operating_income": -68000000,
      "net_income": -97000000,
      "opex": 621000000,
      "cogs": 2120000000,
      "rd": null,
      "sga": 514000000,
      "fcf": -780000000,
      "ocf": -594000000,
      "capex": -186000000,
      "gross_margin": 0.20688365132809577,
      "op_margin": -0.02543958099513655,
      "fcf_margin": -0.29180695847362514,
      "incr_op_margin_yoy": -0.7692307692307693,
      "rev_growth_yoy": 0.38354037267080743,
      "op_leverage_ratio": Infinity,
      "fcf_margin_change": -0.43367065805637894
    },
    {
      "date": "2022-03-31T00:00:00",
      "quarter_label": "2022-03 (Q1)",
      "revenue": 3466000000,
      "gross_profit": 1996000000,
      "operating_income": 1332000000,
      "net_income": 933000000,
      "opex": 664000000,
      "cogs": 1470000000,
      "rd": null,
      "sga": 553000000,
      "fcf": 825000000,
      "ocf": 994000000,
      "capex": -169000000,
      "gross_margin": 0.5758799769186382,
      "op_margin": 0.38430467397576457,
      "fcf_margin": 0.2380265435660704,
      "incr_op_margin_yoy": 0.7468926553672316,
      "rev_growth_yoy": 0.34289035257652073,
      "rev_growth_yoy_accel": -0.0406500200942867,
      "op_leverage_ratio": 4.284472633309842,
      "fcf_margin_change": 0.5298335020396956
    },
    {
      "date": "2022-06-30T00:00:00",
      "quarter_label": "2022-06 (Q2)",
      "revenue": 2033000000,
      "gross_profit": 672000000,
      "operating_income": 99000000,
      "net_income": -7000000,
      "opex": 573000000,
      "cogs": 1361000000,
      "rd": null,
      "sga": 465000000,
      "fcf": 252000000,
      "ocf": 448000000,
      "capex": -196000000,
      "gross_margin": 0.3305459911460895,
      "op_margin": 0.04869650762420069,
      "fcf_margin": 0.12395474667978357,
      "incr_op_margin_yoy": -0.5437616387337058,
      "rev_growth_yoy": 0.3589572192513369,
      "rev_growth_yoy_accel": 0.01606686667481616,
      "fcf_margin_change": -0.11407179688628682
    },
    {
      "date": "2022-09-30T00:00:00",
      "quarter_label": "2022-09 (Q3)",
      "revenue": 1934000000,
      "gross_profit": 912000000,
      "operating_income": 303000000,
      "net_income": 244000000,
      "opex": 609000000,
      "cogs": 1022000000,
      "rd": null,
      "sga": 496000000,
      "fcf": -385000000,
      "ocf": -132000000,
      "capex": -253000000,
      "gross_margin": 0.47156153050672184,
      "op_margin": 0.15667011375387796,
      "fcf_margin": -0.19906928645294725,
      "incr_op_margin_yoy": -0.9737903225806451,
      "rev_growth_yoy": 0.34492350486787204,
      "rev_growth_yoy_accel": -0.014033714383464846,
      "fcf_margin_change": -0.3230240331327308
    },
    {
      "date": "2022-12-31T00:00:00",
      "quarter_label": "2022-12 (Q4)",
      "revenue": 2759000000,
      "gross_profit": -347000000,
      "operating_income": -1204000000,
      "net_income": -954000000,
      "opex": 857000000,
      "cogs": 3106000000,
      "rd": null,
      "sga": 529000000,
      "fcf": -450000000,
      "ocf": -240000000,
      "capex": -210000000,
      "gross_margin": -0.12577020659659296,
      "op_margin": -0.43638999637549836,
      "fcf_margin": -0.16310257339615802,
      "incr_op_margin_yoy": -13.209302325581396,
      "rev_growth_yoy": 0.032173587729143284,
      "rev_growth_yoy_accel": -0.31274991713872874,
      "op_leverage_ratio": 1.0475218500850652,
      "fcf_margin_change": 0.035966713056789223
    },
    {
      "date": "2023-03-31T00:00:00",
      "quarter_label": "2023-03 (Q1)",
      "revenue": 3106000000,
      "gross_profit": 958000000,
      "operating_income": 255000000,
      "net_income": 110000000,
      "opex": 703000000,
      "cogs": 2148000000,
      "rd": null,
      "sga": 587000000,
      "fcf": 460000000,
      "ocf": 664000000,
      "capex": -204000000,
      "gross_margin": 0.30843528654217645,
      "op_margin": 0.08209916291049582,
      "fcf_margin": 0.14810045074050227,
      "incr_op_margin_yoy": 2.9916666666666667,
      "rev_growth_yoy": -0.10386612810155799,
      "rev_growth_yoy_accel": -0.13603971583070126,
      "op_leverage_ratio": Infinity,
      "fcf_margin_change": 0.3112030241366603
    },
    {
      "date": "2023-06-30T00:00:00",
      "quarter_label": "2023-06 (Q2)",
      "revenue": 1659000000,
      "gross_profit": 555000000,
      "operating_income": -732000000,
      "net_income": -789000000,
      "opex": 1287000000,
      "cogs": 1104000000,
      "rd": null,
      "sga": 523000000,
      "fcf": 177000000,
      "ocf": 433000000,
      "capex": -256000000,
      "gross_margin": 0.3345388788426763,
      "op_margin": -0.4412296564195298,
      "fcf_margin": 0.10669077757685352,
      "incr_op_margin_yoy": 2.22192513368984,
      "rev_growth_yoy": -0.1839645843580915,
      "rev_growth_yoy_accel": -0.0800984562565335,
      "fcf_margin_change": -0.04140967316364874
    },
    {
      "date": "2023-09-30T00:00:00",
      "quarter_label": "2023-09 (Q3)",
      "revenue": 1404000000,
      "gross_profit": 825000000,
      "operating_income": 237000000,
      "net_income": 131000000,
      "opex": 588000000,
      "cogs": 579000000,
      "rd": null,
      "sga": 519000000,
      "fcf": -54000000,
      "ocf": 250000000,
      "capex": -304000000,
      "gross_margin": 0.5876068376068376,
      "op_margin": 0.16880341880341881,
      "fcf_margin": -0.038461538461538464,
      "incr_op_margin_yoy": 0.12452830188679245,
      "rev_growth_yoy": -0.27404343329886244,
      "rev_growth_yoy_accel": -0.09007884894077095,
      "fcf_margin_change": -0.145152316038392
    },
    {
      "date": "2023-12-31T00:00:00",
      "quarter_label": "2023-12 (Q4)",
      "revenue": 2121000000,
      "gross_profit": 919000000,
      "operating_income": 232000000,
      "net_income": 94000000,
      "opex": 687000000,
      "cogs": 1202000000,
      "rd": null,
      "sga": 530000000,
      "fcf": -37000000,
      "ocf": 119000000,
      "capex": -156000000,
      "gross_margin": 0.4332861857614333,
      "op_margin": 0.10938236680810938,
      "fcf_margin": -0.017444601603017446,
      "incr_op_margin_yoy": -2.250783699059561,
      "rev_growth_yoy": -0.23124320405944182,
      "rev_growth_yoy_accel": 0.04280022923942062,
      "op_leverage_ratio": 3.033152033152033,
      "fcf_margin_change": 0.021016936858521018
    },
    {
      "date": "2024-03-31T00:00:00",
      "quarter_label": "2024-03 (Q1)",
      "revenue": 2467000000,
      "gross_profit": 1437000000,
      "operating_income": 717000000,
      "net_income": 496000000,
      "opex": 720000000,
      "cogs": 1030000000,
      "rd": null,
      "sga": 591000000,
      "fcf": 353000000,
      "ocf": 522000000,
      "capex": -169000000,
      "gross_margin": 0.5824888528577219,
      "op_margin": 0.29063640048642075,
      "fcf_margin": 0.14308877178759627,
      "incr_op_margin_yoy": -0.7230046948356808,
      "rev_growth_yoy": -0.20573084352865423,
      "rev_growth_yoy_accel": 0.025512360530787592,
      "op_leverage_ratio": 3.396082465389396,
      "fcf_margin_change": 0.16053337339061372
    },
    {
      "date": "2024-06-30T00:00:00",
      "quarter_label": "2024-06 (Q2)",
      "revenue": 1380000000,
      "gross_profit": 741000000,
      "operating_income": 67000000,
      "net_income": -48000000,
      "opex": 674000000,
      "cogs": 639000000,
      "rd": null,
      "sga": 501000000,
      "fcf": 185000000,
      "ocf": 390000000,
      "capex": -205000000,
      "gross_margin": 0.5369565217391304,
      "op_margin": 0.04855072463768116,
      "fcf_margin": 0.13405797101449277,
      "incr_op_margin_yoy": -2.8637992831541217,
      "rev_growth_yoy": -0.16817359855334538,
      "rev_growth_yoy_accel": 0.03755724497530885,
      "fcf_margin_change": -0.009030800773103503
    },
    {
      "date": "2024-09-30T00:00:00",
      "quarter_label": "2024-09 (Q3)",
      "revenue": 1242000000,
      "gross_profit": 584000000,
      "operating_income": -246000000,
      "net_income": -273000000,
      "opex": 830000000,
      "cogs": 658000000,
      "rd": null,
      "sga": 510000000,
      "fcf": -115000000,
      "ocf": 151000000,
      "capex": -266000000,
      "gross_margin": 0.47020933977455714,
      "op_margin": -0.19806763285024154,
      "fcf_margin": -0.09259259259259259,
      "incr_op_margin_yoy": 2.9814814814814814,
      "rev_growth_yoy": -0.11538461538461539,
      "rev_growth_yoy_accel": 0.052788983168729986,
      "fcf_margin_change": -0.22665056360708535
    },
    {
      "date": "2024-12-31T00:00:00",
      "quarter_label": "2024-12 (Q4)",
      "revenue": 2030000000,
      "gross_profit": 1107000000,
      "operating_income": 487000000,
      "net_income": 375000000,
      "opex": 620000000,
      "cogs": 923000000,
      "rd": null,
      "sga": 497000000,
      "fcf": -47000000,
      "ocf": 164000000,
      "capex": -211000000,
      "gross_margin": 0.545320197044335,
      "op_margin": 0.2399014778325123,
      "fcf_margin": -0.02315270935960591,
      "incr_op_margin_yoy": -2.802197802197802,
      "rev_growth_yoy": -0.0429042904290429,
      "rev_growth_yoy_accel": 0.0724803249555725,
      "op_leverage_ratio": Infinity,
      "fcf_margin_change": 0.06943988323298668
    },
    {
      "date": "2025-03-31T00:00:00",
      "quarter_label": "2025-03 (Q1)",
      "revenue": 2666000000,
      "gross_profit": 1365000000,
      "operating_income": 700000000,
      "net_income": 479000000,
      "opex": 665000000,
      "cogs": 1301000000,
      "rd": null,
      "sga": 546000000,
      "fcf": 538000000,
      "ocf": 684000000,
      "capex": -146000000,
      "gross_margin": 0.5120030007501876,
      "op_margin": 0.2625656414103526,
      "fcf_margin": 0.20180045011252815,
      "incr_op_margin_yoy": -0.08542713567839195,
      "rev_growth_yoy": 0.0806647750304013,
      "rev_growth_yoy_accel": 0.12356906545944421,
      "op_leverage_ratio": 4.316584564860427,
      "fcf_margin_change": 0.22495315947213407
    },
    {
      "date": "2025-06-30T00:00:00",
      "quarter_label": "2025-06 (Q2)",
      "revenue": 1394000000,
      "gross_profit": 557000000,
      "operating_income": -93000000,
      "net_income": -163000000,
      "opex": 650000000,
      "cogs": 837000000,
      "rd": null,
      "sga": 481000000,
      "fcf": 67000000,
      "ocf": 289000000,
      "capex": -222000000,
      "gross_margin": 0.39956958393113345,
      "op_margin": -0.0667144906743185,
      "fcf_margin": 0.04806312769010043,
      "incr_op_margin_yoy": -11.428571428571429,
      "rev_growth_yoy": 0.010144927536231883,
      "rev_growth_yoy_accel": -0.07051984749416942,
      "fcf_margin_change": -0.1537373224224277
    },
    {
      "date": "2025-09-30T00:00:00",
      "quarter_label": "2025-09 (Q3)",
      "revenue": 1197000000,
      "gross_profit": 604000000,
      "operating_income": 13000000,
      "net_income": -13000000,
      "opex": 591000000,
      "cogs": 593000000,
      "rd": null,
      "sga": 487000000,
      "fcf": -168000000,
      "ocf": 90000000,
      "capex": -258000000,
      "gross_margin": 0.504594820384294,
      "op_margin": 0.01086048454469507,
      "fcf_margin": -0.14035087719298245,
      "incr_op_margin_yoy": -5.7555555555555555,
      "rev_growth_yoy": -0.036231884057971016,
      "rev_growth_yoy_accel": -0.0463768115942029,
      "fcf_margin_change": -0.18841400488308288
    }
  ],
  "signals": [
    {
      "quarter": "2025-09 (Q3)",
      "signal": "GROSS MARGIN INFLECTION",
      "detail": "GM: +51.2% -> +40.0% -> +50.5% (reversal +10.5%)",
      "severity": "HIGH"
    },
    {
      "quarter": "2025-09 (Q3)",
      "signal": "OP MARGIN TURNED POSITIVE (YoY)",
      "detail": "Op margin: -19.8% (year-ago) -> +1.1%",
      "severity": "HIGH"
    },
    {
      "quarter": "2025-09 (Q3)",
      "signal": "OP MARGIN TURNED POSITIVE (QoQ)",
      "detail": "Op margin: -6.7% -> +1.1%",
      "severity": "HIGH"
    },
    {
      "quarter": "2025-06 (Q2)",
      "signal": "YoY REVENUE GROWTH DECELERATION",
      "detail": "YoY growth: +1.0% vs prior quarter YoY: +8.1% (decel: -7.1%)",
      "severity": "WARNING"
    },
    {
      "quarter": "2025-03 (Q1)",
      "signal": "FCF TURNED POSITIVE",
      "detail": "FCF margin: -2.3% -> +20.2%",
      "severity": "HIGH"
    },
    {
      "quarter": "2025-03 (Q1)",
      "signal": "OPERATING LEVERAGE",
      "detail": "Rev growth +31.3% vs OpEx growth +7.3% (leverage: 4.3x)",
      "severity": "MEDIUM"
    },
    {
      "quarter": "2025-03 (Q1)",
      "signal": "YoY REVENUE GROWTH ACCELERATION",
      "detail": "YoY growth: +8.1% vs prior quarter YoY: -4.3% (accel: +12.4%)",
      "severity": "MEDIUM"
    },
    {
      "quarter": "2024-12 (Q4)",
      "signal": "FCF MARGIN EXPANSION",
      "detail": "FCF margin: -9.3% -> -2.3% (+6.9%)",
      "severity": "MEDIUM"
    },
    {
      "quarter": "2024-12 (Q4)",
      "signal": "GROSS MARGIN INFLECTION",
      "detail": "GM: +53.7% -> +47.0% -> +54.5% (reversal +7.5%)",
      "severity": "HIGH"
    },
    {
      "quarter": "2024-12 (Q4)",
      "signal": "YoY REVENUE GROWTH ACCELERATION",
      "detail": "YoY growth: -4.3% vs prior quarter YoY: -11.5% (accel: +7.2%)",
      "severity": "MEDIUM"
    },
    {
      "quarter": "2024-12 (Q4)",
      "signal": "OP MARGIN TURNED POSITIVE (QoQ)",
      "detail": "Op margin: -19.8% -> +24.0%",
      "severity": "HIGH"
    },
    {
      "quarter": "2024-09 (Q3)",
      "signal": "YoY REVENUE GROWTH ACCELERATION",
      "detail": "YoY growth: -11.5% vs prior quarter YoY: -16.8% (accel: +5.3%)",
      "severity": "MEDIUM"
    },
    {
      "quarter": "2024-06 (Q2)",
      "signal": "OP MARGIN TURNED POSITIVE (YoY)",
      "detail": "Op margin: -44.1% (year-ago) -> +4.9%",
      "severity": "HIGH"
    },
    {
      "quarter": "2024-03 (Q1)",
      "signal": "FCF TURNED POSITIVE",
      "detail": "FCF margin: -1.7% -> +14.3%",
      "severity": "HIGH"
    },
    {
      "quarter": "2024-03 (Q1)",
      "signal": "OPERATING LEVERAGE",
      "detail": "Rev growth +16.3% vs OpEx growth +4.8% (leverage: 3.4x)",
      "severity": "MEDIUM"
    },
    {
      "quarter": "2024-03 (Q1)",
      "signal": "GROSS MARGIN INFLECTION",
      "detail": "GM: +58.8% -> +43.3% -> +58.2% (reversal +14.9%)",
      "severity": "HIGH"
    },
    {
      "quarter": "2023-12 (Q4)",
      "signal": "OPERATING LEVERAGE",
      "detail": "Rev growth +51.1% vs OpEx growth +16.8% (leverage: 3.0x)",
      "severity": "MEDIUM"
    },
    {
      "quarter": "2023-12 (Q4)",
      "signal": "OP MARGIN TURNED POSITIVE (YoY)",
      "detail": "Op margin: -43.6% (year-ago) -> +10.9%",
      "severity": "HIGH"
    },
    {
      "quarter": "2023-09 (Q3)",
      "signal": "YoY REVENUE GROWTH DECELERATION",
      "detail": "YoY growth: -27.4% vs prior quarter YoY: -18.4% (decel: -9.0%)",
      "severity": "WARNING"
    },
    {
      "quarter": "2023-09 (Q3)",
      "signal": "OP MARGIN TURNED POSITIVE (QoQ)",
      "detail": "Op margin: -44.1% -> +16.9%",
      "severity": "HIGH"
    },
    {
      "quarter": "2023-06 (Q2)",
      "signal": "YoY REVENUE GROWTH DECELERATION",
      "detail": "YoY growth: -18.4% vs prior quarter YoY: -10.4% (decel: -8.0%)",
      "severity": "WARNING"
    },
    {
      "quarter": "2023-03 (Q1)",
      "signal": "FCF TURNED POSITIVE",
      "detail": "FCF margin: -16.3% -> +14.8%",
      "severity": "HIGH"
    },
    {
      "quarter": "2023-03 (Q1)",
      "signal": "GROSS MARGIN INFLECTION",
      "detail": "GM: +47.2% -> -12.6% -> +30.8% (reversal +43.4%)",
      "severity": "HIGH"
    },
    {
      "quarter": "2023-03 (Q1)",
      "signal": "YoY REVENUE GROWTH DECELERATION",
      "detail": "YoY growth: -10.4% vs prior quarter YoY: +3.2% (decel: -13.6%)",
      "severity": "WARNING"
    },
    {
      "quarter": "2023-03 (Q1)",
      "signal": "INCREMENTAL MARGIN (YoY)",
      "detail": "YoY Incr OPM: +299.2% vs year-ago OPM: +38.4%",
      "severity": "HIGH"
    },
    {
      "quarter": "2023-03 (Q1)",
      "signal": "OP MARGIN TURNED POSITIVE (QoQ)",
      "detail": "Op margin: -43.6% -> +8.2%",
      "severity": "HIGH"
    },
    {
      "quarter": "2022-12 (Q4)",
      "signal": "YoY REVENUE GROWTH DECELERATION",
      "detail": "YoY growth: +3.2% vs prior quarter YoY: +34.5% (decel: -31.3%)",
      "severity": "WARNING"
    },
    {
      "quarter": "2022-09 (Q3)",
      "signal": "GROSS MARGIN INFLECTION",
      "detail": "GM: +57.6% -> +33.1% -> +47.2% (reversal +14.1%)",
      "severity": "HIGH"
    },
    {
      "quarter": "2022-03 (Q1)",
      "signal": "FCF TURNED POSITIVE",
      "detail": "FCF margin: -29.2% -> +23.8%",
      "severity": "HIGH"
    },
    {
      "quarter": "2022-03 (Q1)",
      "signal": "OPERATING LEVERAGE",
      "detail": "Rev growth +29.7% vs OpEx growth +6.9% (leverage: 4.3x)",
      "severity": "MEDIUM"
    },
    {
      "quarter": "2022-03 (Q1)",
      "signal": "GROSS MARGIN INFLECTION",
      "detail": "GM: +100.6% -> +20.7% -> +57.6% (reversal +36.9%)",
      "severity": "HIGH"
    },
    {
      "quarter": "2022-03 (Q1)",
      "signal": "INCREMENTAL MARGIN (YoY)",
      "detail": "YoY Incr OPM: +74.7% vs year-ago OPM: +26.0%",
      "severity": "HIGH"
    },
    {
      "quarter": "2022-03 (Q1)",
      "signal": "OP MARGIN TURNED POSITIVE (QoQ)",
      "detail": "Op margin: -2.5% -> +38.4%",
      "severity": "HIGH"
    },
    {
      "quarter": "2021-06 (Q2)",
      "signal": "GROSS MARGIN INFLECTION",
      "detail": "GM: +56.9% -> +50.6% -> +65.5% (reversal +14.9%)",
      "severity": "HIGH"
    },
    {
      "quarter": "2021-03 (Q1)",
      "signal": "FCF TURNED POSITIVE",
      "detail": "FCF margin: -1.9% -> +14.6%",
      "severity": "HIGH"
    },
    {
      "quarter": "2021-03 (Q1)",
      "signal": "OPERATING LEVERAGE",
      "detail": "Rev growth +33.6% vs OpEx growth +6.5% (leverage: 5.1x)",
      "severity": "MEDIUM"
    }
  ],
  "data_quality": {
    "n_quarters": 20,
    "coverage": {
      "revenue": [
        20,
        20
      ],
      "gross_profit": [
        20,
        20
      ],
      "op_income": [
        20,
        20
      ],
      "fcf": [
        20,
        20
      ]
    },
    "gaps": [],
    "warnings": []
  },
  "market_cap": null,
  "source": "SEC EDGAR",
  "last_updated": "2026-02-02T20:43:38.111882"
}