{
  "ticker": "UGRO",
  "name": "URBAN-GRO, INC.",
  "sector": "Industrials",
  "industry": "Farm & Heavy Construction Machinery",
  "quarters": [
    {
      "date": "2020-12-31T00:00:00",
      "quarter_label": "2020-12 (Q4)",
      "revenue": 9212229,
      "gross_profit": 1703409,
      "operating_income": -255614,
      "net_income": -1113813,
      "opex": 1959023,
      "cogs": 7508820,
      "rd": null,
      "sga": null,
      "fcf": -657753,
      "ocf": -604605,
      "capex": -53148,
      "gross_margin": 0.18490736606743058,
      "op_margin": -0.027747247707368108,
      "fcf_margin": -0.07139998365216496
    },
    {
      "date": "2021-03-31T00:00:00",
      "quarter_label": "2021-03 (Q1)",
      "revenue": 12034358,
      "gross_profit": 2640642,
      "operating_income": 152831,
      "net_income": -1588582,
      "opex": 2487814,
      "cogs": 9393713,
      "rd": null,
      "sga": null,
      "fcf": 298482,
      "ocf": 298482,
      "capex": null,
      "gross_margin": 0.21942524894140594,
      "op_margin": 0.01269955572204184,
      "fcf_margin": 0.024802486347838413,
      "op_leverage_ratio": 1.1349261854261112,
      "fcf_margin_change": 0.09620247000000337
    },
    {
      "date": "2021-06-30T00:00:00",
      "quarter_label": "2021-06 (Q2)",
      "revenue": 12831297,
      "gross_profit": 2922384,
      "operating_income": 221954,
      "net_income": 1257444,
      "opex": 2700430,
      "cogs": 9908913,
      "rd": null,
      "sga": null,
      "fcf": 998481,
      "ocf": 998481,
      "capex": null,
      "gross_margin": 0.22775437276527852,
      "op_margin": 0.017297861626926724,
      "fcf_margin": 0.07781606177458132,
      "op_leverage_ratio": 0.7748615621330621,
      "fcf_margin_change": 0.05301357542674291
    },
    {
      "date": "2021-09-30T00:00:00",
      "quarter_label": "2021-09 (Q3)",
      "revenue": 18287811,
      "gross_profit": 4258134,
      "operating_income": 66704,
      "net_income": 59656,
      "opex": 4191430,
      "cogs": 14029677,
      "rd": null,
      "sga": null,
      "fcf": -1152223,
      "ocf": -972078,
      "capex": -180145,
      "gross_margin": 0.23284000474414351,
      "op_margin": 0.0036474567677892123,
      "fcf_margin": -0.06300497090657815,
      "op_leverage_ratio": 0.7701937621848239,
      "fcf_margin_change": -0.14082103268115947
    },
    {
      "date": "2021-12-31T00:00:00",
      "quarter_label": "2021-12 (Q4)",
      "revenue": 18959717,
      "gross_profit": 4938725,
      "operating_income": -646231,
      "net_income": -604185,
      "opex": 5584956,
      "cogs": 14020992,
      "rd": null,
      "sga": null,
      "fcf": -1990606,
      "ocf": -1887993,
      "capex": -102613,
      "gross_margin": 0.26048516441463765,
      "op_margin": -0.034084422251661244,
      "fcf_margin": -0.10499133504999046,
      "incr_op_margin_yoy": -0.04007360665640214,
      "rev_growth_yoy": 1.0581030931818998,
      "op_leverage_ratio": 0.110508055207151,
      "fcf_margin_change": -0.04198636414341231
    },
    {
      "date": "2022-03-31T00:00:00",
      "quarter_label": "2022-03 (Q1)",
      "revenue": 21052869,
      "gross_profit": 4902020,
      "operating_income": -867781,
      "net_income": -696217,
      "opex": 5769801,
      "cogs": 16150849,
      "rd": null,
      "sga": null,
      "fcf": -3792648,
      "ocf": -3760314,
      "capex": -32334,
      "gross_margin": 0.23284332410941236,
      "op_margin": -0.041219132651231526,
      "fcf_margin": -0.18014874837249023,
      "incr_op_margin_yoy": -0.11316857073190907,
      "rev_growth_yoy": 0.7493969350089137,
      "rev_growth_yoy_accel": -0.3087061581729861,
      "op_leverage_ratio": 3.335653761095712,
      "fcf_margin_change": -0.07515741332249977
    },
    {
      "date": "2022-06-30T00:00:00",
      "quarter_label": "2022-06 (Q2)",
      "revenue": 16281503,
      "gross_profit": 3501946,
      "operating_income": -1926937,
      "net_income": -1739304,
      "opex": 5428883,
      "cogs": 12779557,
      "rd": null,
      "sga": null,
      "fcf": -660978,
      "ocf": -371004,
      "capex": -289974,
      "gross_margin": 0.21508739088768403,
      "op_margin": -0.11835129717446848,
      "fcf_margin": -0.04059686627211259,
      "incr_op_margin_yoy": -0.6228297672660705,
      "rev_growth_yoy": 0.2688898869693376,
      "rev_growth_yoy_accel": -0.4805070480395761,
      "fcf_margin_change": 0.13955188210037764
    },
    {
      "date": "2022-09-30T00:00:00",
      "quarter_label": "2022-09 (Q3)",
      "revenue": 12368293,
      "gross_profit": 2592596,
      "operating_income": -6900792,
      "net_income": -8660783,
      "opex": 9493388,
      "cogs": 9775697,
      "rd": null,
      "sga": null,
      "fcf": -3742409,
      "ocf": -3716784,
      "capex": -25625,
      "gross_margin": 0.2096163148786983,
      "op_margin": -0.5579421509500139,
      "fcf_margin": -0.30258088161397856,
      "incr_op_margin_yoy": 1.1770377250309907,
      "rev_growth_yoy": -0.3236865254130196,
      "rev_growth_yoy_accel": -0.5925764123823571,
      "fcf_margin_change": -0.261984015341866
    },
    {
      "date": "2022-12-31T00:00:00",
      "quarter_label": "2022-12 (Q4)",
      "revenue": 17327275,
      "gross_profit": 3209162,
      "operating_income": -2941342,
      "net_income": -4181605,
      "opex": 6150504,
      "cogs": 14118113,
      "rd": null,
      "sga": null,
      "fcf": -5249065,
      "ocf": -4921721,
      "capex": -327344,
      "gross_margin": 0.1852086955392582,
      "op_margin": -0.16975213932946756,
      "fcf_margin": -0.30293655522867846,
      "incr_op_margin_yoy": 1.4059372400367058,
      "rev_growth_yoy": -0.08610054675394153,
      "rev_growth_yoy_accel": 0.2375859786590781,
      "op_leverage_ratio": null,
      "fcf_margin_change": -0.0003556736146999029
    },
    {
      "date": "2023-03-31T00:00:00",
      "quarter_label": "2023-03 (Q1)",
      "revenue": 16765385,
      "gross_profit": 2841848,
      "operating_income": -5046671,
      "net_income": -5144649,
      "opex": 7888519,
      "cogs": 13923537,
      "rd": null,
      "sga": null,
      "fcf": -3489958,
      "ocf": -3351948,
      "capex": -138010,
      "gross_margin": 0.16950687383558444,
      "op_margin": -0.301017304404283,
      "fcf_margin": -0.2081645008450447,
      "incr_op_margin_yoy": 0.974671858833759,
      "rev_growth_yoy": -0.20365319330111253,
      "rev_growth_yoy_accel": -0.117552646547171,
      "fcf_margin_change": 0.09477205438363376
    },
    {
      "date": "2023-06-30T00:00:00",
      "quarter_label": "2023-06 (Q2)",
      "revenue": 18837544,
      "gross_profit": 2874634,
      "operating_income": -3886424,
      "net_income": -5443333,
      "opex": 6761058,
      "cogs": 15962910,
      "rd": null,
      "sga": null,
      "fcf": 1973922,
      "ocf": 2061813,
      "capex": -87891,
      "gross_margin": 0.1526013157553872,
      "op_margin": -0.20631267005932408,
      "fcf_margin": 0.10478659001406977,
      "incr_op_margin_yoy": -0.7666101600091705,
      "rev_growth_yoy": 0.15699048177554614,
      "rev_growth_yoy_accel": 0.3606436750766587,
      "op_leverage_ratio": null,
      "fcf_margin_change": 0.3129510908591145
    },
    {
      "date": "2023-09-30T00:00:00",
      "quarter_label": "2023-09 (Q3)",
      "revenue": 20934323,
      "gross_profit": 2856718,
      "operating_income": -3108607,
      "net_income": -3367788,
      "opex": 5965325,
      "cogs": 18077605,
      "rd": null,
      "sga": null,
      "fcf": -5602634,
      "ocf": -5407553,
      "capex": -195081,
      "gross_margin": 0.1364609689073776,
      "op_margin": -0.14849331406609137,
      "fcf_margin": -0.2676290988726982,
      "incr_op_margin_yoy": 0.44270041080874106,
      "rev_growth_yoy": 0.6925798087092536,
      "rev_growth_yoy_accel": 0.5355893269337075,
      "op_leverage_ratio": null,
      "fcf_margin_change": -0.37241568888676796
    },
    {
      "date": "2023-12-31T00:00:00",
      "quarter_label": "2023-12 (Q4)",
      "revenue": 13382796,
      "gross_profit": 1718364,
      "operating_income": -4635736,
      "net_income": -4725291,
      "opex": 6354100,
      "cogs": 12053328,
      "rd": null,
      "sga": null,
      "fcf": -3937892,
      "ocf": -3818380,
      "capex": -119512,
      "gross_margin": 0.1284009709181848,
      "op_margin": -0.3463951778088824,
      "fcf_margin": -0.2942503195894191,
      "incr_op_margin_yoy": 0.4295609128607352,
      "rev_growth_yoy": -0.22764566269075778,
      "rev_growth_yoy_accel": -0.9202254714000114,
      "fcf_margin_change": -0.026621220716720906
    },
    {
      "date": "2024-03-31T00:00:00",
      "quarter_label": "2024-03 (Q1)",
      "revenue": 15542678,
      "gross_profit": 3116015,
      "operating_income": -2063772,
      "net_income": -2141503,
      "opex": 5179787,
      "cogs": 12409578,
      "rd": null,
      "sga": null,
      "fcf": 628549,
      "ocf": 628549,
      "capex": null,
      "gross_margin": 0.20048121694343793,
      "op_margin": -0.13278097892782698,
      "fcf_margin": 0.040440199558917714,
      "incr_op_margin_yoy": -2.4395860987137556,
      "rev_growth_yoy": -0.07293044567720933,
      "rev_growth_yoy_accel": 0.15471521701354846,
      "op_leverage_ratio": null,
      "fcf_margin_change": 0.3346905191483368
    },
    {
      "date": "2024-06-30T00:00:00",
      "quarter_label": "2024-06 (Q2)",
      "revenue": 17945249,
      "gross_profit": 2410316,
      "operating_income": -2679334,
      "net_income": -2964728,
      "opex": 5089650,
      "cogs": 15534933,
      "rd": null,
      "sga": null,
      "fcf": -2389536,
      "ocf": -2389536,
      "capex": null,
      "gross_margin": 0.13431499334447797,
      "op_margin": -0.14930603637765072,
      "fcf_margin": -0.13315702668711923,
      "rev_growth_yoy": -0.04736790528531745,
      "rev_growth_yoy_accel": 0.025562540391891875,
      "op_leverage_ratio": null,
      "fcf_margin_change": -0.17359722624603696
    },
    {
      "date": "2024-09-30T00:00:00",
      "quarter_label": "2024-09 (Q3)",
      "revenue": 7976011,
      "gross_profit": 1251074,
      "operating_income": -3518280,
      "net_income": -3757808,
      "opex": 4769354,
      "cogs": 7281258,
      "rd": null,
      "sga": null,
      "fcf": 962484,
      "ocf": 1014063,
      "capex": -51579,
      "gross_margin": 0.15685459811928545,
      "op_margin": -0.44110771662676995,
      "fcf_margin": 0.12067235112890391,
      "incr_op_margin_yoy": 0.031614688703281726,
      "rev_growth_yoy": -0.6189983788823742,
      "rev_growth_yoy_accel": -0.5716304735970568,
      "fcf_margin_change": 0.25382937781602316
    },
    {
      "date": "2024-12-31T00:00:00",
      "quarter_label": "2024-12 (Q4)",
      "revenue": 4178157,
      "gross_profit": -3784462,
      "operating_income": -26855850,
      "net_income": -27212727,
      "opex": 23071388,
      "cogs": 4936863,
      "rd": null,
      "sga": null,
      "fcf": -2108072,
      "ocf": -2074263,
      "capex": -33809,
      "gross_margin": -0.9057730477815936,
      "op_margin": -6.427678519500344,
      "fcf_margin": -0.5045459038518658,
      "incr_op_margin_yoy": 2.414012543023143,
      "rev_growth_yoy": -0.6877964066701756,
      "rev_growth_yoy_accel": -0.06879802778780142,
      "fcf_margin_change": -0.6252182549807698
    },
    {
      "date": "2025-03-31T00:00:00",
      "quarter_label": "2025-03 (Q1)",
      "revenue": 9514075,
      "gross_profit": 610022,
      "operating_income": -4075175,
      "net_income": -4033912,
      "opex": 4685197,
      "cogs": 8904053,
      "rd": null,
      "sga": null,
      "fcf": 2213953,
      "ocf": 2213953,
      "capex": null,
      "gross_margin": 0.0641178464538066,
      "op_margin": -0.42833118301043455,
      "fcf_margin": 0.23270291646849536,
      "incr_op_margin_yoy": 0.33364330011447096,
      "rev_growth_yoy": -0.3878741488435905,
      "rev_growth_yoy_accel": 0.2999222578265851,
      "op_leverage_ratio": null,
      "fcf_margin_change": 0.7372488203203612
    },
    {
      "date": "2025-06-30T00:00:00",
      "quarter_label": "2025-06 (Q2)",
      "revenue": 7766102,
      "gross_profit": 44743,
      "operating_income": -5955974,
      "net_income": -6204144,
      "opex": 6000717,
      "cogs": 7721359,
      "rd": null,
      "sga": null,
      "fcf": 413949,
      "ocf": 413949,
      "capex": null,
      "gross_margin": 0.005761320157783145,
      "op_margin": -0.7669193631502651,
      "fcf_margin": 0.05330202976988971,
      "incr_op_margin_yoy": 0.32189730632635527,
      "rev_growth_yoy": -0.5672335335107359,
      "rev_growth_yoy_accel": -0.1793593846671454,
      "fcf_margin_change": -0.17940088669860565
    },
    {
      "date": "2025-09-30T00:00:00",
      "quarter_label": "2025-09 (Q3)",
      "revenue": 2383494,
      "gross_profit": -171751,
      "operating_income": -2235606,
      "net_income": -4839854,
      "opex": 2063855,
      "cogs": 2555245,
      "rd": null,
      "sga": null,
      "fcf": -2184815,
      "ocf": -2184815,
      "capex": null,
      "gross_margin": -0.07205849899349442,
      "op_margin": -0.9379532736394554,
      "fcf_margin": -0.9166438010752282,
      "incr_op_margin_yoy": -0.22935540473100038,
      "rev_growth_yoy": -0.7011671623822986,
      "rev_growth_yoy_accel": -0.13393362887156268,
      "fcf_margin_change": -0.969945830845118
    }
  ],
  "signals": [
    {
      "quarter": "2025-09 (Q3)",
      "signal": "YoY REVENUE GROWTH DECELERATION",
      "detail": "YoY growth: -70.1% vs prior quarter YoY: -56.7% (decel: -13.4%)",
      "severity": "WARNING"
    },
    {
      "quarter": "2025-06 (Q2)",
      "signal": "YoY REVENUE GROWTH DECELERATION",
      "detail": "YoY growth: -56.7% vs prior quarter YoY: -38.8% (decel: -17.9%)",
      "severity": "WARNING"
    },
    {
      "quarter": "2025-03 (Q1)",
      "signal": "FCF TURNED POSITIVE",
      "detail": "FCF margin: -50.5% -> +23.3%",
      "severity": "HIGH"
    },
    {
      "quarter": "2025-03 (Q1)",
      "signal": "GROSS MARGIN INFLECTION",
      "detail": "GM: +15.7% -> -90.6% -> +6.4% (reversal +97.0%)",
      "severity": "HIGH"
    },
    {
      "quarter": "2025-03 (Q1)",
      "signal": "YoY REVENUE GROWTH ACCELERATION",
      "detail": "YoY growth: -38.8% vs prior quarter YoY: -68.8% (accel: +30.0%)",
      "severity": "HIGH"
    },
    {
      "quarter": "2024-12 (Q4)",
      "signal": "YoY REVENUE GROWTH DECELERATION",
      "detail": "YoY growth: -68.8% vs prior quarter YoY: -61.9% (decel: -6.9%)",
      "severity": "WARNING"
    },
    {
      "quarter": "2024-09 (Q3)",
      "signal": "FCF TURNED POSITIVE",
      "detail": "FCF margin: -13.3% -> +12.1%",
      "severity": "HIGH"
    },
    {
      "quarter": "2024-09 (Q3)",
      "signal": "GROSS MARGIN INFLECTION",
      "detail": "GM: +20.0% -> +13.4% -> +15.7% (reversal +2.3%)",
      "severity": "MEDIUM"
    },
    {
      "quarter": "2024-09 (Q3)",
      "signal": "YoY REVENUE GROWTH DECELERATION",
      "detail": "YoY growth: -61.9% vs prior quarter YoY: -4.7% (decel: -57.2%)",
      "severity": "WARNING"
    },
    {
      "quarter": "2024-03 (Q1)",
      "signal": "FCF TURNED POSITIVE",
      "detail": "FCF margin: -29.4% -> +4.0%",
      "severity": "HIGH"
    },
    {
      "quarter": "2024-03 (Q1)",
      "signal": "GROSS MARGIN INFLECTION",
      "detail": "GM: +13.6% -> +12.8% -> +20.0% (reversal +7.2%)",
      "severity": "HIGH"
    },
    {
      "quarter": "2024-03 (Q1)",
      "signal": "YoY REVENUE GROWTH ACCELERATION",
      "detail": "YoY growth: -7.3% vs prior quarter YoY: -22.8% (accel: +15.5%)",
      "severity": "HIGH"
    },
    {
      "quarter": "2023-12 (Q4)",
      "signal": "YoY REVENUE GROWTH DECELERATION",
      "detail": "YoY growth: -22.8% vs prior quarter YoY: +69.3% (decel: -92.0%)",
      "severity": "WARNING"
    },
    {
      "quarter": "2023-09 (Q3)",
      "signal": "YoY REVENUE GROWTH ACCELERATION",
      "detail": "YoY growth: +69.3% vs prior quarter YoY: +15.7% (accel: +53.6%)",
      "severity": "HIGH"
    },
    {
      "quarter": "2023-06 (Q2)",
      "signal": "FCF TURNED POSITIVE",
      "detail": "FCF margin: -20.8% -> +10.5%",
      "severity": "HIGH"
    },
    {
      "quarter": "2023-06 (Q2)",
      "signal": "YoY REVENUE GROWTH ACCELERATION",
      "detail": "YoY growth: +15.7% vs prior quarter YoY: -20.4% (accel: +36.1%)",
      "severity": "HIGH"
    },
    {
      "quarter": "2023-03 (Q1)",
      "signal": "FCF MARGIN EXPANSION",
      "detail": "FCF margin: -30.3% -> -20.8% (+9.5%)",
      "severity": "MEDIUM"
    },
    {
      "quarter": "2023-03 (Q1)",
      "signal": "YoY REVENUE GROWTH DECELERATION",
      "detail": "YoY growth: -20.4% vs prior quarter YoY: -8.6% (decel: -11.8%)",
      "severity": "WARNING"
    },
    {
      "quarter": "2022-12 (Q4)",
      "signal": "YoY REVENUE GROWTH ACCELERATION",
      "detail": "YoY growth: -8.6% vs prior quarter YoY: -32.4% (accel: +23.8%)",
      "severity": "HIGH"
    },
    {
      "quarter": "2022-09 (Q3)",
      "signal": "YoY REVENUE GROWTH DECELERATION",
      "detail": "YoY growth: -32.4% vs prior quarter YoY: +26.9% (decel: -59.3%)",
      "severity": "WARNING"
    },
    {
      "quarter": "2022-06 (Q2)",
      "signal": "FCF MARGIN EXPANSION",
      "detail": "FCF margin: -18.0% -> -4.1% (+14.0%)",
      "severity": "MEDIUM"
    },
    {
      "quarter": "2022-06 (Q2)",
      "signal": "YoY REVENUE GROWTH DECELERATION",
      "detail": "YoY growth: +26.9% vs prior quarter YoY: +74.9% (decel: -48.1%)",
      "severity": "WARNING"
    },
    {
      "quarter": "2022-03 (Q1)",
      "signal": "OPERATING LEVERAGE",
      "detail": "Rev growth +11.0% vs OpEx growth +3.3% (leverage: 3.3x)",
      "severity": "MEDIUM"
    },
    {
      "quarter": "2022-03 (Q1)",
      "signal": "YoY REVENUE GROWTH DECELERATION",
      "detail": "YoY growth: +74.9% vs prior quarter YoY: +105.8% (decel: -30.9%)",
      "severity": "WARNING"
    },
    {
      "quarter": "2021-06 (Q2)",
      "signal": "FCF MARGIN EXPANSION",
      "detail": "FCF margin: +2.5% -> +7.8% (+5.3%)",
      "severity": "MEDIUM"
    },
    {
      "quarter": "2021-03 (Q1)",
      "signal": "FCF TURNED POSITIVE",
      "detail": "FCF margin: -7.1% -> +2.5%",
      "severity": "HIGH"
    },
    {
      "quarter": "2021-03 (Q1)",
      "signal": "OP MARGIN TURNED POSITIVE (QoQ)",
      "detail": "Op margin: -2.8% -> +1.3%",
      "severity": "HIGH"
    }
  ],
  "data_quality": {
    "n_quarters": 20,
    "coverage": {
      "revenue": [
        20,
        20
      ],
      "gross_profit": [
        20,
        20
      ],
      "op_income": [
        20,
        20
      ],
      "fcf": [
        20,
        20
      ]
    },
    "gaps": [],
    "warnings": []
  },
  "market_cap": null,
  "source": "SEC EDGAR",
  "last_updated": "2026-02-24T10:34:49.136808"
}