{
  "ticker": "UHGWW",
  "name": "UNITED HOMES GROUP, INC.",
  "quarters": [
    {
      "date": "2022-03-31T00:00:00",
      "quarter_label": "2022-03 (Q1)",
      "revenue": 108436860,
      "gross_profit": 27271900,
      "operating_income": -185271,
      "net_income": 3628047,
      "opex": 27457171,
      "cogs": 81164960,
      "rd": null,
      "sga": 10425050,
      "fcf": 10488388,
      "ocf": 10507683,
      "capex": -19295,
      "gross_margin": 0.251500273984326,
      "op_margin": -0.0017085610926026445,
      "fcf_margin": 0.09672345731884896
    },
    {
      "date": "2022-06-30T00:00:00",
      "quarter_label": "2022-06 (Q2)",
      "revenue": 142468681,
      "gross_profit": 41010351,
      "operating_income": -356520,
      "net_income": 3623736,
      "opex": 41366871,
      "cogs": 101458330,
      "rd": null,
      "sga": 15200745,
      "fcf": 28019289,
      "ocf": 28080697,
      "capex": -61408,
      "gross_margin": 0.28785520236549395,
      "op_margin": -0.002502444730291284,
      "fcf_margin": 0.19666981404846445,
      "op_leverage_ratio": 0.6195070886472431,
      "fcf_margin_change": 0.0999463567296155
    },
    {
      "date": "2022-09-30T00:00:00",
      "quarter_label": "2022-09 (Q3)",
      "revenue": 111046233,
      "gross_profit": 28938899,
      "operating_income": -2152716,
      "net_income": -2754924,
      "opex": 31091615,
      "cogs": 82107334,
      "rd": null,
      "sga": 13266455,
      "fcf": -18959745,
      "ocf": -18924028,
      "capex": -35717,
      "gross_margin": 0.26060225743992593,
      "op_margin": -0.01938576340540971,
      "fcf_margin": -0.17073739907953472,
      "fcf_margin_change": -0.3674072131279992
    },
    {
      "date": "2022-12-31T00:00:00",
      "quarter_label": "2022-12 (Q4)",
      "revenue": 115094175,
      "gross_profit": 21586096,
      "operating_income": -1829568,
      "net_income": 2576456,
      "opex": 23415664,
      "cogs": 93508079,
      "rd": null,
      "sga": 10793480,
      "fcf": 14897105,
      "ocf": 14952370,
      "capex": -55265,
      "gross_margin": 0.18755159416191133,
      "op_margin": -0.015896269294254032,
      "fcf_margin": 0.1294340482478805,
      "op_leverage_ratio": Infinity,
      "fcf_margin_change": 0.3001714473274152
    },
    {
      "date": "2023-03-31T00:00:00",
      "quarter_label": "2023-03 (Q1)",
      "revenue": 94826702,
      "gross_profit": 16777773,
      "operating_income": 90372,
      "net_income": -204504328,
      "opex": 16687401,
      "cogs": 78048929,
      "rd": null,
      "sga": 16687401,
      "fcf": 22992607,
      "ocf": 23051836,
      "capex": -59229,
      "gross_margin": 0.17693089231343298,
      "op_margin": 0.0009530227045120688,
      "fcf_margin": 0.24246975287614664,
      "incr_op_margin_yoy": -0.020252740636809652,
      "rev_growth_yoy": -0.12551228429152228,
      "fcf_margin_change": 0.11303570462826615
    },
    {
      "date": "2023-06-30T00:00:00",
      "quarter_label": "2023-06 (Q2)",
      "revenue": 122091629,
      "gross_profit": 23917480,
      "operating_income": 7582162,
      "net_income": 245362759,
      "opex": 16335318,
      "cogs": 98174149,
      "rd": null,
      "sga": 16335318,
      "fcf": 27264413,
      "ocf": 27264413,
      "capex": null,
      "gross_margin": 0.19589778755429663,
      "op_margin": 0.06210222651710217,
      "fcf_margin": 0.22331107565122257,
      "incr_op_margin_yoy": -0.3895893282305998,
      "rev_growth_yoy": -0.14302829124949926,
      "rev_growth_yoy_accel": -0.017516006957976976,
      "op_leverage_ratio": Infinity,
      "fcf_margin_change": -0.019158677224924064
    },
    {
      "date": "2023-09-30T00:00:00",
      "quarter_label": "2023-09 (Q3)",
      "revenue": 87728091,
      "gross_profit": 17410295,
      "operating_income": 3780582,
      "net_income": 150842687,
      "opex": 13629713,
      "cogs": 70317796,
      "rd": null,
      "sga": 13629713,
      "fcf": -4827665,
      "ocf": -4827665,
      "capex": null,
      "gross_margin": 0.19845747013918266,
      "op_margin": 0.0430943151378958,
      "fcf_margin": -0.05502986494941512,
      "incr_op_margin_yoy": -0.25444986139976333,
      "rev_growth_yoy": -0.20998588939077295,
      "rev_growth_yoy_accel": -0.0669575981412737,
      "fcf_margin_change": -0.2783409406006377
    },
    {
      "date": "2023-12-31T00:00:00",
      "quarter_label": "2023-12 (Q4)",
      "revenue": 116827679,
      "gross_profit": 21620072,
      "operating_income": 3178060,
      "net_income": -66640834,
      "opex": 18442012,
      "cogs": 95207607,
      "rd": null,
      "sga": 18442012,
      "fcf": -17366803,
      "ocf": -17263704,
      "capex": -103099,
      "gross_margin": 0.18505950118207862,
      "op_margin": 0.027202971309564405,
      "fcf_margin": -0.14865315436079152,
      "incr_op_margin_yoy": 2.88873172487632,
      "rev_growth_yoy": 0.01506161367419333,
      "rev_growth_yoy_accel": 0.2250475030649663,
      "op_leverage_ratio": 0.9394685992947627,
      "fcf_margin_change": -0.0936232894113764
    },
    {
      "date": "2024-03-31T00:00:00",
      "quarter_label": "2024-03 (Q1)",
      "revenue": 100838245,
      "gross_profit": 16094047,
      "operating_income": -960452,
      "net_income": 24938224,
      "opex": 17054499,
      "cogs": 84744198,
      "rd": null,
      "sga": 17054499,
      "fcf": -17927000,
      "ocf": -17898000,
      "capex": -29000,
      "gross_margin": 0.159602609109272,
      "op_margin": -0.009524679847413052,
      "fcf_margin": -0.17777976996723813,
      "incr_op_margin_yoy": -0.17480104525576878,
      "rev_growth_yoy": 0.0633950445729938,
      "rev_growth_yoy_accel": 0.048333430898800475,
      "fcf_margin_change": -0.02912661560644661
    },
    {
      "date": "2024-06-30T00:00:00",
      "quarter_label": "2024-06 (Q2)",
      "revenue": 109420037,
      "gross_profit": 19577696,
      "operating_income": -35788,
      "net_income": 28640033,
      "opex": 19613484,
      "cogs": 89842341,
      "rd": null,
      "sga": 19613484,
      "fcf": -1245000,
      "ocf": -1245000,
      "capex": null,
      "gross_margin": 0.17892240339856583,
      "op_margin": -0.00032706989488588825,
      "fcf_margin": -0.01137817198873731,
      "incr_op_margin_yoy": 0.6011833398676346,
      "rev_growth_yoy": -0.10378755778580037,
      "rev_growth_yoy_accel": -0.16718260235879417,
      "op_leverage_ratio": 0.5671839480693197,
      "fcf_margin_change": 0.16640159797850082
    },
    {
      "date": "2024-09-30T00:00:00",
      "quarter_label": "2024-09 (Q3)",
      "revenue": 118643955,
      "gross_profit": 22383027,
      "operating_income": 3692970,
      "net_income": -7339235,
      "opex": 18690057,
      "cogs": 96260928,
      "rd": null,
      "sga": 18690057,
      "fcf": 7180000,
      "ocf": 7183000,
      "capex": -3000,
      "gross_margin": 0.1886571212161631,
      "op_margin": 0.031126491020971106,
      "fcf_margin": 0.060517200391709804,
      "incr_op_margin_yoy": -0.00283388489482293,
      "rev_growth_yoy": 0.35240552538638964,
      "rev_growth_yoy_accel": 0.45619308317219,
      "op_leverage_ratio": Infinity,
      "fcf_margin_change": 0.07189537238044712
    },
    {
      "date": "2024-12-31T00:00:00",
      "quarter_label": "2024-12 (Q4)",
      "revenue": 134811780,
      "gross_profit": 21775496,
      "operating_income": 2433795,
      "net_income": 666718,
      "opex": 19341701,
      "cogs": 113036284,
      "rd": null,
      "sga": 19341701,
      "fcf": 27403892,
      "ocf": 27403642,
      "capex": 250,
      "gross_margin": 0.16152517235511615,
      "op_margin": 0.018053281397219144,
      "fcf_margin": 0.20327520339839739,
      "incr_op_margin_yoy": -0.041384609661611664,
      "rev_growth_yoy": 0.15393698782631812,
      "rev_growth_yoy_accel": -0.19846853756007152,
      "op_leverage_ratio": 3.908464838371227,
      "fcf_margin_change": 0.1427580030066876
    },
    {
      "date": "2025-03-31T00:00:00",
      "quarter_label": "2025-03 (Q1)",
      "revenue": 87001000,
      "gross_profit": 14128000,
      "operating_income": -2032000,
      "net_income": 18180000,
      "opex": 16160000,
      "cogs": 72873000,
      "rd": null,
      "sga": 16160000,
      "fcf": 1213000,
      "ocf": 1221000,
      "capex": -8000,
      "gross_margin": 0.16238893805818325,
      "op_margin": -0.023356053378696798,
      "fcf_margin": 0.013942368478523235,
      "incr_op_margin_yoy": 0.07743940358069833,
      "rev_growth_yoy": -0.13722219183802734,
      "rev_growth_yoy_accel": -0.29115917966434546,
      "fcf_margin_change": -0.18933283491987415
    },
    {
      "date": "2025-06-30T00:00:00",
      "quarter_label": "2025-06 (Q2)",
      "revenue": 105506000,
      "gross_profit": 19919000,
      "operating_income": 1903000,
      "net_income": -6341000,
      "opex": 18016000,
      "cogs": 85587000,
      "rd": null,
      "sga": 18016000,
      "fcf": 1298000,
      "ocf": 1559000,
      "capex": -261000,
      "gross_margin": 0.1887949500502341,
      "op_margin": 0.018036888897313898,
      "fcf_margin": 0.012302617860595605,
      "incr_op_margin_yoy": -0.4953422770403039,
      "rev_growth_yoy": -0.035770751932756154,
      "rev_growth_yoy_accel": 0.10145143990527118,
      "op_leverage_ratio": 1.8519456177475566,
      "fcf_margin_change": -0.0016397506179276298
    },
    {
      "date": "2025-09-30T00:00:00",
      "quarter_label": "2025-09 (Q3)",
      "revenue": 90794000,
      "gross_profit": 16048000,
      "operating_income": -1525000,
      "net_income": -31295000,
      "opex": 17573000,
      "cogs": 74746000,
      "rd": null,
      "sga": 17573000,
      "fcf": -24759000,
      "ocf": -23760000,
      "capex": -999000,
      "gross_margin": 0.17675176773795626,
      "op_margin": -0.016796264070313018,
      "fcf_margin": -0.2726942308963147,
      "incr_op_margin_yoy": 0.18736008729637085,
      "rev_growth_yoy": -0.2347355581664485,
      "rev_growth_yoy_accel": -0.19896480623369234,
      "fcf_margin_change": -0.28499684875691034
    }
  ],
  "signals": [
    {
      "quarter": "2025-09 (Q3)",
      "signal": "YoY REVENUE GROWTH DECELERATION",
      "detail": "YoY growth: -23.5% vs prior quarter YoY: -3.6% (decel: -19.9%)",
      "severity": "WARNING"
    },
    {
      "quarter": "2025-06 (Q2)",
      "signal": "OPERATING LEVERAGE",
      "detail": "Rev growth +21.3% vs OpEx growth +11.5% (leverage: 1.9x)",
      "severity": "MEDIUM"
    },
    {
      "quarter": "2025-06 (Q2)",
      "signal": "YoY REVENUE GROWTH ACCELERATION",
      "detail": "YoY growth: -3.6% vs prior quarter YoY: -13.7% (accel: +10.1%)",
      "severity": "MEDIUM"
    },
    {
      "quarter": "2025-06 (Q2)",
      "signal": "OP MARGIN TURNED POSITIVE (YoY)",
      "detail": "Op margin: -0.0% (year-ago) -> +1.8%",
      "severity": "HIGH"
    },
    {
      "quarter": "2025-06 (Q2)",
      "signal": "OP MARGIN TURNED POSITIVE (QoQ)",
      "detail": "Op margin: -2.3% -> +1.8%",
      "severity": "HIGH"
    },
    {
      "quarter": "2025-03 (Q1)",
      "signal": "YoY REVENUE GROWTH DECELERATION",
      "detail": "YoY growth: -13.7% vs prior quarter YoY: +15.4% (decel: -29.1%)",
      "severity": "WARNING"
    },
    {
      "quarter": "2024-12 (Q4)",
      "signal": "FCF MARGIN EXPANSION",
      "detail": "FCF margin: +6.1% -> +20.3% (+14.3%)",
      "severity": "MEDIUM"
    },
    {
      "quarter": "2024-12 (Q4)",
      "signal": "OPERATING LEVERAGE",
      "detail": "Rev growth +13.6% vs OpEx growth +3.5% (leverage: 3.9x)",
      "severity": "MEDIUM"
    },
    {
      "quarter": "2024-12 (Q4)",
      "signal": "YoY REVENUE GROWTH DECELERATION",
      "detail": "YoY growth: +15.4% vs prior quarter YoY: +35.2% (decel: -19.8%)",
      "severity": "WARNING"
    },
    {
      "quarter": "2024-09 (Q3)",
      "signal": "FCF TURNED POSITIVE",
      "detail": "FCF margin: -1.1% -> +6.1%",
      "severity": "HIGH"
    },
    {
      "quarter": "2024-09 (Q3)",
      "signal": "YoY REVENUE GROWTH ACCELERATION",
      "detail": "YoY growth: +35.2% vs prior quarter YoY: -10.4% (accel: +45.6%)",
      "severity": "HIGH"
    },
    {
      "quarter": "2024-09 (Q3)",
      "signal": "OP MARGIN TURNED POSITIVE (QoQ)",
      "detail": "Op margin: -0.0% -> +3.1%",
      "severity": "HIGH"
    },
    {
      "quarter": "2024-06 (Q2)",
      "signal": "FCF MARGIN EXPANSION",
      "detail": "FCF margin: -17.8% -> -1.1% (+16.6%)",
      "severity": "MEDIUM"
    },
    {
      "quarter": "2024-06 (Q2)",
      "signal": "YoY REVENUE GROWTH DECELERATION",
      "detail": "YoY growth: -10.4% vs prior quarter YoY: +6.3% (decel: -16.7%)",
      "severity": "WARNING"
    },
    {
      "quarter": "2023-12 (Q4)",
      "signal": "YoY REVENUE GROWTH ACCELERATION",
      "detail": "YoY growth: +1.5% vs prior quarter YoY: -21.0% (accel: +22.5%)",
      "severity": "HIGH"
    },
    {
      "quarter": "2023-12 (Q4)",
      "signal": "OP MARGIN TURNED POSITIVE (YoY)",
      "detail": "Op margin: -1.6% (year-ago) -> +2.7%",
      "severity": "HIGH"
    },
    {
      "quarter": "2023-09 (Q3)",
      "signal": "YoY REVENUE GROWTH DECELERATION",
      "detail": "YoY growth: -21.0% vs prior quarter YoY: -14.3% (decel: -6.7%)",
      "severity": "WARNING"
    },
    {
      "quarter": "2023-09 (Q3)",
      "signal": "OP MARGIN TURNED POSITIVE (YoY)",
      "detail": "Op margin: -1.9% (year-ago) -> +4.3%",
      "severity": "HIGH"
    },
    {
      "quarter": "2023-06 (Q2)",
      "signal": "OP MARGIN TURNED POSITIVE (YoY)",
      "detail": "Op margin: -0.3% (year-ago) -> +6.2%",
      "severity": "HIGH"
    },
    {
      "quarter": "2023-03 (Q1)",
      "signal": "FCF MARGIN EXPANSION",
      "detail": "FCF margin: +12.9% -> +24.2% (+11.3%)",
      "severity": "MEDIUM"
    },
    {
      "quarter": "2023-03 (Q1)",
      "signal": "OP MARGIN TURNED POSITIVE (YoY)",
      "detail": "Op margin: -0.2% (year-ago) -> +0.1%",
      "severity": "HIGH"
    },
    {
      "quarter": "2023-03 (Q1)",
      "signal": "OP MARGIN TURNED POSITIVE (QoQ)",
      "detail": "Op margin: -1.6% -> +0.1%",
      "severity": "HIGH"
    },
    {
      "quarter": "2022-12 (Q4)",
      "signal": "FCF TURNED POSITIVE",
      "detail": "FCF margin: -17.1% -> +12.9%",
      "severity": "HIGH"
    },
    {
      "quarter": "2022-06 (Q2)",
      "signal": "FCF MARGIN EXPANSION",
      "detail": "FCF margin: +9.7% -> +19.7% (+10.0%)",
      "severity": "MEDIUM"
    }
  ],
  "data_quality": {
    "n_quarters": 15,
    "coverage": {
      "revenue": [
        15,
        15
      ],
      "gross_profit": [
        15,
        15
      ],
      "op_income": [
        15,
        15
      ],
      "fcf": [
        15,
        15
      ]
    },
    "gaps": [],
    "warnings": []
  },
  "market_cap": null,
  "source": "SEC EDGAR",
  "last_updated": "2026-02-03T01:17:55.020886"
}