{
  "ticker": "UI",
  "name": "UBIQUITI INC.",
  "quarters": [
    {
      "date": "2020-12-31T00:00:00",
      "quarter_label": "2020-12 (Q4)",
      "revenue": 479436000,
      "gross_profit": 230674000,
      "operating_income": 190811000,
      "net_income": 159668000,
      "opex": 39863000,
      "cogs": 248762000,
      "rd": 28912000,
      "sga": 10951000,
      "fcf": 182954000,
      "ocf": 191988000,
      "capex": -9034000,
      "gross_margin": 0.4811361683311224,
      "op_margin": 0.3979905555694608,
      "fcf_margin": 0.3816025496625201
    },
    {
      "date": "2021-03-31T00:00:00",
      "quarter_label": "2021-03 (Q1)",
      "revenue": 467237000,
      "gross_profit": 222738000,
      "operating_income": 179000000,
      "net_income": 146075000,
      "opex": 43738000,
      "cogs": 244499000,
      "rd": 30483000,
      "sga": 13255000,
      "fcf": 134692000,
      "ocf": 138824000,
      "capex": -4132000,
      "gross_margin": 0.47671310277225476,
      "op_margin": 0.3831032217054728,
      "fcf_margin": 0.28827340300532706,
      "fcf_margin_change": -0.09332914665719305
    },
    {
      "date": "2021-06-30T00:00:00",
      "quarter_label": "2021-06 (Q2)",
      "revenue": 477888000,
      "gross_profit": 230748000,
      "operating_income": 182828000,
      "net_income": 154332000,
      "opex": 47920000,
      "cogs": 247140000,
      "rd": 30963000,
      "sga": 16957000,
      "fcf": 161926000,
      "ocf": 164249000,
      "capex": -2323000,
      "gross_margin": 0.48284953796705504,
      "op_margin": 0.3825749966519352,
      "fcf_margin": 0.33883671487880007,
      "op_leverage_ratio": 0.2384119663420121,
      "fcf_margin_change": 0.050563311873473016
    },
    {
      "date": "2021-09-30T00:00:00",
      "quarter_label": "2021-09 (Q3)",
      "revenue": 458914000,
      "gross_profit": 209463000,
      "operating_income": 161698000,
      "net_income": 132150000,
      "opex": 47765000,
      "cogs": 249451000,
      "rd": 32051000,
      "sga": 15714000,
      "fcf": 97967000,
      "ocf": 100938000,
      "capex": -2971000,
      "gross_margin": 0.45643192406420374,
      "op_margin": 0.35234924190589084,
      "fcf_margin": 0.21347572747835106,
      "fcf_margin_change": -0.12536098740044901
    },
    {
      "date": "2021-12-31T00:00:00",
      "quarter_label": "2021-12 (Q4)",
      "revenue": 431565000,
      "gross_profit": 174698000,
      "operating_income": 125391000,
      "net_income": 103649000,
      "opex": 49307000,
      "cogs": 256867000,
      "rd": 32870000,
      "sga": 16437000,
      "fcf": 91666000,
      "ocf": 95187000,
      "capex": -3521000,
      "gross_margin": 0.4048011307682504,
      "op_margin": 0.2905495116610476,
      "fcf_margin": 0.21240369353399835,
      "incr_op_margin_yoy": 1.3665893756136283,
      "rev_growth_yoy": -0.09984857207218481,
      "fcf_margin_change": -0.0010720339443527072
    },
    {
      "date": "2022-03-31T00:00:00",
      "quarter_label": "2022-03 (Q1)",
      "revenue": 358068000,
      "gross_profit": 116018000,
      "operating_income": 62606000,
      "net_income": 50354000,
      "opex": 53412000,
      "cogs": 242050000,
      "rd": 35261000,
      "sga": 18151000,
      "fcf": 99584000,
      "ocf": 104155000,
      "capex": -4571000,
      "gross_margin": 0.3240110816939799,
      "op_margin": 0.17484388440184545,
      "fcf_margin": 0.27811477149591696,
      "incr_op_margin_yoy": 1.0661817915342267,
      "rev_growth_yoy": -0.23364802016963554,
      "rev_growth_yoy_accel": -0.13379944809745073,
      "fcf_margin_change": 0.06571107796191861
    },
    {
      "date": "2022-06-30T00:00:00",
      "quarter_label": "2022-06 (Q2)",
      "revenue": 443145000,
      "gross_profit": 169634000,
      "operating_income": 112569000,
      "net_income": 92504000,
      "opex": 57065000,
      "cogs": 273511000,
      "rd": 37508000,
      "sga": 19557000,
      "fcf": 67574000,
      "ocf": 69979000,
      "capex": -2405000,
      "gross_margin": 0.3827956989247312,
      "op_margin": 0.25402294959888977,
      "fcf_margin": 0.1524873348452538,
      "incr_op_margin_yoy": 2.0222490861468496,
      "rev_growth_yoy": -0.07270113499397349,
      "rev_growth_yoy_accel": 0.16094688517566205,
      "op_leverage_ratio": 3.474048082130557,
      "fcf_margin_change": -0.12562743665066314
    },
    {
      "date": "2022-09-30T00:00:00",
      "quarter_label": "2022-09 (Q3)",
      "revenue": 498083000,
      "gross_profit": 171368000,
      "operating_income": 122013000,
      "net_income": 93182000,
      "opex": 49355000,
      "cogs": 326715000,
      "rd": 32659000,
      "sga": 16696000,
      "fcf": 33322000,
      "ocf": 41984000,
      "capex": -8662000,
      "gross_margin": 0.34405510728131655,
      "op_margin": 0.24496519656362495,
      "fcf_margin": 0.06690049650359478,
      "incr_op_margin_yoy": -1.013173683269933,
      "rev_growth_yoy": 0.08535150376759044,
      "rev_growth_yoy_accel": 0.15805263876156395,
      "op_leverage_ratio": Infinity,
      "fcf_margin_change": -0.08558683834165903
    },
    {
      "date": "2022-12-31T00:00:00",
      "quarter_label": "2022-12 (Q4)",
      "revenue": 493571000,
      "gross_profit": 197561000,
      "operating_income": 145153000,
      "net_income": 112205000,
      "opex": 52408000,
      "cogs": 296010000,
      "rd": 33765000,
      "sga": 18643000,
      "fcf": -44457000,
      "ocf": -39651000,
      "capex": -4806000,
      "gross_margin": 0.40026865435773173,
      "op_margin": 0.29408737547384267,
      "fcf_margin": -0.09007214767480261,
      "incr_op_margin_yoy": 0.3187110924749218,
      "rev_growth_yoy": 0.14367708224717018,
      "rev_growth_yoy_accel": 0.05832557847957974,
      "fcf_margin_change": -0.1569726441783974
    },
    {
      "date": "2023-03-31T00:00:00",
      "quarter_label": "2023-03 (Q1)",
      "revenue": 457773000,
      "gross_profit": 188476000,
      "operating_income": 133525000,
      "net_income": 98577000,
      "opex": 54951000,
      "cogs": 269297000,
      "rd": 38210000,
      "sga": 16741000,
      "fcf": -164387000,
      "ocf": -162205000,
      "capex": -2182000,
      "gross_margin": 0.41172371459216683,
      "op_margin": 0.29168386951611386,
      "fcf_margin": -0.3591015634386475,
      "incr_op_margin_yoy": 0.711288300486435,
      "rev_growth_yoy": 0.2784526961359295,
      "rev_growth_yoy_accel": 0.1347756138887593,
      "fcf_margin_change": -0.2690294157638449
    },
    {
      "date": "2023-06-30T00:00:00",
      "quarter_label": "2023-06 (Q2)",
      "revenue": 491085000,
      "gross_profit": 203327000,
      "operating_income": 143875000,
      "net_income": 103677000,
      "opex": 59452000,
      "cogs": 287758000,
      "rd": 40539000,
      "sga": 18913000,
      "fcf": 9160000,
      "ocf": 14444000,
      "capex": -5284000,
      "gross_margin": 0.41403626663408577,
      "op_margin": 0.2929737214535162,
      "fcf_margin": 0.018652575419733853,
      "incr_op_margin_yoy": 0.6530246141009596,
      "rev_growth_yoy": 0.10818129506143587,
      "rev_growth_yoy_accel": -0.17027140107449362,
      "op_leverage_ratio": 0.8884175336977288,
      "fcf_margin_change": 0.3777541388583814
    },
    {
      "date": "2023-09-30T00:00:00",
      "quarter_label": "2023-09 (Q3)",
      "revenue": 463078000,
      "gross_profit": 183875000,
      "operating_income": 128302000,
      "net_income": 87750000,
      "opex": 55573000,
      "cogs": 279203000,
      "rd": 36283000,
      "sga": 19290000,
      "fcf": 64657000,
      "ocf": 67682000,
      "capex": -3025000,
      "gross_margin": 0.39707133571450165,
      "op_margin": 0.2770634752676655,
      "fcf_margin": 0.13962442612259707,
      "incr_op_margin_yoy": -0.17966004856449078,
      "rev_growth_yoy": -0.07027945141673175,
      "rev_growth_yoy_accel": -0.17846074647816762,
      "fcf_margin_change": 0.12097185070286322
    },
    {
      "date": "2023-12-31T00:00:00",
      "quarter_label": "2023-12 (Q4)",
      "revenue": 464954000,
      "gross_profit": 177647000,
      "operating_income": 121102000,
      "net_income": 82116000,
      "opex": 56545000,
      "cogs": 287307000,
      "rd": 36911000,
      "sga": 19634000,
      "fcf": 74729000,
      "ocf": 78581000,
      "capex": -3852000,
      "gross_margin": 0.38207435574271864,
      "op_margin": 0.2604601745549022,
      "fcf_margin": 0.16072342640347217,
      "incr_op_margin_yoy": 0.8404444910367963,
      "rev_growth_yoy": -0.057979500416353476,
      "rev_growth_yoy_accel": 0.012299951000378277,
      "fcf_margin_change": 0.021099000280875108
    },
    {
      "date": "2024-03-31T00:00:00",
      "quarter_label": "2024-03 (Q1)",
      "revenue": 492997000,
      "gross_profit": 174100000,
      "operating_income": 111223000,
      "net_income": 76290000,
      "opex": 62877000,
      "cogs": 318897000,
      "rd": 42498000,
      "sga": 20379000,
      "fcf": 160620000,
      "ocf": 163852000,
      "capex": -3232000,
      "gross_margin": 0.3531461651896462,
      "op_margin": 0.22560583532962675,
      "fcf_margin": 0.32580319961379073,
      "incr_op_margin_yoy": -0.6331478537360891,
      "rev_growth_yoy": 0.0769464341496768,
      "rev_growth_yoy_accel": 0.13492593456603028,
      "op_leverage_ratio": 0.5386017819093393,
      "fcf_margin_change": 0.16507977321031855
    },
    {
      "date": "2024-06-30T00:00:00",
      "quarter_label": "2024-06 (Q2)",
      "revenue": 507461000,
      "gross_profit": 204140000,
      "operating_income": 138369000,
      "net_income": 103804000,
      "opex": 65771000,
      "cogs": 303321000,
      "rd": 44076000,
      "sga": 21695000,
      "fcf": 229535000,
      "ocf": 231401000,
      "capex": -1866000,
      "gross_margin": 0.40227721933311134,
      "op_margin": 0.2726692297536165,
      "fcf_margin": 0.45232047388863383,
      "incr_op_margin_yoy": -0.3362237420615535,
      "rev_growth_yoy": 0.03334656933117485,
      "rev_growth_yoy_accel": -0.043599864818501956,
      "op_leverage_ratio": 0.6374372256721911,
      "fcf_margin_change": 0.1265172742748431
    },
    {
      "date": "2024-09-30T00:00:00",
      "quarter_label": "2024-09 (Q3)",
      "revenue": 550344000,
      "gross_profit": 231618000,
      "operating_income": 169206000,
      "net_income": 127988000,
      "opex": 62412000,
      "cogs": 318726000,
      "rd": 37997000,
      "sga": 24415000,
      "fcf": 231063000,
      "ocf": 233667000,
      "capex": -2604000,
      "gross_margin": 0.4208604073088832,
      "op_margin": 0.3074549736165017,
      "fcf_margin": 0.41985194714578516,
      "incr_op_margin_yoy": 0.4687277977677446,
      "rev_growth_yoy": 0.18844773450692973,
      "rev_growth_yoy_accel": 0.15510116517575487,
      "op_leverage_ratio": Infinity,
      "fcf_margin_change": -0.03246852674284867
    },
    {
      "date": "2024-12-31T00:00:00",
      "quarter_label": "2024-12 (Q4)",
      "revenue": 599879000,
      "gross_profit": 247230000,
      "operating_income": 178812000,
      "net_income": 136795000,
      "opex": 68418000,
      "cogs": 352649000,
      "rd": 39958000,
      "sga": 28460000,
      "fcf": 150445000,
      "ocf": 152431000,
      "capex": -1986000,
      "gross_margin": 0.4121331135112248,
      "op_margin": 0.2980801128227526,
      "fcf_margin": 0.250792243102359,
      "incr_op_margin_yoy": 0.4277191032054845,
      "rev_growth_yoy": 0.2901899972900545,
      "rev_growth_yoy_accel": 0.10174226278312479,
      "op_leverage_ratio": 0.9353210386200661,
      "fcf_margin_change": -0.16905970404342618
    },
    {
      "date": "2025-03-31T00:00:00",
      "quarter_label": "2025-03 (Q1)",
      "revenue": 664170000,
      "gross_profit": 295874000,
      "operating_income": 226861000,
      "net_income": 180435000,
      "opex": 69013000,
      "cogs": 368296000,
      "rd": 44262000,
      "sga": 24751000,
      "fcf": 120745000,
      "ocf": 123573000,
      "capex": -2828000,
      "gross_margin": 0.44547932005360075,
      "op_margin": 0.3415706822048572,
      "fcf_margin": 0.18179833476369,
      "incr_op_margin_yoy": 0.6755621505728123,
      "rev_growth_yoy": 0.3472090093854526,
      "rev_growth_yoy_accel": 0.057019012095398114,
      "op_leverage_ratio": 12.323666331533722,
      "fcf_margin_change": -0.06899390833866897
    },
    {
      "date": "2025-06-30T00:00:00",
      "quarter_label": "2025-06 (Q2)",
      "revenue": 759152000,
      "gross_profit": 342730000,
      "operating_income": 261402000,
      "net_income": 266705000,
      "opex": 81328000,
      "cogs": 416422000,
      "rd": 47455000,
      "sga": 33873000,
      "fcf": 125188000,
      "ocf": 130356000,
      "capex": -5168000,
      "gross_margin": 0.45146426539085716,
      "op_margin": 0.3443342044807891,
      "fcf_margin": 0.16490505195270513,
      "incr_op_margin_yoy": 0.4888255837515048,
      "rev_growth_yoy": 0.49598097193675966,
      "rev_growth_yoy_accel": 0.14877196255130704,
      "op_leverage_ratio": 0.8014169906739228,
      "fcf_margin_change": -0.016893282810984872
    },
    {
      "date": "2025-09-30T00:00:00",
      "quarter_label": "2025-09 (Q3)",
      "revenue": 733773000,
      "gross_profit": 337409000,
      "operating_income": 261722000,
      "net_income": 207876000,
      "opex": 75687000,
      "cogs": 396364000,
      "rd": 48543000,
      "sga": 27144000,
      "fcf": 193294000,
      "ocf": 198452000,
      "capex": -5158000,
      "gross_margin": 0.45982749433407877,
      "op_margin": 0.35667979061644406,
      "fcf_margin": 0.2634247921359876,
      "incr_op_margin_yoy": 0.5043695380774033,
      "rev_growth_yoy": 0.33329880947189394,
      "rev_growth_yoy_accel": -0.16268216246486572,
      "fcf_margin_change": 0.09851974018328244
    }
  ],
  "signals": [
    {
      "quarter": "2025-09 (Q3)",
      "signal": "FCF MARGIN EXPANSION",
      "detail": "FCF margin: +16.5% -> +26.3% (+9.9%)",
      "severity": "MEDIUM"
    },
    {
      "quarter": "2025-09 (Q3)",
      "signal": "YoY REVENUE GROWTH DECELERATION",
      "detail": "YoY growth: +33.3% vs prior quarter YoY: +49.6% (decel: -16.3%)",
      "severity": "WARNING"
    },
    {
      "quarter": "2025-09 (Q3)",
      "signal": "INCREMENTAL MARGIN (YoY)",
      "detail": "YoY Incr OPM: +50.4% vs year-ago OPM: +30.7%",
      "severity": "MEDIUM"
    },
    {
      "quarter": "2025-06 (Q2)",
      "signal": "YoY REVENUE GROWTH ACCELERATION",
      "detail": "YoY growth: +49.6% vs prior quarter YoY: +34.7% (accel: +14.9%)",
      "severity": "MEDIUM"
    },
    {
      "quarter": "2025-06 (Q2)",
      "signal": "INCREMENTAL MARGIN (YoY)",
      "detail": "YoY Incr OPM: +48.9% vs year-ago OPM: +27.3%",
      "severity": "HIGH"
    },
    {
      "quarter": "2025-03 (Q1)",
      "signal": "OPERATING LEVERAGE",
      "detail": "Rev growth +10.7% vs OpEx growth +0.9% (leverage: 12.3x)",
      "severity": "MEDIUM"
    },
    {
      "quarter": "2025-03 (Q1)",
      "signal": "GROSS MARGIN INFLECTION",
      "detail": "GM: +42.1% -> +41.2% -> +44.5% (reversal +3.3%)",
      "severity": "MEDIUM"
    },
    {
      "quarter": "2025-03 (Q1)",
      "signal": "YoY REVENUE GROWTH ACCELERATION",
      "detail": "YoY growth: +34.7% vs prior quarter YoY: +29.0% (accel: +5.7%)",
      "severity": "MEDIUM"
    },
    {
      "quarter": "2025-03 (Q1)",
      "signal": "INCREMENTAL MARGIN (YoY)",
      "detail": "YoY Incr OPM: +67.6% vs year-ago OPM: +22.6%",
      "severity": "HIGH"
    },
    {
      "quarter": "2024-12 (Q4)",
      "signal": "YoY REVENUE GROWTH ACCELERATION",
      "detail": "YoY growth: +29.0% vs prior quarter YoY: +18.8% (accel: +10.2%)",
      "severity": "MEDIUM"
    },
    {
      "quarter": "2024-12 (Q4)",
      "signal": "INCREMENTAL MARGIN (YoY)",
      "detail": "YoY Incr OPM: +42.8% vs year-ago OPM: +26.0%",
      "severity": "MEDIUM"
    },
    {
      "quarter": "2024-09 (Q3)",
      "signal": "YoY REVENUE GROWTH ACCELERATION",
      "detail": "YoY growth: +18.8% vs prior quarter YoY: +3.3% (accel: +15.5%)",
      "severity": "HIGH"
    },
    {
      "quarter": "2024-09 (Q3)",
      "signal": "INCREMENTAL MARGIN (YoY)",
      "detail": "YoY Incr OPM: +46.9% vs year-ago OPM: +27.7%",
      "severity": "MEDIUM"
    },
    {
      "quarter": "2024-06 (Q2)",
      "signal": "FCF MARGIN EXPANSION",
      "detail": "FCF margin: +32.6% -> +45.2% (+12.7%)",
      "severity": "MEDIUM"
    },
    {
      "quarter": "2024-06 (Q2)",
      "signal": "GROSS MARGIN INFLECTION",
      "detail": "GM: +38.2% -> +35.3% -> +40.2% (reversal +4.9%)",
      "severity": "MEDIUM"
    },
    {
      "quarter": "2024-03 (Q1)",
      "signal": "FCF MARGIN EXPANSION",
      "detail": "FCF margin: +16.1% -> +32.6% (+16.5%)",
      "severity": "MEDIUM"
    },
    {
      "quarter": "2024-03 (Q1)",
      "signal": "YoY REVENUE GROWTH ACCELERATION",
      "detail": "YoY growth: +7.7% vs prior quarter YoY: -5.8% (accel: +13.5%)",
      "severity": "MEDIUM"
    },
    {
      "quarter": "2023-12 (Q4)",
      "signal": "INCREMENTAL MARGIN (YoY)",
      "detail": "YoY Incr OPM: +84.0% vs year-ago OPM: +29.4%",
      "severity": "HIGH"
    },
    {
      "quarter": "2023-09 (Q3)",
      "signal": "FCF MARGIN EXPANSION",
      "detail": "FCF margin: +1.9% -> +14.0% (+12.1%)",
      "severity": "MEDIUM"
    },
    {
      "quarter": "2023-09 (Q3)",
      "signal": "YoY REVENUE GROWTH DECELERATION",
      "detail": "YoY growth: -7.0% vs prior quarter YoY: +10.8% (decel: -17.8%)",
      "severity": "WARNING"
    },
    {
      "quarter": "2023-06 (Q2)",
      "signal": "FCF TURNED POSITIVE",
      "detail": "FCF margin: -35.9% -> +1.9%",
      "severity": "HIGH"
    },
    {
      "quarter": "2023-06 (Q2)",
      "signal": "YoY REVENUE GROWTH DECELERATION",
      "detail": "YoY growth: +10.8% vs prior quarter YoY: +27.8% (decel: -17.0%)",
      "severity": "WARNING"
    },
    {
      "quarter": "2023-06 (Q2)",
      "signal": "INCREMENTAL MARGIN (YoY)",
      "detail": "YoY Incr OPM: +65.3% vs year-ago OPM: +25.4%",
      "severity": "HIGH"
    },
    {
      "quarter": "2023-03 (Q1)",
      "signal": "YoY REVENUE GROWTH ACCELERATION",
      "detail": "YoY growth: +27.8% vs prior quarter YoY: +14.4% (accel: +13.5%)",
      "severity": "MEDIUM"
    },
    {
      "quarter": "2023-03 (Q1)",
      "signal": "INCREMENTAL MARGIN (YoY)",
      "detail": "YoY Incr OPM: +71.1% vs year-ago OPM: +17.5%",
      "severity": "HIGH"
    },
    {
      "quarter": "2022-12 (Q4)",
      "signal": "GROSS MARGIN INFLECTION",
      "detail": "GM: +38.3% -> +34.4% -> +40.0% (reversal +5.6%)",
      "severity": "HIGH"
    },
    {
      "quarter": "2022-12 (Q4)",
      "signal": "YoY REVENUE GROWTH ACCELERATION",
      "detail": "YoY growth: +14.4% vs prior quarter YoY: +8.5% (accel: +5.8%)",
      "severity": "MEDIUM"
    },
    {
      "quarter": "2022-09 (Q3)",
      "signal": "YoY REVENUE GROWTH ACCELERATION",
      "detail": "YoY growth: +8.5% vs prior quarter YoY: -7.3% (accel: +15.8%)",
      "severity": "HIGH"
    },
    {
      "quarter": "2022-06 (Q2)",
      "signal": "OPERATING LEVERAGE",
      "detail": "Rev growth +23.8% vs OpEx growth +6.8% (leverage: 3.5x)",
      "severity": "MEDIUM"
    },
    {
      "quarter": "2022-06 (Q2)",
      "signal": "GROSS MARGIN INFLECTION",
      "detail": "GM: +40.5% -> +32.4% -> +38.3% (reversal +5.9%)",
      "severity": "HIGH"
    },
    {
      "quarter": "2022-06 (Q2)",
      "signal": "YoY REVENUE GROWTH ACCELERATION",
      "detail": "YoY growth: -7.3% vs prior quarter YoY: -23.4% (accel: +16.1%)",
      "severity": "HIGH"
    },
    {
      "quarter": "2022-06 (Q2)",
      "signal": "INCREMENTAL MARGIN (YoY)",
      "detail": "YoY Incr OPM: +202.2% vs year-ago OPM: +38.3%",
      "severity": "HIGH"
    },
    {
      "quarter": "2022-03 (Q1)",
      "signal": "FCF MARGIN EXPANSION",
      "detail": "FCF margin: +21.2% -> +27.8% (+6.6%)",
      "severity": "MEDIUM"
    },
    {
      "quarter": "2022-03 (Q1)",
      "signal": "YoY REVENUE GROWTH DECELERATION",
      "detail": "YoY growth: -23.4% vs prior quarter YoY: -10.0% (decel: -13.4%)",
      "severity": "WARNING"
    },
    {
      "quarter": "2022-03 (Q1)",
      "signal": "INCREMENTAL MARGIN (YoY)",
      "detail": "YoY Incr OPM: +106.6% vs year-ago OPM: +38.3%",
      "severity": "HIGH"
    },
    {
      "quarter": "2021-12 (Q4)",
      "signal": "INCREMENTAL MARGIN (YoY)",
      "detail": "YoY Incr OPM: +136.7% vs year-ago OPM: +39.8%",
      "severity": "HIGH"
    },
    {
      "quarter": "2021-06 (Q2)",
      "signal": "FCF MARGIN EXPANSION",
      "detail": "FCF margin: +28.8% -> +33.9% (+5.1%)",
      "severity": "MEDIUM"
    }
  ],
  "data_quality": {
    "n_quarters": 20,
    "coverage": {
      "revenue": [
        20,
        20
      ],
      "gross_profit": [
        20,
        20
      ],
      "op_income": [
        20,
        20
      ],
      "fcf": [
        20,
        20
      ]
    },
    "gaps": [],
    "warnings": []
  },
  "market_cap": null,
  "source": "SEC EDGAR",
  "last_updated": "2026-02-02T20:07:57.492553"
}