{
  "ticker": "UIS",
  "name": "UNISYS CORP",
  "quarters": [
    {
      "date": "2020-12-31T00:00:00",
      "quarter_label": "2020-12 (Q4)",
      "revenue": 576900000,
      "gross_profit": 175100000,
      "operating_income": 47700000,
      "net_income": -173100000,
      "opex": 529200000,
      "cogs": 401800000,
      "rd": 10500000,
      "sga": 116900000,
      "fcf": -366400000,
      "ocf": -355400000,
      "capex": -11000000,
      "gross_margin": 0.3035188074189634,
      "op_margin": 0.08268330733229329,
      "fcf_margin": -0.6351187380828567
    },
    {
      "date": "2021-03-31T00:00:00",
      "quarter_label": "2021-03 (Q1)",
      "revenue": 509800000,
      "gross_profit": 139200000,
      "operating_income": 43600000,
      "net_income": -157800000,
      "opex": 466200000,
      "cogs": 370600000,
      "rd": 5600000,
      "sga": 90000000,
      "fcf": -48000000,
      "ocf": -42900000,
      "capex": -5100000,
      "gross_margin": 0.27304825421734014,
      "op_margin": 0.08552373479795998,
      "fcf_margin": -0.09415457041977246,
      "fcf_margin_change": 0.5409641676630842
    },
    {
      "date": "2021-06-30T00:00:00",
      "quarter_label": "2021-06 (Q2)",
      "revenue": 517300000,
      "gross_profit": 142200000,
      "operating_income": 40800000,
      "net_income": -140800000,
      "opex": 476500000,
      "cogs": 375100000,
      "rd": 6800000,
      "sga": 94600000,
      "fcf": 35000000,
      "ocf": 41900000,
      "capex": -6900000,
      "gross_margin": 0.2748888459307945,
      "op_margin": 0.07887106127972163,
      "fcf_margin": 0.06765899864682003,
      "op_leverage_ratio": 0.6658807756325534,
      "fcf_margin_change": 0.1618135690665925
    },
    {
      "date": "2021-09-30T00:00:00",
      "quarter_label": "2021-09 (Q3)",
      "revenue": 488000000,
      "gross_profit": 126900000,
      "operating_income": 25100000,
      "net_income": -18700000,
      "opex": 462900000,
      "cogs": 361100000,
      "rd": 6700000,
      "sga": 95100000,
      "fcf": 57800000,
      "ocf": 65500000,
      "capex": -7700000,
      "gross_margin": 0.26004098360655736,
      "op_margin": 0.051434426229508196,
      "fcf_margin": 0.11844262295081967,
      "fcf_margin_change": 0.050783624303999644
    },
    {
      "date": "2021-12-31T00:00:00",
      "quarter_label": "2021-12 (Q4)",
      "revenue": 539300000,
      "gross_profit": 163700000,
      "operating_income": 44500000,
      "net_income": -131200000,
      "opex": 494800000,
      "cogs": 375600000,
      "rd": 9400000,
      "sga": 109800000,
      "fcf": 60400000,
      "ocf": 68000000,
      "capex": -7600000,
      "gross_margin": 0.3035416280363434,
      "op_margin": 0.08251437048025217,
      "fcf_margin": 0.11199703319117374,
      "incr_op_margin_yoy": 0.0851063829787234,
      "rev_growth_yoy": -0.06517594037094818,
      "op_leverage_ratio": 1.5254361734929853,
      "fcf_margin_change": -0.006445589759645931
    },
    {
      "date": "2022-03-31T00:00:00",
      "quarter_label": "2022-03 (Q1)",
      "revenue": 446700000,
      "gross_profit": 87400000,
      "operating_income": -23500000,
      "net_income": -57300000,
      "opex": 470200000,
      "cogs": 359300000,
      "rd": 6500000,
      "sga": 104400000,
      "fcf": -38200000,
      "ocf": -33000000,
      "capex": -5200000,
      "gross_margin": 0.19565704051936422,
      "op_margin": -0.05260801432728901,
      "fcf_margin": -0.08551600626818893,
      "incr_op_margin_yoy": 1.063391442155309,
      "rev_growth_yoy": -0.12377402903099255,
      "rev_growth_yoy_accel": -0.05859808866004437,
      "fcf_margin_change": -0.19751303945936266
    },
    {
      "date": "2022-06-30T00:00:00",
      "quarter_label": "2022-06 (Q2)",
      "revenue": 515000000,
      "gross_profit": 148100000,
      "operating_income": 33700000,
      "net_income": -17100000,
      "opex": 481300000,
      "cogs": 366900000,
      "rd": 4800000,
      "sga": 109600000,
      "fcf": -42500000,
      "ocf": -33700000,
      "capex": -8800000,
      "gross_margin": 0.28757281553398056,
      "op_margin": 0.06543689320388349,
      "fcf_margin": -0.0825242718446602,
      "incr_op_margin_yoy": 3.0869565217391304,
      "rev_growth_yoy": -0.004446162768219602,
      "rev_growth_yoy_accel": 0.11932786626277295,
      "op_leverage_ratio": 6.476858322392237,
      "fcf_margin_change": 0.0029917344235287358
    },
    {
      "date": "2022-09-30T00:00:00",
      "quarter_label": "2022-09 (Q3)",
      "revenue": 461200000,
      "gross_profit": 104300000,
      "operating_income": -8000000,
      "net_income": -40100000,
      "opex": 469200000,
      "cogs": 356900000,
      "rd": 6000000,
      "sga": 106300000,
      "fcf": 37000000,
      "ocf": 44500000,
      "capex": -7500000,
      "gross_margin": 0.2261491760624458,
      "op_margin": -0.017346053772766695,
      "fcf_margin": 0.08022549869904597,
      "incr_op_margin_yoy": 1.2350746268656716,
      "rev_growth_yoy": -0.05491803278688524,
      "rev_growth_yoy_accel": -0.05047187001866564,
      "fcf_margin_change": 0.16274977054370615
    },
    {
      "date": "2022-12-31T00:00:00",
      "quarter_label": "2022-12 (Q4)",
      "revenue": 557000000,
      "gross_profit": 189800000,
      "operating_income": 50000000,
      "net_income": 8500000,
      "opex": 507000000,
      "cogs": 367200000,
      "rd": 6900000,
      "sga": 132900000,
      "fcf": 25400000,
      "ocf": 34900000,
      "capex": -9500000,
      "gross_margin": 0.340754039497307,
      "op_margin": 0.08976660682226212,
      "fcf_margin": 0.04560143626570916,
      "incr_op_margin_yoy": 0.3107344632768362,
      "rev_growth_yoy": 0.03282032264045986,
      "rev_growth_yoy_accel": 0.0877383554273451,
      "op_leverage_ratio": 2.5783532262283346,
      "fcf_margin_change": -0.03462406243333681
    },
    {
      "date": "2023-03-31T00:00:00",
      "quarter_label": "2023-03 (Q1)",
      "revenue": 516400000,
      "gross_profit": 159000000,
      "operating_income": 49900000,
      "net_income": -175400000,
      "opex": 466500000,
      "cogs": 357400000,
      "rd": 6200000,
      "sga": 102900000,
      "fcf": 5500000,
      "ocf": 12800000,
      "capex": -7300000,
      "gross_margin": 0.30790085205267237,
      "op_margin": 0.0966305189775368,
      "fcf_margin": 0.010650658404337723,
      "incr_op_margin_yoy": 1.0530846484935437,
      "rev_growth_yoy": 0.15603313185583165,
      "rev_growth_yoy_accel": 0.12321280921537178,
      "fcf_margin_change": -0.034950777861371435
    },
    {
      "date": "2023-06-30T00:00:00",
      "quarter_label": "2023-06 (Q2)",
      "revenue": 476800000,
      "gross_profit": 115800000,
      "operating_income": 100000,
      "net_income": -40000000,
      "opex": 476700000,
      "cogs": 361000000,
      "rd": 5400000,
      "sga": 110300000,
      "fcf": 37900000,
      "ocf": 42500000,
      "capex": -4600000,
      "gross_margin": 0.24286912751677853,
      "op_margin": 0.00020973154362416107,
      "fcf_margin": 0.07948825503355705,
      "incr_op_margin_yoy": 0.8795811518324608,
      "rev_growth_yoy": -0.0741747572815534,
      "rev_growth_yoy_accel": -0.23020788913738505,
      "fcf_margin_change": 0.06883759662921933
    },
    {
      "date": "2023-09-30T00:00:00",
      "quarter_label": "2023-09 (Q3)",
      "revenue": 464600000,
      "gross_profit": 95300000,
      "operating_income": -17100000,
      "net_income": -50000000,
      "opex": 481700000,
      "cogs": 369300000,
      "rd": 4300000,
      "sga": 108100000,
      "fcf": -7600000,
      "ocf": -4100000,
      "capex": -3500000,
      "gross_margin": 0.20512268618166166,
      "op_margin": -0.03680585449849333,
      "fcf_margin": -0.016358157554885924,
      "incr_op_margin_yoy": -2.676470588235294,
      "rev_growth_yoy": 0.007372072853425846,
      "rev_growth_yoy_accel": 0.08154683013497925,
      "fcf_margin_change": -0.09584641258844298
    },
    {
      "date": "2023-12-31T00:00:00",
      "quarter_label": "2023-12 (Q4)",
      "revenue": 557600000,
      "gross_profit": 181200000,
      "operating_income": 44000000,
      "net_income": -165300000,
      "opex": 513600000,
      "cogs": 376400000,
      "rd": 8200000,
      "sga": 129000000,
      "fcf": 17100000,
      "ocf": 23000000,
      "capex": -5900000,
      "gross_margin": 0.3249641319942611,
      "op_margin": 0.07890961262553801,
      "fcf_margin": 0.030667144906743184,
      "rev_growth_yoy": 0.0010771992818671453,
      "rev_growth_yoy_accel": -0.006294873571558701,
      "op_leverage_ratio": 3.0226628359987426,
      "fcf_margin_change": 0.04702530246162911
    },
    {
      "date": "2024-03-31T00:00:00",
      "quarter_label": "2024-03 (Q1)",
      "revenue": 487800000,
      "gross_profit": 136000000,
      "operating_income": 17700000,
      "net_income": -149500000,
      "opex": 470100000,
      "cogs": 351800000,
      "rd": 6100000,
      "sga": 112200000,
      "fcf": 17100000,
      "ocf": 23800000,
      "capex": -6700000,
      "gross_margin": 0.2788027880278803,
      "op_margin": 0.03628536285362854,
      "fcf_margin": 0.03505535055350553,
      "incr_op_margin_yoy": 1.1258741258741258,
      "rev_growth_yoy": -0.05538342370255616,
      "rev_growth_yoy_accel": -0.05646062298442331,
      "fcf_margin_change": 0.004388205646762348
    },
    {
      "date": "2024-06-30T00:00:00",
      "quarter_label": "2024-06 (Q2)",
      "revenue": 478200000,
      "gross_profit": 129900000,
      "operating_income": 23600000,
      "net_income": -12000000,
      "opex": 454600000,
      "cogs": 348300000,
      "rd": 4900000,
      "sga": 101400000,
      "fcf": -6000000,
      "ocf": 2700000,
      "capex": -8700000,
      "gross_margin": 0.2716436637390213,
      "op_margin": 0.0493517356754496,
      "fcf_margin": -0.012547051442910916,
      "incr_op_margin_yoy": 16.785714285714285,
      "rev_growth_yoy": 0.002936241610738255,
      "rev_growth_yoy_accel": 0.05831966531329442,
      "fcf_margin_change": -0.04760240199641645
    },
    {
      "date": "2024-09-30T00:00:00",
      "quarter_label": "2024-09 (Q3)",
      "revenue": 497000000,
      "gross_profit": 145000000,
      "operating_income": 7500000,
      "net_income": -61900000,
      "opex": 489500000,
      "cogs": 352000000,
      "rd": 6500000,
      "sga": 91900000,
      "fcf": 25200000,
      "ocf": 32000000,
      "capex": -6800000,
      "gross_margin": 0.2917505030181087,
      "op_margin": 0.015090543259557344,
      "fcf_margin": 0.05070422535211268,
      "incr_op_margin_yoy": 0.7592592592592593,
      "rev_growth_yoy": 0.06973740852346104,
      "rev_growth_yoy_accel": 0.06680116691272278,
      "op_leverage_ratio": 0.5120970592923079,
      "fcf_margin_change": 0.0632512767950236
    },
    {
      "date": "2024-12-31T00:00:00",
      "quarter_label": "2024-12 (Q4)",
      "revenue": 545400000,
      "gross_profit": 175000000,
      "operating_income": 48600000,
      "net_income": 30000000,
      "opex": 496800000,
      "cogs": 370400000,
      "rd": 7700000,
      "sga": 118700000,
      "fcf": 82800000,
      "ocf": 76600000,
      "capex": 6200000,
      "gross_margin": 0.32086541987532086,
      "op_margin": 0.0891089108910891,
      "fcf_margin": 0.15181518151815182,
      "incr_op_margin_yoy": -0.3770491803278688,
      "rev_growth_yoy": -0.02187948350071736,
      "rev_growth_yoy_accel": -0.0916168920241784,
      "op_leverage_ratio": 6.530084617292798,
      "fcf_margin_change": 0.10111095616603914
    },
    {
      "date": "2025-03-31T00:00:00",
      "quarter_label": "2025-03 (Q1)",
      "revenue": 432100000,
      "gross_profit": 107500000,
      "operating_income": 5100000,
      "net_income": -29500000,
      "opex": 427000000,
      "cogs": 324600000,
      "rd": 5600000,
      "sga": 96800000,
      "fcf": 24400000,
      "ocf": 33300000,
      "capex": -8900000,
      "gross_margin": 0.24878500347141866,
      "op_margin": 0.011802823420504514,
      "fcf_margin": 0.05646841009025688,
      "incr_op_margin_yoy": 0.22621184919210055,
      "rev_growth_yoy": -0.11418614186141861,
      "rev_growth_yoy_accel": -0.09230665836070125,
      "fcf_margin_change": -0.09534677142789494
    },
    {
      "date": "2025-06-30T00:00:00",
      "quarter_label": "2025-06 (Q2)",
      "revenue": 483300000,
      "gross_profit": 130000000,
      "operating_income": 30300000,
      "net_income": -20100000,
      "opex": 453000000,
      "cogs": 353300000,
      "rd": 6100000,
      "sga": 93600000,
      "fcf": -324100000,
      "ocf": -316200000,
      "capex": -7900000,
      "gross_margin": 0.26898406786674944,
      "op_margin": 0.06269397889509622,
      "fcf_margin": -0.6705979722739499,
      "incr_op_margin_yoy": 1.3137254901960784,
      "rev_growth_yoy": 0.01066499372647428,
      "rev_growth_yoy_accel": 0.12485113558789289,
      "op_leverage_ratio": 1.9459882861873143,
      "fcf_margin_change": -0.7270663823642067
    },
    {
      "date": "2025-09-30T00:00:00",
      "quarter_label": "2025-09 (Q3)",
      "revenue": 460200000,
      "gross_profit": 117200000,
      "operating_income": -33500000,
      "net_income": -308900000,
      "opex": 493700000,
      "cogs": 343000000,
      "rd": 4800000,
      "sga": 90900000,
      "fcf": 32400000,
      "ocf": 38000000,
      "capex": -5600000,
      "gross_margin": 0.25467188179052586,
      "op_margin": -0.07279443720121687,
      "fcf_margin": 0.07040417209908735,
      "incr_op_margin_yoy": 1.1141304347826086,
      "rev_growth_yoy": -0.07404426559356136,
      "rev_growth_yoy_accel": -0.08470925932003565,
      "fcf_margin_change": 0.7410021443730372
    }
  ],
  "signals": [
    {
      "quarter": "2025-09 (Q3)",
      "signal": "FCF TURNED POSITIVE",
      "detail": "FCF margin: -67.1% -> +7.0%",
      "severity": "HIGH"
    },
    {
      "quarter": "2025-09 (Q3)",
      "signal": "YoY REVENUE GROWTH DECELERATION",
      "detail": "YoY growth: -7.4% vs prior quarter YoY: +1.1% (decel: -8.5%)",
      "severity": "WARNING"
    },
    {
      "quarter": "2025-06 (Q2)",
      "signal": "OPERATING LEVERAGE",
      "detail": "Rev growth +11.8% vs OpEx growth +6.1% (leverage: 1.9x)",
      "severity": "MEDIUM"
    },
    {
      "quarter": "2025-06 (Q2)",
      "signal": "GROSS MARGIN INFLECTION",
      "detail": "GM: +32.1% -> +24.9% -> +26.9% (reversal +2.0%)",
      "severity": "MEDIUM"
    },
    {
      "quarter": "2025-06 (Q2)",
      "signal": "YoY REVENUE GROWTH ACCELERATION",
      "detail": "YoY growth: +1.1% vs prior quarter YoY: -11.4% (accel: +12.5%)",
      "severity": "MEDIUM"
    },
    {
      "quarter": "2025-06 (Q2)",
      "signal": "INCREMENTAL MARGIN (YoY)",
      "detail": "YoY Incr OPM: +131.4% vs year-ago OPM: +4.9%",
      "severity": "HIGH"
    },
    {
      "quarter": "2025-03 (Q1)",
      "signal": "YoY REVENUE GROWTH DECELERATION",
      "detail": "YoY growth: -11.4% vs prior quarter YoY: -2.2% (decel: -9.2%)",
      "severity": "WARNING"
    },
    {
      "quarter": "2025-03 (Q1)",
      "signal": "INCREMENTAL MARGIN (YoY)",
      "detail": "YoY Incr OPM: +22.6% vs year-ago OPM: +3.6%",
      "severity": "MEDIUM"
    },
    {
      "quarter": "2024-12 (Q4)",
      "signal": "FCF MARGIN EXPANSION",
      "detail": "FCF margin: +5.1% -> +15.2% (+10.1%)",
      "severity": "MEDIUM"
    },
    {
      "quarter": "2024-12 (Q4)",
      "signal": "OPERATING LEVERAGE",
      "detail": "Rev growth +9.7% vs OpEx growth +1.5% (leverage: 6.5x)",
      "severity": "MEDIUM"
    },
    {
      "quarter": "2024-12 (Q4)",
      "signal": "YoY REVENUE GROWTH DECELERATION",
      "detail": "YoY growth: -2.2% vs prior quarter YoY: +7.0% (decel: -9.2%)",
      "severity": "WARNING"
    },
    {
      "quarter": "2024-09 (Q3)",
      "signal": "FCF TURNED POSITIVE",
      "detail": "FCF margin: -1.3% -> +5.1%",
      "severity": "HIGH"
    },
    {
      "quarter": "2024-09 (Q3)",
      "signal": "GROSS MARGIN INFLECTION",
      "detail": "GM: +27.9% -> +27.2% -> +29.2% (reversal +2.0%)",
      "severity": "MEDIUM"
    },
    {
      "quarter": "2024-09 (Q3)",
      "signal": "YoY REVENUE GROWTH ACCELERATION",
      "detail": "YoY growth: +7.0% vs prior quarter YoY: +0.3% (accel: +6.7%)",
      "severity": "MEDIUM"
    },
    {
      "quarter": "2024-09 (Q3)",
      "signal": "OP MARGIN TURNED POSITIVE (YoY)",
      "detail": "Op margin: -3.7% (year-ago) -> +1.5%",
      "severity": "HIGH"
    },
    {
      "quarter": "2024-06 (Q2)",
      "signal": "YoY REVENUE GROWTH ACCELERATION",
      "detail": "YoY growth: +0.3% vs prior quarter YoY: -5.5% (accel: +5.8%)",
      "severity": "MEDIUM"
    },
    {
      "quarter": "2024-06 (Q2)",
      "signal": "INCREMENTAL MARGIN (YoY)",
      "detail": "YoY Incr OPM: +1678.6% vs year-ago OPM: +0.0%",
      "severity": "HIGH"
    },
    {
      "quarter": "2024-03 (Q1)",
      "signal": "YoY REVENUE GROWTH DECELERATION",
      "detail": "YoY growth: -5.5% vs prior quarter YoY: +0.1% (decel: -5.6%)",
      "severity": "WARNING"
    },
    {
      "quarter": "2024-03 (Q1)",
      "signal": "INCREMENTAL MARGIN (YoY)",
      "detail": "YoY Incr OPM: +112.6% vs year-ago OPM: +9.7%",
      "severity": "HIGH"
    },
    {
      "quarter": "2023-12 (Q4)",
      "signal": "FCF TURNED POSITIVE",
      "detail": "FCF margin: -1.6% -> +3.1%",
      "severity": "HIGH"
    },
    {
      "quarter": "2023-12 (Q4)",
      "signal": "OPERATING LEVERAGE",
      "detail": "Rev growth +20.0% vs OpEx growth +6.6% (leverage: 3.0x)",
      "severity": "MEDIUM"
    },
    {
      "quarter": "2023-12 (Q4)",
      "signal": "GROSS MARGIN INFLECTION",
      "detail": "GM: +24.3% -> +20.5% -> +32.5% (reversal +12.0%)",
      "severity": "HIGH"
    },
    {
      "quarter": "2023-12 (Q4)",
      "signal": "OP MARGIN TURNED POSITIVE (QoQ)",
      "detail": "Op margin: -3.7% -> +7.9%",
      "severity": "HIGH"
    },
    {
      "quarter": "2023-09 (Q3)",
      "signal": "YoY REVENUE GROWTH ACCELERATION",
      "detail": "YoY growth: +0.7% vs prior quarter YoY: -7.4% (accel: +8.2%)",
      "severity": "MEDIUM"
    },
    {
      "quarter": "2023-06 (Q2)",
      "signal": "FCF MARGIN EXPANSION",
      "detail": "FCF margin: +1.1% -> +7.9% (+6.9%)",
      "severity": "MEDIUM"
    },
    {
      "quarter": "2023-06 (Q2)",
      "signal": "YoY REVENUE GROWTH DECELERATION",
      "detail": "YoY growth: -7.4% vs prior quarter YoY: +15.6% (decel: -23.0%)",
      "severity": "WARNING"
    },
    {
      "quarter": "2023-06 (Q2)",
      "signal": "INCREMENTAL MARGIN (YoY)",
      "detail": "YoY Incr OPM: +88.0% vs year-ago OPM: +6.5%",
      "severity": "HIGH"
    },
    {
      "quarter": "2023-03 (Q1)",
      "signal": "YoY REVENUE GROWTH ACCELERATION",
      "detail": "YoY growth: +15.6% vs prior quarter YoY: +3.3% (accel: +12.3%)",
      "severity": "MEDIUM"
    },
    {
      "quarter": "2023-03 (Q1)",
      "signal": "OP MARGIN TURNED POSITIVE (YoY)",
      "detail": "Op margin: -5.3% (year-ago) -> +9.7%",
      "severity": "HIGH"
    },
    {
      "quarter": "2022-12 (Q4)",
      "signal": "OPERATING LEVERAGE",
      "detail": "Rev growth +20.8% vs OpEx growth +8.1% (leverage: 2.6x)",
      "severity": "MEDIUM"
    },
    {
      "quarter": "2022-12 (Q4)",
      "signal": "GROSS MARGIN INFLECTION",
      "detail": "GM: +28.8% -> +22.6% -> +34.1% (reversal +11.5%)",
      "severity": "HIGH"
    },
    {
      "quarter": "2022-12 (Q4)",
      "signal": "YoY REVENUE GROWTH ACCELERATION",
      "detail": "YoY growth: +3.3% vs prior quarter YoY: -5.5% (accel: +8.8%)",
      "severity": "MEDIUM"
    },
    {
      "quarter": "2022-12 (Q4)",
      "signal": "INCREMENTAL MARGIN (YoY)",
      "detail": "YoY Incr OPM: +31.1% vs year-ago OPM: +8.3%",
      "severity": "HIGH"
    },
    {
      "quarter": "2022-12 (Q4)",
      "signal": "OP MARGIN TURNED POSITIVE (QoQ)",
      "detail": "Op margin: -1.7% -> +9.0%",
      "severity": "HIGH"
    },
    {
      "quarter": "2022-09 (Q3)",
      "signal": "FCF TURNED POSITIVE",
      "detail": "FCF margin: -8.3% -> +8.0%",
      "severity": "HIGH"
    },
    {
      "quarter": "2022-09 (Q3)",
      "signal": "YoY REVENUE GROWTH DECELERATION",
      "detail": "YoY growth: -5.5% vs prior quarter YoY: -0.4% (decel: -5.0%)",
      "severity": "WARNING"
    },
    {
      "quarter": "2022-06 (Q2)",
      "signal": "OPERATING LEVERAGE",
      "detail": "Rev growth +15.3% vs OpEx growth +2.4% (leverage: 6.5x)",
      "severity": "MEDIUM"
    },
    {
      "quarter": "2022-06 (Q2)",
      "signal": "GROSS MARGIN INFLECTION",
      "detail": "GM: +30.4% -> +19.6% -> +28.8% (reversal +9.2%)",
      "severity": "HIGH"
    },
    {
      "quarter": "2022-06 (Q2)",
      "signal": "YoY REVENUE GROWTH ACCELERATION",
      "detail": "YoY growth: -0.4% vs prior quarter YoY: -12.4% (accel: +11.9%)",
      "severity": "MEDIUM"
    },
    {
      "quarter": "2022-06 (Q2)",
      "signal": "INCREMENTAL MARGIN (YoY)",
      "detail": "YoY Incr OPM: +308.7% vs year-ago OPM: +7.9%",
      "severity": "HIGH"
    },
    {
      "quarter": "2022-06 (Q2)",
      "signal": "OP MARGIN TURNED POSITIVE (QoQ)",
      "detail": "Op margin: -5.3% -> +6.5%",
      "severity": "HIGH"
    },
    {
      "quarter": "2022-03 (Q1)",
      "signal": "YoY REVENUE GROWTH DECELERATION",
      "detail": "YoY growth: -12.4% vs prior quarter YoY: -6.5% (decel: -5.9%)",
      "severity": "WARNING"
    },
    {
      "quarter": "2021-12 (Q4)",
      "signal": "OPERATING LEVERAGE",
      "detail": "Rev growth +10.5% vs OpEx growth +6.9% (leverage: 1.5x)",
      "severity": "MEDIUM"
    },
    {
      "quarter": "2021-12 (Q4)",
      "signal": "GROSS MARGIN INFLECTION",
      "detail": "GM: +27.5% -> +26.0% -> +30.4% (reversal +4.4%)",
      "severity": "MEDIUM"
    },
    {
      "quarter": "2021-09 (Q3)",
      "signal": "FCF MARGIN EXPANSION",
      "detail": "FCF margin: +6.8% -> +11.8% (+5.1%)",
      "severity": "MEDIUM"
    },
    {
      "quarter": "2021-06 (Q2)",
      "signal": "FCF TURNED POSITIVE",
      "detail": "FCF margin: -9.4% -> +6.8%",
      "severity": "HIGH"
    },
    {
      "quarter": "2021-03 (Q1)",
      "signal": "FCF MARGIN EXPANSION",
      "detail": "FCF margin: -63.5% -> -9.4% (+54.1%)",
      "severity": "MEDIUM"
    }
  ],
  "data_quality": {
    "n_quarters": 20,
    "coverage": {
      "revenue": [
        20,
        20
      ],
      "gross_profit": [
        20,
        20
      ],
      "op_income": [
        20,
        20
      ],
      "fcf": [
        20,
        20
      ]
    },
    "gaps": [],
    "warnings": []
  },
  "market_cap": null,
  "source": "SEC EDGAR",
  "last_updated": "2026-02-02T23:01:14.896271"
}