{
  "ticker": "ULBI",
  "name": "ULTRALIFE CORPORATION",
  "quarters": [
    {
      "date": "2020-12-31T00:00:00",
      "quarter_label": "2020-12 (Q4)",
      "revenue": 28976000,
      "gross_profit": 7351000,
      "operating_income": 1215000,
      "net_income": 2108000,
      "opex": 6136000,
      "cogs": 21625000,
      "rd": 1518000,
      "sga": 4618000,
      "fcf": -970000,
      "ocf": 229000,
      "capex": -1199000,
      "gross_margin": 0.25369271120927667,
      "op_margin": 0.041931253451131974,
      "fcf_margin": -0.03347598012147984
    },
    {
      "date": "2021-03-31T00:00:00",
      "quarter_label": "2021-03 (Q1)",
      "revenue": 25973000,
      "gross_profit": 6978000,
      "operating_income": 952000,
      "net_income": 671000,
      "opex": 6026000,
      "cogs": 18995000,
      "rd": 1647000,
      "sga": 4379000,
      "fcf": 3414000,
      "ocf": 3903000,
      "capex": -489000,
      "gross_margin": 0.2686636122126824,
      "op_margin": 0.03665344781118854,
      "fcf_margin": 0.1314441920455858,
      "fcf_margin_change": 0.16492017216706564
    },
    {
      "date": "2021-06-30T00:00:00",
      "quarter_label": "2021-06 (Q2)",
      "revenue": 26770000,
      "gross_profit": 7267000,
      "operating_income": 1091000,
      "net_income": 811000,
      "opex": 6176000,
      "cogs": 19503000,
      "rd": 1853000,
      "sga": 4323000,
      "fcf": 2316000,
      "ocf": 3052000,
      "capex": -736000,
      "gross_margin": 0.2714605902129249,
      "op_margin": 0.04075457601793052,
      "fcf_margin": 0.0865147553231229,
      "op_leverage_ratio": 1.232747340186604,
      "fcf_margin_change": -0.0449294367224629
    },
    {
      "date": "2021-09-30T00:00:00",
      "quarter_label": "2021-09 (Q3)",
      "revenue": 21761000,
      "gross_profit": 5108000,
      "operating_income": -779000,
      "net_income": -585000,
      "opex": 5887000,
      "cogs": 16653000,
      "rd": 1723000,
      "sga": 4164000,
      "fcf": 408000,
      "ocf": 1507000,
      "capex": -1099000,
      "gross_margin": 0.23473185974909241,
      "op_margin": -0.0357979872248518,
      "fcf_margin": 0.018749138366802996,
      "fcf_margin_change": -0.06776561695631991
    },
    {
      "date": "2021-12-31T00:00:00",
      "quarter_label": "2021-12 (Q4)",
      "revenue": 23763000,
      "gross_profit": 5289000,
      "operating_income": -1229000,
      "net_income": -1131000,
      "opex": 6518000,
      "cogs": 18474000,
      "rd": 1603000,
      "sga": 4915000,
      "fcf": -4627000,
      "ocf": -4137000,
      "capex": -490000,
      "gross_margin": 0.22257290746117914,
      "op_margin": -0.05171905904136683,
      "fcf_margin": -0.19471447207844128,
      "incr_op_margin_yoy": 0.4688279301745636,
      "rev_growth_yoy": -0.1799075096631695,
      "op_leverage_ratio": 0.8583213211439562,
      "fcf_margin_change": -0.21346361044524428
    },
    {
      "date": "2022-03-31T00:00:00",
      "quarter_label": "2022-03 (Q1)",
      "revenue": 30373000,
      "gross_profit": 6958000,
      "operating_income": -295000,
      "net_income": -168000,
      "opex": 7253000,
      "cogs": 23415000,
      "rd": 1857000,
      "sga": 5396000,
      "fcf": -3593000,
      "ocf": -3222000,
      "capex": -371000,
      "gross_margin": 0.2290850426365522,
      "op_margin": -0.00971257366740197,
      "fcf_margin": -0.11829585487110263,
      "incr_op_margin_yoy": -0.2834090909090909,
      "rev_growth_yoy": 0.16940669156431679,
      "rev_growth_yoy_accel": 0.3493142012274863,
      "op_leverage_ratio": 2.466761766777999,
      "fcf_margin_change": 0.07641861720733865
    },
    {
      "date": "2022-06-30T00:00:00",
      "quarter_label": "2022-06 (Q2)",
      "revenue": 32126000,
      "gross_profit": 7646000,
      "operating_income": 793000,
      "net_income": 512000,
      "opex": 6853000,
      "cogs": 24480000,
      "rd": 1672000,
      "sga": 5181000,
      "fcf": -392000,
      "ocf": -178000,
      "capex": -214000,
      "gross_margin": 0.23800037352922868,
      "op_margin": 0.02468405652742327,
      "fcf_margin": -0.012201954802963332,
      "incr_op_margin_yoy": -0.05563853622106049,
      "rev_growth_yoy": 0.2000747104968248,
      "rev_growth_yoy_accel": 0.030668018932508007,
      "op_leverage_ratio": Infinity,
      "fcf_margin_change": 0.10609390006813929
    },
    {
      "date": "2022-09-30T00:00:00",
      "quarter_label": "2022-09 (Q3)",
      "revenue": 33234000,
      "gross_profit": 6715000,
      "operating_income": -586000,
      "net_income": -239000,
      "opex": 7301000,
      "cogs": 26519000,
      "rd": 1896000,
      "sga": 5405000,
      "fcf": -1238000,
      "ocf": -427000,
      "capex": -811000,
      "gross_margin": 0.20205211530360473,
      "op_margin": -0.017632544984052475,
      "fcf_margin": -0.03725100800385148,
      "incr_op_margin_yoy": 0.016822104070426218,
      "rev_growth_yoy": 0.5272276090253205,
      "rev_growth_yoy_accel": 0.3271528985284957,
      "op_leverage_ratio": 0.5275769625848222,
      "fcf_margin_change": -0.025049053200888145
    },
    {
      "date": "2022-12-31T00:00:00",
      "quarter_label": "2022-12 (Q4)",
      "revenue": 36107000,
      "gross_profit": 8081000,
      "operating_income": 217000,
      "net_income": -224000,
      "opex": 7864000,
      "cogs": 28026000,
      "rd": 1656000,
      "sga": 6208000,
      "fcf": 2281000,
      "ocf": 2564000,
      "capex": -283000,
      "gross_margin": 0.22380701802974493,
      "op_margin": 0.006009914974935608,
      "fcf_margin": 0.06317334588860886,
      "incr_op_margin_yoy": 0.11714193130265717,
      "rev_growth_yoy": 0.5194630307621092,
      "rev_growth_yoy_accel": -0.007764578263211308,
      "op_leverage_ratio": 1.121055113688169,
      "fcf_margin_change": 0.10042435389246034
    },
    {
      "date": "2023-03-31T00:00:00",
      "quarter_label": "2023-03 (Q1)",
      "revenue": 31916000,
      "gross_profit": 7436000,
      "operating_income": 26000,
      "net_income": -346000,
      "opex": 7410000,
      "cogs": 24480000,
      "rd": 2032000,
      "sga": 5378000,
      "fcf": -1862000,
      "ocf": -1365000,
      "capex": -497000,
      "gross_margin": 0.23298658979822032,
      "op_margin": 0.0008146384258679032,
      "fcf_margin": -0.05834064419100138,
      "incr_op_margin_yoy": 0.20803629293583928,
      "rev_growth_yoy": 0.050801698877292335,
      "rev_growth_yoy_accel": -0.46866133188481685,
      "fcf_margin_change": -0.12151399007961024
    },
    {
      "date": "2023-06-30T00:00:00",
      "quarter_label": "2023-06 (Q2)",
      "revenue": 42692000,
      "gross_profit": 10588000,
      "operating_income": 3665000,
      "net_income": 3340000,
      "opex": 6923000,
      "cogs": 32104000,
      "rd": 1778000,
      "sga": 5145000,
      "fcf": 1235000,
      "ocf": 1751000,
      "capex": -516000,
      "gross_margin": 0.24800899465942097,
      "op_margin": 0.0858474655673194,
      "fcf_margin": 0.02892813641900122,
      "incr_op_margin_yoy": 0.2718152564830589,
      "rev_growth_yoy": 0.32889248583701675,
      "rev_growth_yoy_accel": 0.2780907869597244,
      "op_leverage_ratio": Infinity,
      "fcf_margin_change": 0.0872687806100026
    },
    {
      "date": "2023-09-30T00:00:00",
      "quarter_label": "2023-09 (Q3)",
      "revenue": 39488000,
      "gross_profit": 9774000,
      "operating_income": 2135000,
      "net_income": 1330000,
      "opex": 7639000,
      "cogs": 29714000,
      "rd": 1869000,
      "sga": 5770000,
      "fcf": -1423000,
      "ocf": -889000,
      "capex": -534000,
      "gross_margin": 0.24751823338735818,
      "op_margin": 0.054067058346839544,
      "fcf_margin": -0.0360362641815235,
      "incr_op_margin_yoy": 0.435081547809402,
      "rev_growth_yoy": 0.18818077872058736,
      "rev_growth_yoy_accel": -0.14071170711642939,
      "fcf_margin_change": -0.06496440060052472
    },
    {
      "date": "2023-12-31T00:00:00",
      "quarter_label": "2023-12 (Q4)",
      "revenue": 44548000,
      "gross_profit": 11402000,
      "operating_income": 3649000,
      "net_income": 2873000,
      "opex": 7753000,
      "cogs": 33146000,
      "rd": 1852000,
      "sga": 5901000,
      "fcf": 1427000,
      "ocf": 2432000,
      "capex": -1005000,
      "gross_margin": 0.2559486396695699,
      "op_margin": 0.08191164586513423,
      "fcf_margin": 0.032032863428212266,
      "incr_op_margin_yoy": 0.4065868972870513,
      "rev_growth_yoy": 0.23377738388678096,
      "rev_growth_yoy_accel": 0.0455966051661936,
      "op_leverage_ratio": 8.586517067587932,
      "fcf_margin_change": 0.06806912760973577
    },
    {
      "date": "2024-03-31T00:00:00",
      "quarter_label": "2024-03 (Q1)",
      "revenue": 41927000,
      "gross_profit": 11470000,
      "operating_income": 4063000,
      "net_income": 2891000,
      "opex": 7407000,
      "cogs": 30457000,
      "rd": 1756000,
      "sga": 5651000,
      "fcf": -453000,
      "ocf": -81000,
      "capex": -372000,
      "gross_margin": 0.2735707300784697,
      "op_margin": 0.09690652801297493,
      "fcf_margin": -0.01080449352445918,
      "incr_op_margin_yoy": 0.40325641794026573,
      "rev_growth_yoy": 0.3136671262062915,
      "rev_growth_yoy_accel": 0.07988974231951054,
      "fcf_margin_change": -0.04283735695267145
    },
    {
      "date": "2024-06-30T00:00:00",
      "quarter_label": "2024-06 (Q2)",
      "revenue": 42983000,
      "gross_profit": 11563000,
      "operating_income": 3917000,
      "net_income": 2969000,
      "opex": 7646000,
      "cogs": 31420000,
      "rd": 1997000,
      "sga": 5649000,
      "fcf": 8565000,
      "ocf": 8925000,
      "capex": -360000,
      "gross_margin": 0.26901333085173207,
      "op_margin": 0.09112905102017077,
      "fcf_margin": 0.19926482562873693,
      "rev_growth_yoy": 0.006816265342452919,
      "rev_growth_yoy_accel": -0.30685086086383856,
      "op_leverage_ratio": 0.7805748844400103,
      "fcf_margin_change": 0.2100693191531961
    },
    {
      "date": "2024-09-30T00:00:00",
      "quarter_label": "2024-09 (Q3)",
      "revenue": 35694000,
      "gross_profit": 8682000,
      "operating_income": 511000,
      "net_income": 258000,
      "opex": 8171000,
      "cogs": 27012000,
      "rd": 2101000,
      "sga": 6070000,
      "fcf": 4152000,
      "ocf": 4746000,
      "capex": -594000,
      "gross_margin": 0.24323415700117668,
      "op_margin": 0.01431613156272763,
      "fcf_margin": 0.11632207093629181,
      "incr_op_margin_yoy": 0.4280442804428044,
      "rev_growth_yoy": -0.09607982171799027,
      "rev_growth_yoy_accel": -0.10289608706044319,
      "fcf_margin_change": -0.08294275469244512
    },
    {
      "date": "2024-12-31T00:00:00",
      "quarter_label": "2024-12 (Q4)",
      "revenue": 43852000,
      "gross_profit": 10599000,
      "operating_income": 1474000,
      "net_income": 194000,
      "opex": 9125000,
      "cogs": 33253000,
      "rd": 2414000,
      "sga": 6711000,
      "fcf": 2440000,
      "ocf": 3046000,
      "capex": -606000,
      "gross_margin": 0.2416993523670528,
      "op_margin": 0.03361306211803339,
      "fcf_margin": 0.055641703913162456,
      "rev_growth_yoy": -0.015623597018945857,
      "rev_growth_yoy_accel": 0.08045622469904441,
      "op_leverage_ratio": 1.9575610603006994,
      "fcf_margin_change": -0.06068036702312935
    },
    {
      "date": "2025-03-31T00:00:00",
      "quarter_label": "2025-03 (Q1)",
      "revenue": 50746000,
      "gross_profit": 12745000,
      "operating_income": 3399000,
      "net_income": 1865000,
      "opex": 9346000,
      "cogs": 38001000,
      "rd": 2404000,
      "sga": 6942000,
      "fcf": 2473000,
      "ocf": 3368000,
      "capex": -895000,
      "gross_margin": 0.2511528002207071,
      "op_margin": 0.06698064872108146,
      "fcf_margin": 0.04873290505655618,
      "incr_op_margin_yoy": -0.07529198321805193,
      "rev_growth_yoy": 0.21034178453025495,
      "rev_growth_yoy_accel": 0.22596538154920082,
      "op_leverage_ratio": 6.491162375460361,
      "fcf_margin_change": -0.006908798856606273
    },
    {
      "date": "2025-06-30T00:00:00",
      "quarter_label": "2025-06 (Q2)",
      "revenue": 48561000,
      "gross_profit": 11601000,
      "operating_income": 2256000,
      "net_income": 879000,
      "opex": 9345000,
      "cogs": 36960000,
      "rd": 2318000,
      "sga": 7027000,
      "fcf": 4835000,
      "ocf": 5935000,
      "capex": -1100000,
      "gross_margin": 0.23889540989683078,
      "op_margin": 0.046457033421881753,
      "fcf_margin": 0.09956549494450279,
      "incr_op_margin_yoy": -0.297776980996773,
      "rev_growth_yoy": 0.12977223553497894,
      "rev_growth_yoy_accel": -0.08056954899527602,
      "fcf_margin_change": 0.0508325898879466
    },
    {
      "date": "2025-09-30T00:00:00",
      "quarter_label": "2025-09 (Q3)",
      "revenue": 43371000,
      "gross_profit": 9619000,
      "operating_income": -951000,
      "net_income": -1220000,
      "opex": 10570000,
      "cogs": 33752000,
      "rd": 2855000,
      "sga": 7715000,
      "fcf": -797000,
      "ocf": 198000,
      "capex": -995000,
      "gross_margin": 0.22178414147702383,
      "op_margin": -0.021927094141246457,
      "fcf_margin": -0.018376334417006757,
      "incr_op_margin_yoy": -0.19043897355737918,
      "rev_growth_yoy": 0.2150781643973777,
      "rev_growth_yoy_accel": 0.08530592886239877,
      "fcf_margin_change": -0.11794182936150954
    }
  ],
  "signals": [
    {
      "quarter": "2025-09 (Q3)",
      "signal": "YoY REVENUE GROWTH ACCELERATION",
      "detail": "YoY growth: +21.5% vs prior quarter YoY: +13.0% (accel: +8.5%)",
      "severity": "MEDIUM"
    },
    {
      "quarter": "2025-06 (Q2)",
      "signal": "FCF MARGIN EXPANSION",
      "detail": "FCF margin: +4.9% -> +10.0% (+5.1%)",
      "severity": "MEDIUM"
    },
    {
      "quarter": "2025-06 (Q2)",
      "signal": "YoY REVENUE GROWTH DECELERATION",
      "detail": "YoY growth: +13.0% vs prior quarter YoY: +21.0% (decel: -8.1%)",
      "severity": "WARNING"
    },
    {
      "quarter": "2025-03 (Q1)",
      "signal": "OPERATING LEVERAGE",
      "detail": "Rev growth +15.7% vs OpEx growth +2.4% (leverage: 6.5x)",
      "severity": "MEDIUM"
    },
    {
      "quarter": "2025-03 (Q1)",
      "signal": "YoY REVENUE GROWTH ACCELERATION",
      "detail": "YoY growth: +21.0% vs prior quarter YoY: -1.6% (accel: +22.6%)",
      "severity": "HIGH"
    },
    {
      "quarter": "2024-12 (Q4)",
      "signal": "OPERATING LEVERAGE",
      "detail": "Rev growth +22.9% vs OpEx growth +11.7% (leverage: 2.0x)",
      "severity": "MEDIUM"
    },
    {
      "quarter": "2024-12 (Q4)",
      "signal": "YoY REVENUE GROWTH ACCELERATION",
      "detail": "YoY growth: -1.6% vs prior quarter YoY: -9.6% (accel: +8.0%)",
      "severity": "MEDIUM"
    },
    {
      "quarter": "2024-09 (Q3)",
      "signal": "YoY REVENUE GROWTH DECELERATION",
      "detail": "YoY growth: -9.6% vs prior quarter YoY: +0.7% (decel: -10.3%)",
      "severity": "WARNING"
    },
    {
      "quarter": "2024-09 (Q3)",
      "signal": "INCREMENTAL MARGIN (YoY)",
      "detail": "YoY Incr OPM: +42.8% vs year-ago OPM: +5.4%",
      "severity": "HIGH"
    },
    {
      "quarter": "2024-06 (Q2)",
      "signal": "FCF TURNED POSITIVE",
      "detail": "FCF margin: -1.1% -> +19.9%",
      "severity": "HIGH"
    },
    {
      "quarter": "2024-06 (Q2)",
      "signal": "YoY REVENUE GROWTH DECELERATION",
      "detail": "YoY growth: +0.7% vs prior quarter YoY: +31.4% (decel: -30.7%)",
      "severity": "WARNING"
    },
    {
      "quarter": "2024-03 (Q1)",
      "signal": "YoY REVENUE GROWTH ACCELERATION",
      "detail": "YoY growth: +31.4% vs prior quarter YoY: +23.4% (accel: +8.0%)",
      "severity": "MEDIUM"
    },
    {
      "quarter": "2024-03 (Q1)",
      "signal": "INCREMENTAL MARGIN (YoY)",
      "detail": "YoY Incr OPM: +40.3% vs year-ago OPM: +0.1%",
      "severity": "HIGH"
    },
    {
      "quarter": "2023-12 (Q4)",
      "signal": "FCF TURNED POSITIVE",
      "detail": "FCF margin: -3.6% -> +3.2%",
      "severity": "HIGH"
    },
    {
      "quarter": "2023-12 (Q4)",
      "signal": "OPERATING LEVERAGE",
      "detail": "Rev growth +12.8% vs OpEx growth +1.5% (leverage: 8.6x)",
      "severity": "MEDIUM"
    },
    {
      "quarter": "2023-12 (Q4)",
      "signal": "INCREMENTAL MARGIN (YoY)",
      "detail": "YoY Incr OPM: +40.7% vs year-ago OPM: +0.6%",
      "severity": "HIGH"
    },
    {
      "quarter": "2023-09 (Q3)",
      "signal": "YoY REVENUE GROWTH DECELERATION",
      "detail": "YoY growth: +18.8% vs prior quarter YoY: +32.9% (decel: -14.1%)",
      "severity": "WARNING"
    },
    {
      "quarter": "2023-09 (Q3)",
      "signal": "OP MARGIN TURNED POSITIVE (YoY)",
      "detail": "Op margin: -1.8% (year-ago) -> +5.4%",
      "severity": "HIGH"
    },
    {
      "quarter": "2023-06 (Q2)",
      "signal": "FCF TURNED POSITIVE",
      "detail": "FCF margin: -5.8% -> +2.9%",
      "severity": "HIGH"
    },
    {
      "quarter": "2023-06 (Q2)",
      "signal": "YoY REVENUE GROWTH ACCELERATION",
      "detail": "YoY growth: +32.9% vs prior quarter YoY: +5.1% (accel: +27.8%)",
      "severity": "HIGH"
    },
    {
      "quarter": "2023-06 (Q2)",
      "signal": "INCREMENTAL MARGIN (YoY)",
      "detail": "YoY Incr OPM: +27.2% vs year-ago OPM: +2.5%",
      "severity": "HIGH"
    },
    {
      "quarter": "2023-03 (Q1)",
      "signal": "YoY REVENUE GROWTH DECELERATION",
      "detail": "YoY growth: +5.1% vs prior quarter YoY: +51.9% (decel: -46.9%)",
      "severity": "WARNING"
    },
    {
      "quarter": "2023-03 (Q1)",
      "signal": "OP MARGIN TURNED POSITIVE (YoY)",
      "detail": "Op margin: -1.0% (year-ago) -> +0.1%",
      "severity": "HIGH"
    },
    {
      "quarter": "2022-12 (Q4)",
      "signal": "FCF TURNED POSITIVE",
      "detail": "FCF margin: -3.7% -> +6.3%",
      "severity": "HIGH"
    },
    {
      "quarter": "2022-12 (Q4)",
      "signal": "GROSS MARGIN INFLECTION",
      "detail": "GM: +23.8% -> +20.2% -> +22.4% (reversal +2.2%)",
      "severity": "MEDIUM"
    },
    {
      "quarter": "2022-12 (Q4)",
      "signal": "OP MARGIN TURNED POSITIVE (YoY)",
      "detail": "Op margin: -5.2% (year-ago) -> +0.6%",
      "severity": "HIGH"
    },
    {
      "quarter": "2022-12 (Q4)",
      "signal": "OP MARGIN TURNED POSITIVE (QoQ)",
      "detail": "Op margin: -1.8% -> +0.6%",
      "severity": "HIGH"
    },
    {
      "quarter": "2022-09 (Q3)",
      "signal": "YoY REVENUE GROWTH ACCELERATION",
      "detail": "YoY growth: +52.7% vs prior quarter YoY: +20.0% (accel: +32.7%)",
      "severity": "HIGH"
    },
    {
      "quarter": "2022-06 (Q2)",
      "signal": "FCF MARGIN EXPANSION",
      "detail": "FCF margin: -11.8% -> -1.2% (+10.6%)",
      "severity": "MEDIUM"
    },
    {
      "quarter": "2022-06 (Q2)",
      "signal": "OP MARGIN TURNED POSITIVE (QoQ)",
      "detail": "Op margin: -1.0% -> +2.5%",
      "severity": "HIGH"
    },
    {
      "quarter": "2022-03 (Q1)",
      "signal": "FCF MARGIN EXPANSION",
      "detail": "FCF margin: -19.5% -> -11.8% (+7.6%)",
      "severity": "MEDIUM"
    },
    {
      "quarter": "2022-03 (Q1)",
      "signal": "OPERATING LEVERAGE",
      "detail": "Rev growth +27.8% vs OpEx growth +11.3% (leverage: 2.5x)",
      "severity": "MEDIUM"
    },
    {
      "quarter": "2022-03 (Q1)",
      "signal": "YoY REVENUE GROWTH ACCELERATION",
      "detail": "YoY growth: +16.9% vs prior quarter YoY: -18.0% (accel: +34.9%)",
      "severity": "HIGH"
    },
    {
      "quarter": "2021-03 (Q1)",
      "signal": "FCF TURNED POSITIVE",
      "detail": "FCF margin: -3.3% -> +13.1%",
      "severity": "HIGH"
    }
  ],
  "data_quality": {
    "n_quarters": 20,
    "coverage": {
      "revenue": [
        20,
        20
      ],
      "gross_profit": [
        20,
        20
      ],
      "op_income": [
        20,
        20
      ],
      "fcf": [
        20,
        20
      ]
    },
    "gaps": [],
    "warnings": []
  },
  "market_cap": null,
  "source": "SEC EDGAR",
  "last_updated": "2026-02-02T23:19:59.360550"
}