{
  "ticker": "UNF",
  "name": "UNIFIRST CORPORATION",
  "quarters": [
    {
      "date": "2021-02-27T00:00:00",
      "quarter_label": "2021-02 (Q1)",
      "revenue": 449764000,
      "gross_profit": 160309000,
      "operating_income": 40693000,
      "net_income": 32585000,
      "opex": 409071000,
      "cogs": 289455000,
      "rd": null,
      "sga": 93329000,
      "fcf": 50256000,
      "ocf": 75275000,
      "capex": -25019000,
      "gross_margin": 0.35642914950952054,
      "op_margin": 0.09047633870207486,
      "fcf_margin": 0.111738600688361
    },
    {
      "date": "2021-05-29T00:00:00",
      "quarter_label": "2021-05 (Q2)",
      "revenue": 464323000,
      "gross_profit": 177718000,
      "operating_income": 54159000,
      "net_income": 42016000,
      "opex": 410164000,
      "cogs": 286605000,
      "rd": null,
      "sga": 96976000,
      "fcf": 29717000,
      "ocf": 59507000,
      "capex": -29790000,
      "gross_margin": 0.3827464932816165,
      "op_margin": 0.11664078669374552,
      "fcf_margin": 0.06400070640480872,
      "op_leverage_ratio": 12.115054880911703,
      "fcf_margin_change": -0.04773789428355228
    },
    {
      "date": "2021-08-28T00:00:00",
      "quarter_label": "2021-08 (Q3)",
      "revenue": 465276000,
      "gross_profit": 175861000,
      "operating_income": 44931000,
      "net_income": 34614000,
      "opex": 420345000,
      "cogs": 289415000,
      "rd": null,
      "sga": 104153000,
      "fcf": -12215000,
      "ocf": 24779000,
      "capex": -36994000,
      "gross_margin": 0.3779713546368177,
      "op_margin": 0.09656848838108993,
      "fcf_margin": -0.02625323463922489,
      "fcf_margin_change": -0.09025394104403361
    },
    {
      "date": "2021-11-27T00:00:00",
      "quarter_label": "2021-11 (Q4)",
      "revenue": 486164000,
      "gross_profit": 176034000,
      "operating_income": 44790000,
      "net_income": 33705000,
      "opex": 441374000,
      "cogs": 310130000,
      "rd": null,
      "sga": 104388000,
      "fcf": -23229000,
      "ocf": 7822000,
      "capex": -31051000,
      "gross_margin": 0.36208769057355134,
      "op_margin": 0.0921294048921763,
      "fcf_margin": -0.04778017294575493,
      "op_leverage_ratio": 0.8973739794900277,
      "fcf_margin_change": -0.02152693830653004
    },
    {
      "date": "2022-02-26T00:00:00",
      "quarter_label": "2022-02 (Q1)",
      "revenue": 486696000,
      "gross_profit": 161880000,
      "operating_income": 22613000,
      "net_income": 18451000,
      "opex": 464083000,
      "cogs": 324816000,
      "rd": null,
      "sga": 112406000,
      "fcf": 7944000,
      "ocf": 37071000,
      "capex": -29127000,
      "gross_margin": 0.3326100892548942,
      "op_margin": 0.046462268027680526,
      "fcf_margin": 0.016322303861137137,
      "incr_op_margin_yoy": -0.4895483591465396,
      "rev_growth_yoy": 0.08211417543422773,
      "fcf_margin_change": 0.06410247680689207
    },
    {
      "date": "2022-05-28T00:00:00",
      "quarter_label": "2022-05 (Q2)",
      "revenue": 511548000,
      "gross_profit": 176915000,
      "operating_income": 33697000,
      "net_income": 25067000,
      "opex": 477851000,
      "cogs": 334633000,
      "rd": null,
      "sga": 116191000,
      "fcf": 6864000,
      "ocf": 43945000,
      "capex": -37081000,
      "gross_margin": 0.34584242338939847,
      "op_margin": 0.06587260628523618,
      "fcf_margin": 0.01341809566257712,
      "incr_op_margin_yoy": -0.43328745367919536,
      "rev_growth_yoy": 0.1017072167435169,
      "rev_growth_yoy_accel": 0.01959304130928917,
      "op_leverage_ratio": 1.7211882419360898,
      "fcf_margin_change": -0.0029042081985600175
    },
    {
      "date": "2022-08-27T00:00:00",
      "quarter_label": "2022-08 (Q3)",
      "revenue": 516414000,
      "gross_profit": 179542000,
      "operating_income": 33251000,
      "net_income": 26181000,
      "opex": 483163000,
      "cogs": 336872000,
      "rd": null,
      "sga": 118258000,
      "fcf": -13249000,
      "ocf": 33811000,
      "capex": -47060000,
      "gross_margin": 0.3476706673327989,
      "op_margin": 0.06438826213077105,
      "fcf_margin": -0.025655772306715154,
      "incr_op_margin_yoy": -0.22840158003832767,
      "rev_growth_yoy": 0.10990895726407551,
      "rev_growth_yoy_accel": 0.00820174052055861,
      "fcf_margin_change": -0.03907386796929227
    },
    {
      "date": "2022-11-26T00:00:00",
      "quarter_label": "2022-11 (Q4)",
      "revenue": 541798000,
      "gross_profit": 187826000,
      "operating_income": 43418000,
      "net_income": 33957000,
      "opex": 498380000,
      "cogs": 353972000,
      "rd": null,
      "sga": 117363000,
      "fcf": -11346000,
      "ocf": 27698000,
      "capex": -39044000,
      "gross_margin": 0.34667163776905785,
      "op_margin": 0.08013687758168174,
      "fcf_margin": -0.020941384058265258,
      "incr_op_margin_yoy": -0.0246611784160765,
      "rev_growth_yoy": 0.11443463522597312,
      "rev_growth_yoy_accel": 0.004525677961897609,
      "op_leverage_ratio": 1.560726053366137,
      "fcf_margin_change": 0.004714388248449896
    },
    {
      "date": "2023-02-25T00:00:00",
      "quarter_label": "2023-02 (Q1)",
      "revenue": 542691000,
      "gross_profit": 172795000,
      "operating_income": 20710000,
      "net_income": 17810000,
      "opex": 521981000,
      "cogs": 369896000,
      "rd": null,
      "sga": 122190000,
      "fcf": 668000,
      "ocf": 36471000,
      "capex": -35803000,
      "gross_margin": 0.3184040273378405,
      "op_margin": 0.03816167948243107,
      "fcf_margin": 0.0012309030369031364,
      "incr_op_margin_yoy": -0.03398517724796857,
      "rev_growth_yoy": 0.1150512845801075,
      "rev_growth_yoy_accel": 0.0006166493541343715,
      "fcf_margin_change": 0.022172287095168393
    },
    {
      "date": "2023-05-27T00:00:00",
      "quarter_label": "2023-05 (Q2)",
      "revenue": 576668000,
      "gross_profit": 197249000,
      "operating_income": 33397000,
      "net_income": 24276000,
      "opex": 543271000,
      "cogs": 379419000,
      "rd": null,
      "sga": 132677000,
      "fcf": 29418000,
      "ocf": 78638000,
      "capex": -49220000,
      "gross_margin": 0.34204949815144936,
      "op_margin": 0.05791373892777126,
      "fcf_margin": 0.0510137548814916,
      "incr_op_margin_yoy": -0.004606879606879607,
      "rev_growth_yoy": 0.1272998819270137,
      "rev_growth_yoy_accel": 0.012248597346906198,
      "op_leverage_ratio": 1.5350108321383487,
      "fcf_margin_change": 0.049782851844588465
    },
    {
      "date": "2023-08-26T00:00:00",
      "quarter_label": "2023-08 (Q3)",
      "revenue": 571890000,
      "gross_profit": 193881000,
      "operating_income": 36078000,
      "net_income": 27631000,
      "opex": 535812000,
      "cogs": 378009000,
      "rd": null,
      "sga": 124685000,
      "fcf": 25031000,
      "ocf": 72955000,
      "capex": -47924000,
      "gross_margin": 0.3390179929706762,
      "op_margin": 0.06308555841158264,
      "fcf_margin": 0.04376890660791411,
      "incr_op_margin_yoy": 0.05095897324969356,
      "rev_growth_yoy": 0.10742543773019322,
      "rev_growth_yoy_accel": -0.019874444196820468,
      "fcf_margin_change": -0.007244848273577492
    },
    {
      "date": "2023-11-25T00:00:00",
      "quarter_label": "2023-11 (Q4)",
      "revenue": 593525000,
      "gross_profit": 209729000,
      "operating_income": 53137000,
      "net_income": 42325000,
      "opex": 540388000,
      "cogs": 383796000,
      "rd": null,
      "sga": 122859000,
      "fcf": 6620000,
      "ocf": 45670000,
      "capex": -39050000,
      "gross_margin": 0.3533616949580894,
      "op_margin": 0.08952782106903669,
      "fcf_margin": 0.011153700349606166,
      "incr_op_margin_yoy": 0.1878902700717227,
      "rev_growth_yoy": 0.09547285150554266,
      "rev_growth_yoy_accel": -0.011952586224650563,
      "op_leverage_ratio": 4.429664323375309,
      "fcf_margin_change": -0.032615206258307945
    },
    {
      "date": "2024-02-24T00:00:00",
      "quarter_label": "2024-02 (Q1)",
      "revenue": 590711000,
      "gross_profit": 194520000,
      "operating_income": 27943000,
      "net_income": 20457000,
      "opex": 562768000,
      "cogs": 396191000,
      "rd": null,
      "sga": 131417000,
      "fcf": 27203000,
      "ocf": 61055000,
      "capex": -33852000,
      "gross_margin": 0.3292980831574154,
      "op_margin": 0.04730401160635234,
      "fcf_margin": 0.04605128396119253,
      "incr_op_margin_yoy": 0.15062473969179507,
      "rev_growth_yoy": 0.08848497579653984,
      "rev_growth_yoy_accel": -0.006987875709002819,
      "fcf_margin_change": 0.03489758361158636
    },
    {
      "date": "2024-05-25T00:00:00",
      "quarter_label": "2024-05 (Q2)",
      "revenue": 603328000,
      "gross_profit": 212084000,
      "operating_income": 48450000,
      "net_income": 38057000,
      "opex": 554878000,
      "cogs": 391244000,
      "rd": null,
      "sga": 129074000,
      "fcf": 37252000,
      "ocf": 86287000,
      "capex": -49035000,
      "gross_margin": 0.351523549379442,
      "op_margin": 0.08030457727803118,
      "fcf_margin": 0.06174419221385383,
      "incr_op_margin_yoy": 0.5646286571642911,
      "rev_growth_yoy": 0.04623110698009947,
      "rev_growth_yoy_accel": -0.042253868816440374,
      "op_leverage_ratio": Infinity,
      "fcf_margin_change": 0.0156929082526613
    },
    {
      "date": "2024-08-31T00:00:00",
      "quarter_label": "2024-08 (Q3)",
      "revenue": 639867000,
      "gross_profit": 231263000,
      "operating_income": 54048000,
      "net_income": 44635000,
      "opex": 585819000,
      "cogs": 408604000,
      "rd": null,
      "sga": 139236000,
      "fcf": 63777000,
      "ocf": 102257000,
      "capex": -38480000,
      "gross_margin": 0.3614235458306179,
      "op_margin": 0.08446755341344372,
      "fcf_margin": 0.09967227564478243,
      "incr_op_margin_yoy": 0.26435411977580653,
      "rev_growth_yoy": 0.1188637675077375,
      "rev_growth_yoy_accel": 0.07263266052763803,
      "op_leverage_ratio": 1.0860913044451703,
      "fcf_margin_change": 0.0379280834309286
    },
    {
      "date": "2024-11-30T00:00:00",
      "quarter_label": "2024-11 (Q4)",
      "revenue": 604908000,
      "gross_profit": 223854000,
      "operating_income": 55531000,
      "net_income": 43105000,
      "opex": 549377000,
      "cogs": 381054000,
      "rd": null,
      "sga": 133515000,
      "fcf": 24558000,
      "ocf": 58124000,
      "capex": -33566000,
      "gross_margin": 0.3700628855958261,
      "op_margin": 0.09180073664094375,
      "fcf_margin": 0.0405979091035331,
      "incr_op_margin_yoy": 0.21031362558200825,
      "rev_growth_yoy": 0.019178636114738218,
      "rev_growth_yoy_accel": -0.09968513139299928,
      "fcf_margin_change": -0.059074366541249326
    },
    {
      "date": "2025-03-01T00:00:00",
      "quarter_label": "2025-03 (Q1)",
      "revenue": 602219000,
      "gross_profit": 208074000,
      "operating_income": 31214000,
      "net_income": 24459000,
      "opex": 571005000,
      "cogs": 394145000,
      "rd": null,
      "sga": 141914000,
      "fcf": 37660000,
      "ocf": 70180000,
      "capex": -32520000,
      "gross_margin": 0.3455121807847311,
      "op_margin": 0.05183164264163037,
      "fcf_margin": 0.06253538994950342,
      "incr_op_margin_yoy": 0.2842370524852277,
      "rev_growth_yoy": 0.0194816077574313,
      "rev_growth_yoy_accel": 0.0003029716426930819,
      "fcf_margin_change": 0.021937480845970317
    },
    {
      "date": "2025-05-31T00:00:00",
      "quarter_label": "2025-05 (Q2)",
      "revenue": 610778000,
      "gross_profit": 225589000,
      "operating_income": 48177000,
      "net_income": 39680000,
      "opex": 562601000,
      "cogs": 385189000,
      "rd": null,
      "sga": 142690000,
      "fcf": 24440000,
      "ocf": 68177000,
      "capex": -43737000,
      "gross_margin": 0.36934696403603273,
      "op_margin": 0.07887808663704325,
      "fcf_margin": 0.04001453883407719,
      "incr_op_margin_yoy": -0.03664429530201342,
      "rev_growth_yoy": 0.012348175453484671,
      "rev_growth_yoy_accel": -0.007133432303946629,
      "op_leverage_ratio": Infinity,
      "fcf_margin_change": -0.022520851115426226
    },
    {
      "date": "2025-08-30T00:00:00",
      "quarter_label": "2025-08 (Q3)",
      "revenue": 614447000,
      "gross_profit": 232435000,
      "operating_income": 49576000,
      "net_income": 41027000,
      "opex": 564871000,
      "cogs": 382012000,
      "rd": null,
      "sga": 146980000,
      "fcf": 55869000,
      "ocf": 100391000,
      "capex": -44522000,
      "gross_margin": 0.3782832367966643,
      "op_margin": 0.08068393205597879,
      "fcf_margin": 0.09092566161117233,
      "incr_op_margin_yoy": 0.17592446892210858,
      "rev_growth_yoy": -0.03972700576838624,
      "rev_growth_yoy_accel": -0.05207518122187091,
      "fcf_margin_change": 0.050911122777095134
    },
    {
      "date": "2025-11-29T00:00:00",
      "quarter_label": "2025-11 (Q4)",
      "revenue": 621318000,
      "gross_profit": 228289000,
      "operating_income": 45308000,
      "net_income": 34363000,
      "opex": 576010000,
      "cogs": 393029000,
      "rd": null,
      "sga": 147806000,
      "fcf": -24032000,
      "ocf": 14851000,
      "capex": -38883000,
      "gross_margin": 0.3674269858590931,
      "op_margin": 0.07292240044550456,
      "fcf_margin": -0.03867906611429252,
      "incr_op_margin_yoy": -0.6229737964655698,
      "rev_growth_yoy": 0.027128092205756908,
      "rev_growth_yoy_accel": 0.06685509797414314,
      "op_leverage_ratio": 0.567072511252659,
      "fcf_margin_change": -0.12960472772546483
    }
  ],
  "signals": [
    {
      "quarter": "2025-11 (Q4)",
      "signal": "YoY REVENUE GROWTH ACCELERATION",
      "detail": "YoY growth: +2.7% vs prior quarter YoY: -4.0% (accel: +6.7%)",
      "severity": "MEDIUM"
    },
    {
      "quarter": "2025-08 (Q3)",
      "signal": "FCF MARGIN EXPANSION",
      "detail": "FCF margin: +4.0% -> +9.1% (+5.1%)",
      "severity": "MEDIUM"
    },
    {
      "quarter": "2025-08 (Q3)",
      "signal": "YoY REVENUE GROWTH DECELERATION",
      "detail": "YoY growth: -4.0% vs prior quarter YoY: +1.2% (decel: -5.2%)",
      "severity": "WARNING"
    },
    {
      "quarter": "2025-05 (Q2)",
      "signal": "GROSS MARGIN INFLECTION",
      "detail": "GM: +37.0% -> +34.6% -> +36.9% (reversal +2.4%)",
      "severity": "MEDIUM"
    },
    {
      "quarter": "2025-03 (Q1)",
      "signal": "INCREMENTAL MARGIN (YoY)",
      "detail": "YoY Incr OPM: +28.4% vs year-ago OPM: +4.7%",
      "severity": "HIGH"
    },
    {
      "quarter": "2024-11 (Q4)",
      "signal": "YoY REVENUE GROWTH DECELERATION",
      "detail": "YoY growth: +1.9% vs prior quarter YoY: +11.9% (decel: -10.0%)",
      "severity": "WARNING"
    },
    {
      "quarter": "2024-11 (Q4)",
      "signal": "INCREMENTAL MARGIN (YoY)",
      "detail": "YoY Incr OPM: +21.0% vs year-ago OPM: +9.0%",
      "severity": "MEDIUM"
    },
    {
      "quarter": "2024-08 (Q3)",
      "signal": "YoY REVENUE GROWTH ACCELERATION",
      "detail": "YoY growth: +11.9% vs prior quarter YoY: +4.6% (accel: +7.3%)",
      "severity": "MEDIUM"
    },
    {
      "quarter": "2024-08 (Q3)",
      "signal": "INCREMENTAL MARGIN (YoY)",
      "detail": "YoY Incr OPM: +26.4% vs year-ago OPM: +6.3%",
      "severity": "HIGH"
    },
    {
      "quarter": "2024-05 (Q2)",
      "signal": "GROSS MARGIN INFLECTION",
      "detail": "GM: +35.3% -> +32.9% -> +35.2% (reversal +2.2%)",
      "severity": "MEDIUM"
    },
    {
      "quarter": "2024-05 (Q2)",
      "signal": "INCREMENTAL MARGIN (YoY)",
      "detail": "YoY Incr OPM: +56.5% vs year-ago OPM: +5.8%",
      "severity": "HIGH"
    },
    {
      "quarter": "2024-02 (Q1)",
      "signal": "INCREMENTAL MARGIN (YoY)",
      "detail": "YoY Incr OPM: +15.1% vs year-ago OPM: +3.8%",
      "severity": "MEDIUM"
    },
    {
      "quarter": "2023-11 (Q4)",
      "signal": "OPERATING LEVERAGE",
      "detail": "Rev growth +3.8% vs OpEx growth +0.9% (leverage: 4.4x)",
      "severity": "MEDIUM"
    },
    {
      "quarter": "2023-11 (Q4)",
      "signal": "INCREMENTAL MARGIN (YoY)",
      "detail": "YoY Incr OPM: +18.8% vs year-ago OPM: +8.0%",
      "severity": "MEDIUM"
    },
    {
      "quarter": "2023-05 (Q2)",
      "signal": "OPERATING LEVERAGE",
      "detail": "Rev growth +6.3% vs OpEx growth +4.1% (leverage: 1.5x)",
      "severity": "MEDIUM"
    },
    {
      "quarter": "2023-05 (Q2)",
      "signal": "GROSS MARGIN INFLECTION",
      "detail": "GM: +34.7% -> +31.8% -> +34.2% (reversal +2.4%)",
      "severity": "MEDIUM"
    },
    {
      "quarter": "2023-02 (Q1)",
      "signal": "FCF TURNED POSITIVE",
      "detail": "FCF margin: -2.1% -> +0.1%",
      "severity": "HIGH"
    },
    {
      "quarter": "2022-11 (Q4)",
      "signal": "OPERATING LEVERAGE",
      "detail": "Rev growth +4.9% vs OpEx growth +3.1% (leverage: 1.6x)",
      "severity": "MEDIUM"
    },
    {
      "quarter": "2022-05 (Q2)",
      "signal": "OPERATING LEVERAGE",
      "detail": "Rev growth +5.1% vs OpEx growth +3.0% (leverage: 1.7x)",
      "severity": "MEDIUM"
    },
    {
      "quarter": "2022-02 (Q1)",
      "signal": "FCF TURNED POSITIVE",
      "detail": "FCF margin: -4.8% -> +1.6%",
      "severity": "HIGH"
    },
    {
      "quarter": "2021-05 (Q2)",
      "signal": "OPERATING LEVERAGE",
      "detail": "Rev growth +3.2% vs OpEx growth +0.3% (leverage: 12.1x)",
      "severity": "MEDIUM"
    }
  ],
  "data_quality": {
    "n_quarters": 20,
    "coverage": {
      "revenue": [
        20,
        20
      ],
      "gross_profit": [
        20,
        20
      ],
      "op_income": [
        20,
        20
      ],
      "fcf": [
        20,
        20
      ]
    },
    "gaps": [],
    "warnings": []
  },
  "market_cap": null,
  "source": "SEC EDGAR",
  "last_updated": "2026-02-02T21:14:53.264066"
}