{
  "ticker": "UP",
  "name": "WHEELS UP EXPERIENCE INC.",
  "quarters": [
    {
      "date": "2020-12-31T00:00:00",
      "quarter_label": "2020-12 (Q4)",
      "revenue": 209773000,
      "gross_profit": 21630000,
      "operating_income": -29298000,
      "net_income": -31293000,
      "opex": 239071000,
      "cogs": 188143000,
      "rd": 5665000,
      "sga": null,
      "fcf": -3289045,
      "ocf": -1058045,
      "capex": -2231000,
      "gross_margin": 0.10311145857665191,
      "op_margin": -0.1396652572065995,
      "fcf_margin": -0.015679067372826816
    },
    {
      "date": "2021-03-31T00:00:00",
      "quarter_label": "2021-03 (Q1)",
      "revenue": 261657000,
      "gross_profit": 27149000,
      "operating_income": -3704849,
      "net_income": -8167283,
      "opex": 289325000,
      "cogs": 234508000,
      "rd": 7024000,
      "sga": null,
      "fcf": -86993000,
      "ocf": -84720000,
      "capex": -2273000,
      "gross_margin": 0.10375797322448854,
      "op_margin": -0.01415918167677532,
      "fcf_margin": -0.3324696071574619,
      "op_leverage_ratio": 1.176630560849031,
      "fcf_margin_change": -0.31679053978463506
    },
    {
      "date": "2021-06-30T00:00:00",
      "quarter_label": "2021-06 (Q2)",
      "revenue": 285580000,
      "gross_profit": 30392000,
      "operating_income": -468522,
      "net_income": -6726593,
      "opex": 310376000,
      "cogs": 255188000,
      "rd": 8025000,
      "sga": null,
      "fcf": -36698000,
      "ocf": -34191000,
      "capex": -2507000,
      "gross_margin": 0.10642201834862386,
      "op_margin": -0.0016405980810981161,
      "fcf_margin": -0.1285033965964003,
      "op_leverage_ratio": 1.2565984309233544,
      "fcf_margin_change": 0.20396621056106157
    },
    {
      "date": "2021-09-30T00:00:00",
      "quarter_label": "2021-09 (Q3)",
      "revenue": 301978000,
      "gross_profit": 18483000,
      "operating_income": -68572000,
      "net_income": -58485000,
      "opex": 370550000,
      "cogs": 283495000,
      "rd": 8769000,
      "sga": null,
      "fcf": -35408000,
      "ocf": -33505000,
      "capex": -1903000,
      "gross_margin": 0.06120644550265251,
      "op_margin": -0.22707614461980674,
      "fcf_margin": -0.11725357476372451,
      "op_leverage_ratio": 0.29617087126372665,
      "fcf_margin_change": 0.011249821832675796
    },
    {
      "date": "2021-12-31T00:00:00",
      "quarter_label": "2021-12 (Q4)",
      "revenue": 1194259000,
      "gross_profit": 76626000,
      "operating_income": -203278000,
      "net_income": -190020000,
      "opex": 1397537000,
      "cogs": 1117633000,
      "rd": 33579000,
      "sga": null,
      "fcf": 270355000,
      "ocf": 278906000,
      "capex": -8551000,
      "gross_margin": 0.06416196151756026,
      "op_margin": -0.17021265906306757,
      "fcf_margin": 0.22637886756557832,
      "incr_op_margin_yoy": -0.1767216598306121,
      "rev_growth_yoy": 4.693101590767163,
      "op_leverage_ratio": 1.0661252083984565,
      "fcf_margin_change": 0.34363244232930285
    },
    {
      "date": "2022-03-31T00:00:00",
      "quarter_label": "2022-03 (Q1)",
      "revenue": 325635000,
      "gross_profit": -7123000,
      "operating_income": -92718000,
      "net_income": -88653000,
      "opex": 418353000,
      "cogs": 332758000,
      "rd": 11191000,
      "sga": null,
      "fcf": -187559000,
      "ocf": -121216000,
      "capex": -66343000,
      "gross_margin": -0.021874184286087183,
      "op_margin": -0.28472983555207515,
      "fcf_margin": -0.5759792405607506,
      "incr_op_margin_yoy": -1.3913087467566976,
      "rev_growth_yoy": 0.24451094371639207,
      "rev_growth_yoy_accel": -4.448590647050771,
      "fcf_margin_change": -0.8023581081263289
    },
    {
      "date": "2022-06-30T00:00:00",
      "quarter_label": "2022-06 (Q2)",
      "revenue": 425512000,
      "gross_profit": 16614000,
      "operating_income": -94124000,
      "net_income": -92760000,
      "opex": 519636000,
      "cogs": 408898000,
      "rd": 14606000,
      "sga": null,
      "fcf": -29080000,
      "ocf": -18959000,
      "capex": -10121000,
      "gross_margin": 0.039044727293237325,
      "op_margin": -0.22120175224200492,
      "fcf_margin": -0.06834119836808362,
      "incr_op_margin_yoy": -0.6692927850670326,
      "rev_growth_yoy": 0.48999229637929825,
      "rev_growth_yoy_accel": 0.2454813526629062,
      "op_leverage_ratio": 1.266895350507337,
      "fcf_margin_change": 0.507638042192667
    },
    {
      "date": "2022-09-30T00:00:00",
      "quarter_label": "2022-09 (Q3)",
      "revenue": 420356000,
      "gross_profit": 17314000,
      "operating_income": -89662000,
      "net_income": -86838000,
      "opex": 510018000,
      "cogs": 403042000,
      "rd": 16639000,
      "sga": null,
      "fcf": -151741000,
      "ocf": -148166000,
      "capex": -3575000,
      "gross_margin": 0.04118889703013636,
      "op_margin": -0.2133001551066239,
      "fcf_margin": -0.36098211991740337,
      "incr_op_margin_yoy": -0.17815810370170132,
      "rev_growth_yoy": 0.39200868937472266,
      "rev_growth_yoy_accel": -0.09798360700457559,
      "fcf_margin_change": -0.29264092154931975
    },
    {
      "date": "2022-12-31T00:00:00",
      "quarter_label": "2022-12 (Q4)",
      "revenue": 408257000,
      "gross_profit": 12630000,
      "operating_income": -221503000,
      "net_income": -224910000,
      "opex": 629760000,
      "cogs": 395627000,
      "rd": 14804000,
      "sga": null,
      "fcf": 54132000,
      "ocf": 57652000,
      "capex": -3520000,
      "gross_margin": 0.03093639545678335,
      "op_margin": -0.5425577516123422,
      "fcf_margin": 0.13259295002902582,
      "incr_op_margin_yoy": 0.023186963900855215,
      "rev_growth_yoy": -0.6581503677175554,
      "rev_growth_yoy_accel": -1.050159057092278,
      "fcf_margin_change": 0.4935750699464292
    },
    {
      "date": "2023-03-31T00:00:00",
      "quarter_label": "2023-03 (Q1)",
      "revenue": 351812000,
      "gross_profit": -1979000,
      "operating_income": -96650000,
      "net_income": -100866000,
      "opex": 448462000,
      "cogs": 353791000,
      "rd": 15873000,
      "sga": null,
      "fcf": -211232000,
      "ocf": -202482000,
      "capex": -8750000,
      "gross_margin": -0.005625163439564313,
      "op_margin": -0.2747205894057053,
      "fcf_margin": -0.6004115834593476,
      "incr_op_margin_yoy": -0.1502081980364442,
      "rev_growth_yoy": 0.08038755047829625,
      "rev_growth_yoy_accel": 0.7385379181958517,
      "fcf_margin_change": -0.7330045334883735
    },
    {
      "date": "2023-06-30T00:00:00",
      "quarter_label": "2023-06 (Q2)",
      "revenue": 335062000,
      "gross_profit": 7159000,
      "operating_income": -152987000,
      "net_income": -160593000,
      "opex": 488049000,
      "cogs": 327903000,
      "rd": 14430000,
      "sga": null,
      "fcf": -212639000,
      "ocf": -209188000,
      "capex": -3451000,
      "gross_margin": 0.021366194913180248,
      "op_margin": -0.4565931081411798,
      "fcf_margin": -0.634625830443321,
      "incr_op_margin_yoy": 0.6507794361525705,
      "rev_growth_yoy": -0.21256744815657372,
      "rev_growth_yoy_accel": -0.29295499863486996,
      "fcf_margin_change": -0.03421424698397335
    },
    {
      "date": "2023-09-30T00:00:00",
      "quarter_label": "2023-09 (Q3)",
      "revenue": 320063000,
      "gross_profit": 20176000,
      "operating_income": -129005000,
      "net_income": -144813000,
      "opex": 449068000,
      "cogs": 299887000,
      "rd": 19962000,
      "sga": null,
      "fcf": -249935000,
      "ocf": -249824000,
      "capex": -111000,
      "gross_margin": 0.06303758947457219,
      "op_margin": -0.40306127231201355,
      "fcf_margin": -0.7808931366637193,
      "incr_op_margin_yoy": 0.39228061778987566,
      "rev_growth_yoy": -0.23859062318606133,
      "rev_growth_yoy_accel": -0.026023175029487616,
      "fcf_margin_change": -0.1462673062203983
    },
    {
      "date": "2023-12-31T00:00:00",
      "quarter_label": "2023-12 (Q4)",
      "revenue": 246380000,
      "gross_profit": -4545000,
      "operating_income": -64915000,
      "net_income": -81115000,
      "opex": 311295000,
      "cogs": 250925000,
      "rd": 11608000,
      "sga": null,
      "fcf": -11647000,
      "ocf": -3791000,
      "capex": -7856000,
      "gross_margin": -0.018447114213816056,
      "op_margin": -0.2634751197337446,
      "fcf_margin": -0.047272505885217954,
      "incr_op_margin_yoy": -0.967327044607943,
      "rev_growth_yoy": -0.39650759203148994,
      "rev_growth_yoy_accel": -0.1579169688454286,
      "fcf_margin_change": 0.7336206307785014
    },
    {
      "date": "2024-03-31T00:00:00",
      "quarter_label": "2024-03 (Q1)",
      "revenue": 197101000,
      "gross_profit": -1159000,
      "operating_income": -82585000,
      "net_income": -97393000,
      "opex": 279686000,
      "cogs": 198260000,
      "rd": 11081000,
      "sga": null,
      "fcf": -77816000,
      "ocf": -73794000,
      "capex": -4022000,
      "gross_margin": -0.005880233991709834,
      "op_margin": -0.4189983815404285,
      "fcf_margin": -0.3948026646237208,
      "incr_op_margin_yoy": -0.09091144133254908,
      "rev_growth_yoy": -0.4397547553807147,
      "rev_growth_yoy_accel": -0.04324716334922474,
      "fcf_margin_change": -0.34753015873850285
    },
    {
      "date": "2024-06-30T00:00:00",
      "quarter_label": "2024-06 (Q2)",
      "revenue": 196285000,
      "gross_profit": 4595000,
      "operating_income": -79190000,
      "net_income": -96973000,
      "opex": 275475000,
      "cogs": 191690000,
      "rd": 10529000,
      "sga": null,
      "fcf": -30773000,
      "ocf": -25162000,
      "capex": -5611000,
      "gross_margin": 0.023409837735945183,
      "op_margin": -0.40344397177573427,
      "fcf_margin": -0.15677713528797413,
      "incr_op_margin_yoy": -0.5317667913270931,
      "rev_growth_yoy": -0.41418304671971157,
      "rev_growth_yoy_accel": 0.025571708661003112,
      "fcf_margin_change": 0.2380255293357467
    },
    {
      "date": "2024-09-30T00:00:00",
      "quarter_label": "2024-09 (Q3)",
      "revenue": 193903000,
      "gross_profit": 27044000,
      "operating_income": -41931000,
      "net_income": -57731000,
      "opex": 235834000,
      "cogs": 166859000,
      "rd": 9594000,
      "sga": null,
      "fcf": -21941000,
      "ocf": -16858000,
      "capex": -5083000,
      "gross_margin": 0.13947179775454738,
      "op_margin": -0.21624729890718555,
      "fcf_margin": -0.1131545154020309,
      "incr_op_margin_yoy": -0.6901870640456563,
      "rev_growth_yoy": -0.3941723973092797,
      "rev_growth_yoy_accel": 0.020010649410431847,
      "fcf_margin_change": 0.04362261988594322
    },
    {
      "date": "2024-12-31T00:00:00",
      "quarter_label": "2024-12 (Q4)",
      "revenue": 204815000,
      "gross_profit": 28549000,
      "operating_income": -55085000,
      "net_income": -87538000,
      "opex": 259900000,
      "cogs": 176266000,
      "rd": 9486000,
      "sga": null,
      "fcf": -70169000,
      "ocf": 37926000,
      "capex": -108095000,
      "gross_margin": 0.13938920489221981,
      "op_margin": -0.26895002807411567,
      "fcf_margin": -0.3425969777604179,
      "incr_op_margin_yoy": -0.2364970528088536,
      "rev_growth_yoy": -0.16870281678707688,
      "rev_growth_yoy_accel": 0.22546958052220284,
      "op_leverage_ratio": 0.5514705611931857,
      "fcf_margin_change": -0.229442462358387
    },
    {
      "date": "2025-03-31T00:00:00",
      "quarter_label": "2025-03 (Q1)",
      "revenue": 177530000,
      "gross_profit": 19106000,
      "operating_income": -80766000,
      "net_income": -99313000,
      "opex": 258296000,
      "cogs": 158424000,
      "rd": 10524000,
      "sga": null,
      "fcf": -62628000,
      "ocf": -47924000,
      "capex": -14704000,
      "gross_margin": 0.10762124711316397,
      "op_margin": -0.4549428265645243,
      "fcf_margin": -0.352774179011998,
      "incr_op_margin_yoy": -0.09294364110162996,
      "rev_growth_yoy": -0.09929427045017529,
      "rev_growth_yoy_accel": 0.06940854633690159,
      "fcf_margin_change": -0.01017720125158006
    },
    {
      "date": "2025-06-30T00:00:00",
      "quarter_label": "2025-06 (Q2)",
      "revenue": 189637000,
      "gross_profit": 15682000,
      "operating_income": -59600000,
      "net_income": -82299000,
      "opex": 249237000,
      "cogs": 173955000,
      "rd": 9358000,
      "sga": null,
      "fcf": -78641000,
      "ocf": -62880000,
      "capex": -15761000,
      "gross_margin": 0.08269483275942986,
      "op_margin": -0.31428465963920543,
      "fcf_margin": -0.41469228051487844,
      "incr_op_margin_yoy": -2.946750902527076,
      "rev_growth_yoy": -0.03386911888325649,
      "rev_growth_yoy_accel": 0.0654251515669188,
      "op_leverage_ratio": Infinity,
      "fcf_margin_change": -0.06191810150288046
    },
    {
      "date": "2025-09-30T00:00:00",
      "quarter_label": "2025-09 (Q3)",
      "revenue": 185486000,
      "gross_profit": 12608000,
      "operating_income": -61337000,
      "net_income": -83730000,
      "opex": 246823000,
      "cogs": 172878000,
      "rd": 10170000,
      "sga": null,
      "fcf": -60397000,
      "ocf": -37122000,
      "capex": -23275000,
      "gross_margin": 0.06797278500803296,
      "op_margin": -0.3306826391210118,
      "fcf_margin": -0.32561487120321747,
      "incr_op_margin_yoy": 2.3055720565522155,
      "rev_growth_yoy": -0.04340830208918892,
      "rev_growth_yoy_accel": -0.00953918320593243,
      "fcf_margin_change": 0.08907740931166097
    }
  ],
  "signals": [
    {
      "quarter": "2025-09 (Q3)",
      "signal": "FCF MARGIN EXPANSION",
      "detail": "FCF margin: -41.5% -> -32.6% (+8.9%)",
      "severity": "MEDIUM"
    },
    {
      "quarter": "2025-06 (Q2)",
      "signal": "YoY REVENUE GROWTH ACCELERATION",
      "detail": "YoY growth: -3.4% vs prior quarter YoY: -9.9% (accel: +6.5%)",
      "severity": "MEDIUM"
    },
    {
      "quarter": "2025-03 (Q1)",
      "signal": "YoY REVENUE GROWTH ACCELERATION",
      "detail": "YoY growth: -9.9% vs prior quarter YoY: -16.9% (accel: +6.9%)",
      "severity": "MEDIUM"
    },
    {
      "quarter": "2024-12 (Q4)",
      "signal": "YoY REVENUE GROWTH ACCELERATION",
      "detail": "YoY growth: -16.9% vs prior quarter YoY: -39.4% (accel: +22.5%)",
      "severity": "HIGH"
    },
    {
      "quarter": "2024-06 (Q2)",
      "signal": "FCF MARGIN EXPANSION",
      "detail": "FCF margin: -39.5% -> -15.7% (+23.8%)",
      "severity": "MEDIUM"
    },
    {
      "quarter": "2023-12 (Q4)",
      "signal": "FCF MARGIN EXPANSION",
      "detail": "FCF margin: -78.1% -> -4.7% (+73.4%)",
      "severity": "MEDIUM"
    },
    {
      "quarter": "2023-12 (Q4)",
      "signal": "YoY REVENUE GROWTH DECELERATION",
      "detail": "YoY growth: -39.7% vs prior quarter YoY: -23.9% (decel: -15.8%)",
      "severity": "WARNING"
    },
    {
      "quarter": "2023-06 (Q2)",
      "signal": "GROSS MARGIN INFLECTION",
      "detail": "GM: +3.1% -> -0.6% -> +2.1% (reversal +2.7%)",
      "severity": "MEDIUM"
    },
    {
      "quarter": "2023-06 (Q2)",
      "signal": "YoY REVENUE GROWTH DECELERATION",
      "detail": "YoY growth: -21.3% vs prior quarter YoY: +8.0% (decel: -29.3%)",
      "severity": "WARNING"
    },
    {
      "quarter": "2023-03 (Q1)",
      "signal": "YoY REVENUE GROWTH ACCELERATION",
      "detail": "YoY growth: +8.0% vs prior quarter YoY: -65.8% (accel: +73.9%)",
      "severity": "HIGH"
    },
    {
      "quarter": "2022-12 (Q4)",
      "signal": "FCF TURNED POSITIVE",
      "detail": "FCF margin: -36.1% -> +13.3%",
      "severity": "HIGH"
    },
    {
      "quarter": "2022-12 (Q4)",
      "signal": "YoY REVENUE GROWTH DECELERATION",
      "detail": "YoY growth: -65.8% vs prior quarter YoY: +39.2% (decel: -105.0%)",
      "severity": "WARNING"
    },
    {
      "quarter": "2022-09 (Q3)",
      "signal": "YoY REVENUE GROWTH DECELERATION",
      "detail": "YoY growth: +39.2% vs prior quarter YoY: +49.0% (decel: -9.8%)",
      "severity": "WARNING"
    },
    {
      "quarter": "2022-06 (Q2)",
      "signal": "FCF MARGIN EXPANSION",
      "detail": "FCF margin: -57.6% -> -6.8% (+50.8%)",
      "severity": "MEDIUM"
    },
    {
      "quarter": "2022-06 (Q2)",
      "signal": "GROSS MARGIN INFLECTION",
      "detail": "GM: +6.4% -> -2.2% -> +3.9% (reversal +6.1%)",
      "severity": "HIGH"
    },
    {
      "quarter": "2022-06 (Q2)",
      "signal": "YoY REVENUE GROWTH ACCELERATION",
      "detail": "YoY growth: +49.0% vs prior quarter YoY: +24.5% (accel: +24.5%)",
      "severity": "HIGH"
    },
    {
      "quarter": "2022-03 (Q1)",
      "signal": "YoY REVENUE GROWTH DECELERATION",
      "detail": "YoY growth: +24.5% vs prior quarter YoY: +469.3% (decel: -444.9%)",
      "severity": "WARNING"
    },
    {
      "quarter": "2021-12 (Q4)",
      "signal": "FCF TURNED POSITIVE",
      "detail": "FCF margin: -11.7% -> +22.6%",
      "severity": "HIGH"
    },
    {
      "quarter": "2021-06 (Q2)",
      "signal": "FCF MARGIN EXPANSION",
      "detail": "FCF margin: -33.2% -> -12.9% (+20.4%)",
      "severity": "MEDIUM"
    }
  ],
  "data_quality": {
    "n_quarters": 20,
    "coverage": {
      "revenue": [
        20,
        20
      ],
      "gross_profit": [
        20,
        20
      ],
      "op_income": [
        20,
        20
      ],
      "fcf": [
        20,
        20
      ]
    },
    "gaps": [],
    "warnings": []
  },
  "market_cap": null,
  "source": "SEC EDGAR",
  "last_updated": "2026-02-02T22:22:49.931730"
}