{
  "ticker": "UPWK",
  "name": "UPWORK INC.",
  "sector": "Communication Services",
  "industry": "Internet Content & Information",
  "quarters": [
    {
      "date": "2021-03-31T00:00:00",
      "quarter_label": "2021-03 (Q1)",
      "revenue": 113619000,
      "gross_profit": 83178000,
      "operating_income": -7697000,
      "net_income": -7835000,
      "opex": 90875000,
      "cogs": 30441000,
      "rd": 26613000,
      "sga": null,
      "fcf": 1806000,
      "ocf": 1876000,
      "capex": -70000,
      "gross_margin": 0.7320782615583661,
      "op_margin": -0.06774395127575493,
      "fcf_margin": 0.015895228790959257
    },
    {
      "date": "2021-06-30T00:00:00",
      "quarter_label": "2021-06 (Q2)",
      "revenue": 124181000,
      "gross_profit": 91098000,
      "operating_income": -16395000,
      "net_income": -16538000,
      "opex": 107493000,
      "cogs": 33083000,
      "rd": 28124000,
      "sga": null,
      "fcf": 280000,
      "ocf": 544000,
      "capex": -264000,
      "gross_margin": 0.7335904848567817,
      "op_margin": -0.1320250279833469,
      "fcf_margin": 0.0022547732744944878,
      "op_leverage_ratio": 0.5083477080246713,
      "fcf_margin_change": -0.01364045551646477
    },
    {
      "date": "2021-09-30T00:00:00",
      "quarter_label": "2021-09 (Q3)",
      "revenue": 128141000,
      "gross_profit": 93208000,
      "operating_income": -8317000,
      "net_income": -9311000,
      "opex": 101525000,
      "cogs": 34933000,
      "rd": 30873000,
      "sga": null,
      "fcf": 20633000,
      "ocf": 20864000,
      "capex": -231000,
      "gross_margin": 0.7273862385965459,
      "op_margin": -0.06490506551376998,
      "fcf_margin": 0.1610179411741753,
      "op_leverage_ratio": null,
      "fcf_margin_change": 0.1587631678996808
    },
    {
      "date": "2021-12-31T00:00:00",
      "quarter_label": "2021-12 (Q4)",
      "revenue": 136856000,
      "gross_profit": 99805000,
      "operating_income": -21808000,
      "net_income": -22556000,
      "opex": 121613000,
      "cogs": 37051000,
      "rd": 33473000,
      "sga": null,
      "fcf": -12910000,
      "ocf": -12448000,
      "capex": -462000,
      "gross_margin": 0.7292701817969253,
      "op_margin": -0.15934997369497866,
      "fcf_margin": -0.09433272929210265,
      "op_leverage_ratio": 0.3437285302330448,
      "fcf_margin_change": -0.25535067046627796
    },
    {
      "date": "2022-03-31T00:00:00",
      "quarter_label": "2022-03 (Q1)",
      "revenue": 141337000,
      "gross_profit": 103421000,
      "operating_income": -23652000,
      "net_income": -24738000,
      "opex": 127073000,
      "cogs": 37916000,
      "rd": 38161000,
      "sga": null,
      "fcf": -11669000,
      "ocf": -11476000,
      "capex": -193000,
      "gross_margin": 0.7317333748416904,
      "op_margin": -0.167344715113523,
      "fcf_margin": -0.0825615373186073,
      "incr_op_margin_yoy": -0.5756187315102099,
      "rev_growth_yoy": 0.2439556764273581,
      "op_leverage_ratio": 0.7292869810914324,
      "fcf_margin_change": 0.011771191973495354
    },
    {
      "date": "2022-06-30T00:00:00",
      "quarter_label": "2022-06 (Q2)",
      "revenue": 156898000,
      "gross_profit": 116041000,
      "operating_income": -23048000,
      "net_income": -23820000,
      "opex": 139089000,
      "cogs": 40857000,
      "rd": 35830000,
      "sga": null,
      "fcf": -855000,
      "ocf": -446000,
      "capex": -409000,
      "gross_margin": 0.739595150989815,
      "op_margin": -0.14689798467794363,
      "fcf_margin": -0.00544940024729442,
      "incr_op_margin_yoy": -0.20334994039795826,
      "rev_growth_yoy": 0.2634622043629863,
      "rev_growth_yoy_accel": 0.019506527935628182,
      "op_leverage_ratio": 1.164327077046694,
      "fcf_margin_change": 0.07711213707131288
    },
    {
      "date": "2022-09-30T00:00:00",
      "quarter_label": "2022-09 (Q3)",
      "revenue": 158641000,
      "gross_profit": 118171000,
      "operating_income": -25442000,
      "net_income": -24827000,
      "opex": 143613000,
      "cogs": 40470000,
      "rd": 38898000,
      "sga": null,
      "fcf": 9735000,
      "ocf": 10026000,
      "capex": -291000,
      "gross_margin": 0.7448957079191382,
      "op_margin": -0.1603746824591373,
      "fcf_margin": 0.06136496870292043,
      "incr_op_margin_yoy": -0.5614754098360656,
      "rev_growth_yoy": 0.23801905713237761,
      "rev_growth_yoy_accel": -0.02544314723060867,
      "op_leverage_ratio": 0.34154675850329425,
      "fcf_margin_change": 0.06681436895021485
    },
    {
      "date": "2022-12-31T00:00:00",
      "quarter_label": "2022-12 (Q4)",
      "revenue": 161442000,
      "gross_profit": 120283000,
      "operating_income": -20482000,
      "net_income": -16500000,
      "opex": 140765000,
      "cogs": 41159000,
      "rd": 41664000,
      "sga": null,
      "fcf": 13038000,
      "ocf": 13393000,
      "capex": -355000,
      "gross_margin": 0.7450539512642311,
      "op_margin": -0.12686909230559582,
      "fcf_margin": 0.08075965362173412,
      "incr_op_margin_yoy": 0.05393313267713333,
      "rev_growth_yoy": 0.17964868182615304,
      "rev_growth_yoy_accel": -0.058370375306224576,
      "op_leverage_ratio": null,
      "fcf_margin_change": 0.019394684918813694
    },
    {
      "date": "2023-03-31T00:00:00",
      "quarter_label": "2023-03 (Q1)",
      "revenue": 160858000,
      "gross_profit": 120431000,
      "operating_income": -25038000,
      "net_income": 17167000,
      "opex": 145469000,
      "cogs": 40427000,
      "rd": 44481000,
      "sga": null,
      "fcf": -8859000,
      "ocf": -8701000,
      "capex": -158000,
      "gross_margin": 0.7486789590819232,
      "op_margin": -0.15565281179673998,
      "fcf_margin": -0.055073418791729355,
      "incr_op_margin_yoy": -0.07100046104195482,
      "rev_growth_yoy": 0.13811669980259947,
      "rev_growth_yoy_accel": -0.04153198202355357,
      "fcf_margin_change": -0.13583307241346348
    },
    {
      "date": "2023-06-30T00:00:00",
      "quarter_label": "2023-06 (Q2)",
      "revenue": 168611000,
      "gross_profit": 127729000,
      "operating_income": -6116000,
      "net_income": -3991000,
      "opex": 133845000,
      "cogs": 40882000,
      "rd": 43246000,
      "sga": null,
      "fcf": 4332000,
      "ocf": 4309000,
      "capex": 23000,
      "gross_margin": 0.7575365782778111,
      "op_margin": -0.03627284103646856,
      "fcf_margin": 0.02569227393230572,
      "incr_op_margin_yoy": 1.4455732946298985,
      "rev_growth_yoy": 0.07465359660416321,
      "rev_growth_yoy_accel": -0.06346310319843626,
      "op_leverage_ratio": null,
      "fcf_margin_change": 0.08076569272403508
    },
    {
      "date": "2023-09-30T00:00:00",
      "quarter_label": "2023-09 (Q3)",
      "revenue": 175733000,
      "gross_profit": 132460000,
      "operating_income": 11466000,
      "net_income": 16337000,
      "opex": 120994000,
      "cogs": 43273000,
      "rd": 43419000,
      "sga": null,
      "fcf": 36529000,
      "ocf": 36952000,
      "capex": -423000,
      "gross_margin": 0.7537571201766315,
      "op_margin": 0.06524670949679343,
      "fcf_margin": 0.20786647926115187,
      "incr_op_margin_yoy": 2.159372805991107,
      "rev_growth_yoy": 0.10774011762406945,
      "rev_growth_yoy_accel": 0.03308652101990624,
      "op_leverage_ratio": null,
      "fcf_margin_change": 0.18217420532884615
    },
    {
      "date": "2023-12-31T00:00:00",
      "quarter_label": "2023-12 (Q4)",
      "revenue": 183934000,
      "gross_profit": 138066000,
      "operating_income": 8428000,
      "net_income": 17374000,
      "opex": 129638000,
      "cogs": 45868000,
      "rd": 46217000,
      "sga": null,
      "fcf": 20014000,
      "ocf": 20148000,
      "capex": -134000,
      "gross_margin": 0.7506279426315962,
      "op_margin": 0.04582078354192265,
      "fcf_margin": 0.10881076908021356,
      "incr_op_margin_yoy": 1.2853459007647163,
      "rev_growth_yoy": 0.13931938405123823,
      "rev_growth_yoy_accel": 0.03157926642716878,
      "op_leverage_ratio": 0.6532246503916419,
      "fcf_margin_change": -0.09905571018093831
    },
    {
      "date": "2024-03-31T00:00:00",
      "quarter_label": "2024-03 (Q1)",
      "revenue": 190937000,
      "gross_profit": 146744000,
      "operating_income": 13049000,
      "net_income": 18442000,
      "opex": 133695000,
      "cogs": 44193000,
      "rd": 52916000,
      "sga": null,
      "fcf": 14637000,
      "ocf": 14814000,
      "capex": -177000,
      "gross_margin": 0.7685466934119631,
      "op_margin": 0.06834191382497892,
      "fcf_margin": 0.07665879321451578,
      "incr_op_margin_yoy": 1.266232255061671,
      "rev_growth_yoy": 0.18699101070509394,
      "rev_growth_yoy_accel": 0.047671626653855714,
      "op_leverage_ratio": 1.21660451937515,
      "fcf_margin_change": -0.03215197586569778
    },
    {
      "date": "2024-06-30T00:00:00",
      "quarter_label": "2024-06 (Q2)",
      "revenue": 193129000,
      "gross_profit": 149277000,
      "operating_income": 17781000,
      "net_income": 22220000,
      "opex": 131496000,
      "cogs": 43852000,
      "rd": 52465000,
      "sga": null,
      "fcf": 38605000,
      "ocf": 39203000,
      "capex": -598000,
      "gross_margin": 0.7729393307064191,
      "op_margin": 0.09206799600267179,
      "fcf_margin": 0.19989229996530816,
      "incr_op_margin_yoy": 0.974671669793621,
      "rev_growth_yoy": 0.1454116279483545,
      "rev_growth_yoy_accel": -0.04157938275673945,
      "op_leverage_ratio": null,
      "fcf_margin_change": 0.12323350675079238
    },
    {
      "date": "2024-09-30T00:00:00",
      "quarter_label": "2024-09 (Q3)",
      "revenue": 193776000,
      "gross_profit": 150368000,
      "operating_income": 20793000,
      "net_income": 27758000,
      "opex": 129575000,
      "cogs": 43408000,
      "rd": 50411000,
      "sga": null,
      "fcf": 59760000,
      "ocf": 60964000,
      "capex": -1204000,
      "gross_margin": 0.7759887705391793,
      "op_margin": 0.10730431013128561,
      "fcf_margin": 0.3083973247460986,
      "incr_op_margin_yoy": 0.516931774095217,
      "rev_growth_yoy": 0.10267280476632164,
      "rev_growth_yoy_accel": -0.042738823182032856,
      "fcf_margin_change": 0.10850502478079044
    },
    {
      "date": "2024-12-31T00:00:00",
      "quarter_label": "2024-12 (Q4)",
      "revenue": 191483000,
      "gross_profit": 148842000,
      "operating_income": 13583000,
      "net_income": 147166000,
      "opex": 135259000,
      "cogs": 42641000,
      "rd": 53491000,
      "sga": null,
      "fcf": 37033000,
      "ocf": 38582000,
      "capex": -1549000,
      "gross_margin": 0.7773118240261537,
      "op_margin": 0.07093580108939175,
      "fcf_margin": 0.19340098076591655,
      "incr_op_margin_yoy": 0.6828719035633859,
      "rev_growth_yoy": 0.04104189546250286,
      "rev_growth_yoy_accel": -0.06163090930381878,
      "fcf_margin_change": -0.11499634398018205
    },
    {
      "date": "2025-03-31T00:00:00",
      "quarter_label": "2025-03 (Q1)",
      "revenue": 192706000,
      "gross_profit": 150900000,
      "operating_income": 38690000,
      "net_income": 37730000,
      "opex": 112210000,
      "cogs": 41806000,
      "rd": 46152000,
      "sga": null,
      "fcf": 34493000,
      "ocf": 36965000,
      "capex": -2472000,
      "gross_margin": 0.7830581300011417,
      "op_margin": 0.2007721607007566,
      "fcf_margin": 0.17899286996772285,
      "incr_op_margin_yoy": 14.494629734313172,
      "rev_growth_yoy": 0.009264836045397172,
      "rev_growth_yoy_accel": -0.03177705941710569,
      "fcf_margin_change": -0.014408110798193707
    },
    {
      "date": "2025-06-30T00:00:00",
      "quarter_label": "2025-06 (Q2)",
      "revenue": 194939000,
      "gross_profit": 151507000,
      "operating_income": 32565000,
      "net_income": 32726000,
      "opex": 118942000,
      "cogs": 43432000,
      "rd": 44843000,
      "sga": null,
      "fcf": 70133000,
      "ocf": 72514000,
      "capex": -2381000,
      "gross_margin": 0.7772020991181857,
      "op_margin": 0.1670522573728192,
      "fcf_margin": 0.3597689533648988,
      "incr_op_margin_yoy": 8.167955801104972,
      "rev_growth_yoy": 0.00937197417270322,
      "rev_growth_yoy_accel": 0.00010713812730604733,
      "op_leverage_ratio": 0.19314387543787281,
      "fcf_margin_change": 0.18077608339717594
    },
    {
      "date": "2025-09-30T00:00:00",
      "quarter_label": "2025-09 (Q3)",
      "revenue": 201730000,
      "gross_profit": 155887000,
      "operating_income": 29758000,
      "net_income": 29335000,
      "opex": 126129000,
      "cogs": 45843000,
      "rd": 47494000,
      "sga": null,
      "fcf": 74597000,
      "ocf": 75079000,
      "capex": -482000,
      "gross_margin": 0.7727507063897289,
      "op_margin": 0.1475140038665543,
      "fcf_margin": 0.3697863480890299,
      "incr_op_margin_yoy": 1.127105858687453,
      "rev_growth_yoy": 0.041047394930228714,
      "rev_growth_yoy_accel": 0.031675420757525496,
      "op_leverage_ratio": 0.5765308995815757,
      "fcf_margin_change": 0.010017394724131101
    },
    {
      "date": "2025-12-31T00:00:00",
      "quarter_label": "2025-12 (Q4)",
      "revenue": 198409000,
      "gross_profit": 154738000,
      "operating_income": 28294000,
      "net_income": 15634000,
      "opex": 126444000,
      "cogs": 43671000,
      "rd": 47055000,
      "sga": null,
      "fcf": 63246000,
      "ocf": 63701000,
      "capex": -455000,
      "gross_margin": 0.7798940572252266,
      "op_margin": 0.14260441814635424,
      "fcf_margin": 0.31876578179417264,
      "incr_op_margin_yoy": 2.124025411492925,
      "rev_growth_yoy": 0.03617031276927978,
      "rev_growth_yoy_accel": -0.004877082160948933,
      "fcf_margin_change": -0.05102056629485724
    }
  ],
  "signals": [
    {
      "quarter": "2025-12 (Q4)",
      "signal": "INCREMENTAL MARGIN (YoY)",
      "detail": "YoY Incr OPM: +212.4% vs year-ago OPM: +7.1%",
      "severity": "HIGH"
    },
    {
      "quarter": "2025-09 (Q3)",
      "signal": "INCREMENTAL MARGIN (YoY)",
      "detail": "YoY Incr OPM: +112.7% vs year-ago OPM: +10.7%",
      "severity": "HIGH"
    },
    {
      "quarter": "2025-06 (Q2)",
      "signal": "FCF MARGIN EXPANSION",
      "detail": "FCF margin: +17.9% -> +36.0% (+18.1%)",
      "severity": "MEDIUM"
    },
    {
      "quarter": "2025-06 (Q2)",
      "signal": "INCREMENTAL MARGIN (YoY)",
      "detail": "YoY Incr OPM: +816.8% vs year-ago OPM: +9.2%",
      "severity": "HIGH"
    },
    {
      "quarter": "2025-03 (Q1)",
      "signal": "INCREMENTAL MARGIN (YoY)",
      "detail": "YoY Incr OPM: +1449.5% vs year-ago OPM: +6.8%",
      "severity": "HIGH"
    },
    {
      "quarter": "2024-12 (Q4)",
      "signal": "YoY REVENUE GROWTH DECELERATION",
      "detail": "YoY growth: +4.1% vs prior quarter YoY: +10.3% (decel: -6.2%)",
      "severity": "WARNING"
    },
    {
      "quarter": "2024-12 (Q4)",
      "signal": "INCREMENTAL MARGIN (YoY)",
      "detail": "YoY Incr OPM: +68.3% vs year-ago OPM: +4.6%",
      "severity": "HIGH"
    },
    {
      "quarter": "2024-09 (Q3)",
      "signal": "FCF MARGIN EXPANSION",
      "detail": "FCF margin: +20.0% -> +30.8% (+10.9%)",
      "severity": "MEDIUM"
    },
    {
      "quarter": "2024-09 (Q3)",
      "signal": "INCREMENTAL MARGIN (YoY)",
      "detail": "YoY Incr OPM: +51.7% vs year-ago OPM: +6.5%",
      "severity": "HIGH"
    },
    {
      "quarter": "2024-06 (Q2)",
      "signal": "FCF MARGIN EXPANSION",
      "detail": "FCF margin: +7.7% -> +20.0% (+12.3%)",
      "severity": "MEDIUM"
    },
    {
      "quarter": "2024-06 (Q2)",
      "signal": "OP MARGIN TURNED POSITIVE (YoY)",
      "detail": "Op margin: -3.6% (year-ago) -> +9.2%",
      "severity": "HIGH"
    },
    {
      "quarter": "2024-03 (Q1)",
      "signal": "OP MARGIN TURNED POSITIVE (YoY)",
      "detail": "Op margin: -15.6% (year-ago) -> +6.8%",
      "severity": "HIGH"
    },
    {
      "quarter": "2023-12 (Q4)",
      "signal": "OP MARGIN TURNED POSITIVE (YoY)",
      "detail": "Op margin: -12.7% (year-ago) -> +4.6%",
      "severity": "HIGH"
    },
    {
      "quarter": "2023-09 (Q3)",
      "signal": "FCF MARGIN EXPANSION",
      "detail": "FCF margin: +2.6% -> +20.8% (+18.2%)",
      "severity": "MEDIUM"
    },
    {
      "quarter": "2023-09 (Q3)",
      "signal": "OP MARGIN TURNED POSITIVE (YoY)",
      "detail": "Op margin: -16.0% (year-ago) -> +6.5%",
      "severity": "HIGH"
    },
    {
      "quarter": "2023-09 (Q3)",
      "signal": "OP MARGIN TURNED POSITIVE (QoQ)",
      "detail": "Op margin: -3.6% -> +6.5%",
      "severity": "HIGH"
    },
    {
      "quarter": "2023-06 (Q2)",
      "signal": "FCF TURNED POSITIVE",
      "detail": "FCF margin: -5.5% -> +2.6%",
      "severity": "HIGH"
    },
    {
      "quarter": "2023-06 (Q2)",
      "signal": "YoY REVENUE GROWTH DECELERATION",
      "detail": "YoY growth: +7.5% vs prior quarter YoY: +13.8% (decel: -6.3%)",
      "severity": "WARNING"
    },
    {
      "quarter": "2022-12 (Q4)",
      "signal": "YoY REVENUE GROWTH DECELERATION",
      "detail": "YoY growth: +18.0% vs prior quarter YoY: +23.8% (decel: -5.8%)",
      "severity": "WARNING"
    },
    {
      "quarter": "2022-09 (Q3)",
      "signal": "FCF TURNED POSITIVE",
      "detail": "FCF margin: -0.5% -> +6.1%",
      "severity": "HIGH"
    },
    {
      "quarter": "2022-06 (Q2)",
      "signal": "FCF MARGIN EXPANSION",
      "detail": "FCF margin: -8.3% -> -0.5% (+7.7%)",
      "severity": "MEDIUM"
    },
    {
      "quarter": "2021-09 (Q3)",
      "signal": "FCF MARGIN EXPANSION",
      "detail": "FCF margin: +0.2% -> +16.1% (+15.9%)",
      "severity": "MEDIUM"
    }
  ],
  "data_quality": {
    "n_quarters": 20,
    "coverage": {
      "revenue": [
        20,
        20
      ],
      "gross_profit": [
        20,
        20
      ],
      "op_income": [
        20,
        20
      ],
      "fcf": [
        20,
        20
      ]
    },
    "gaps": [],
    "warnings": []
  },
  "market_cap": null,
  "source": "SEC EDGAR",
  "last_updated": "2026-02-24T10:47:43.137023"
}