{
  "ticker": "UPXI",
  "name": "UPEXI, INC.",
  "sector": "Communication Services",
  "industry": "Internet Content & Information",
  "quarters": [
    {
      "date": "2021-03-31T00:00:00",
      "quarter_label": "2021-03 (Q1)",
      "revenue": 6347514,
      "gross_profit": 3396712,
      "operating_income": 1015304,
      "net_income": 966763,
      "opex": 2381408,
      "cogs": 2950802,
      "rd": null,
      "sga": null,
      "fcf": 695118,
      "ocf": 766949,
      "capex": -71831,
      "gross_margin": 0.5351247748331079,
      "op_margin": 0.15995301467629688,
      "fcf_margin": 0.10951027441609423
    },
    {
      "date": "2021-06-30T00:00:00",
      "quarter_label": "2021-06 (Q2)",
      "revenue": 10645175,
      "gross_profit": 5253321,
      "operating_income": 1414814,
      "net_income": 2718738,
      "opex": 3838507,
      "cogs": 5391854,
      "rd": null,
      "sga": null,
      "fcf": 1525717,
      "ocf": 2841678,
      "capex": -1315961,
      "gross_margin": 0.49349315534972416,
      "op_margin": 0.1329065985293807,
      "fcf_margin": 0.1433247457181305,
      "op_leverage_ratio": 1.1065555888290917,
      "fcf_margin_change": 0.03381447130203627
    },
    {
      "date": "2021-09-30T00:00:00",
      "quarter_label": "2021-09 (Q3)",
      "revenue": 8449754,
      "gross_profit": 5382378,
      "operating_income": 435543,
      "net_income": 511711,
      "opex": 4946835,
      "cogs": 3067376,
      "rd": null,
      "sga": null,
      "fcf": 650488,
      "ocf": 817357,
      "capex": -166869,
      "gross_margin": 0.6369863548690293,
      "op_margin": 0.05154505089733973,
      "fcf_margin": 0.0769830695662856,
      "fcf_margin_change": -0.0663416761518449
    },
    {
      "date": "2021-12-31T00:00:00",
      "quarter_label": "2021-12 (Q4)",
      "revenue": 10666781,
      "gross_profit": 6710423,
      "operating_income": 117600,
      "net_income": 64833,
      "opex": 6592823,
      "cogs": 3956358,
      "rd": null,
      "sga": null,
      "fcf": -4542919,
      "ocf": -427358,
      "capex": -4115561,
      "gross_margin": 0.6290954131335404,
      "op_margin": 0.011024881827047917,
      "fcf_margin": -0.42589409119771,
      "op_leverage_ratio": 0.7885471691290841,
      "fcf_margin_change": -0.5028771607639956
    },
    {
      "date": "2022-03-31T00:00:00",
      "quarter_label": "2022-03 (Q1)",
      "revenue": 10271588,
      "gross_profit": 6086806,
      "operating_income": -60499,
      "net_income": -52667,
      "opex": 6147305,
      "cogs": 4184782,
      "rd": null,
      "sga": null,
      "fcf": 409876,
      "ocf": 1776546,
      "capex": -1366670,
      "gross_margin": 0.5925866574866515,
      "op_margin": -0.005889936395423959,
      "fcf_margin": 0.039903859072229146,
      "incr_op_margin_yoy": -0.27415461584057793,
      "rev_growth_yoy": 0.6182064348341729,
      "fcf_margin_change": 0.46579795026993914
    },
    {
      "date": "2022-06-30T00:00:00",
      "quarter_label": "2022-06 (Q2)",
      "revenue": 15196873,
      "gross_profit": 7009266,
      "operating_income": -3144974,
      "net_income": -2569907,
      "opex": 10154240,
      "cogs": 8187607,
      "rd": null,
      "sga": null,
      "fcf": -2150049,
      "ocf": -2347376,
      "capex": 197327,
      "gross_margin": 0.4612308071535506,
      "op_margin": -0.20694875847156188,
      "fcf_margin": -0.14147969782994171,
      "incr_op_margin_yoy": -1.0017773586911962,
      "rev_growth_yoy": 0.4275832008398171,
      "rev_growth_yoy_accel": -0.19062323399435582,
      "op_leverage_ratio": 0.7356415291734151,
      "fcf_margin_change": -0.18138355690217087
    },
    {
      "date": "2022-09-30T00:00:00",
      "quarter_label": "2022-09 (Q3)",
      "revenue": 11557011,
      "gross_profit": 6040731,
      "operating_income": -2974151,
      "net_income": -2745520,
      "opex": 9014882,
      "cogs": 5516280,
      "rd": null,
      "sga": null,
      "fcf": -2668957,
      "ocf": -2521027,
      "capex": -147930,
      "gross_margin": 0.5226897335305816,
      "op_margin": -0.2573460386946071,
      "fcf_margin": -0.23093834556357176,
      "incr_op_margin_yoy": -1.097332470407179,
      "rev_growth_yoy": 0.36773342750570015,
      "rev_growth_yoy_accel": -0.05984977333411695,
      "fcf_margin_change": -0.08945864773363005
    },
    {
      "date": "2022-12-31T00:00:00",
      "quarter_label": "2022-12 (Q4)",
      "revenue": 27086672,
      "gross_profit": 10313179,
      "operating_income": -2138421,
      "net_income": 2584098,
      "opex": 12451600,
      "cogs": 16773493,
      "rd": null,
      "sga": null,
      "fcf": 6077646,
      "ocf": 6113685,
      "capex": -36039,
      "gross_margin": 0.38074736534632236,
      "op_margin": -0.07894735093332987,
      "fcf_margin": 0.22437773086335597,
      "incr_op_margin_yoy": -0.13739561364932326,
      "rev_growth_yoy": 1.5393482813606092,
      "rev_growth_yoy_accel": 1.171614853854909,
      "op_leverage_ratio": 3.524784724999373,
      "fcf_margin_change": 0.45531607642692773
    },
    {
      "date": "2023-03-31T00:00:00",
      "quarter_label": "2023-03 (Q1)",
      "revenue": 24219445,
      "gross_profit": 9604691,
      "operating_income": -2398696,
      "net_income": -1768688,
      "opex": 12003387,
      "cogs": 14614754,
      "rd": null,
      "sga": null,
      "fcf": -1453159,
      "ocf": -1358445,
      "capex": -94714,
      "gross_margin": 0.3965694094146253,
      "op_margin": -0.09904008948181926,
      "fcf_margin": -0.05999968207363959,
      "incr_op_margin_yoy": -0.167638440801336,
      "rev_growth_yoy": 1.3579065865959576,
      "rev_growth_yoy_accel": -0.18144169476465155,
      "fcf_margin_change": -0.2843774129369956
    },
    {
      "date": "2023-06-30T00:00:00",
      "quarter_label": "2023-06 (Q2)",
      "revenue": 17813381,
      "gross_profit": 7599719,
      "operating_income": -40739,
      "net_income": null,
      "opex": 7640458,
      "cogs": 10213662,
      "rd": null,
      "sga": null,
      "fcf": -2690417,
      "ocf": -2031536,
      "capex": -658881,
      "gross_margin": 0.4266297902683382,
      "op_margin": -0.0022869886407302464,
      "fcf_margin": -0.1510334843228245,
      "incr_op_margin_yoy": 1.1864037870321817,
      "rev_growth_yoy": 0.17217410450163004,
      "rev_growth_yoy_accel": -1.1857324820943276,
      "fcf_margin_change": -0.09103380224918492
    },
    {
      "date": "2023-09-30T00:00:00",
      "quarter_label": "2023-09 (Q3)",
      "revenue": 27347642,
      "gross_profit": 8707849,
      "operating_income": -1142154,
      "net_income": -1356388,
      "opex": 9850003,
      "cogs": 18639793,
      "rd": null,
      "sga": null,
      "fcf": -4086880,
      "ocf": -3792204,
      "capex": -294676,
      "gross_margin": 0.31841315605930487,
      "op_margin": -0.04176425887102076,
      "fcf_margin": -0.14944176905635959,
      "incr_op_margin_yoy": 0.11601797293597704,
      "rev_growth_yoy": 1.3663248222226319,
      "rev_growth_yoy_accel": 1.1941507177210018,
      "op_leverage_ratio": 1.8507903289583847,
      "fcf_margin_change": 0.001591715266464927
    },
    {
      "date": "2023-12-31T00:00:00",
      "quarter_label": "2023-12 (Q4)",
      "revenue": 21827827,
      "gross_profit": 8271253,
      "operating_income": -1787121,
      "net_income": -2437919,
      "opex": 10058374,
      "cogs": 13556574,
      "rd": null,
      "sga": null,
      "fcf": 1790,
      "ocf": 187570,
      "capex": -185780,
      "gross_margin": 0.3789315812334412,
      "op_margin": -0.08187351860540218,
      "fcf_margin": 8.200541446475639e-05,
      "incr_op_margin_yoy": -0.06680174068640547,
      "rev_growth_yoy": -0.19414880499162096,
      "rev_growth_yoy_accel": -1.5604736272142528,
      "fcf_margin_change": 0.14952377447082435
    },
    {
      "date": "2024-03-31T00:00:00",
      "quarter_label": "2024-03 (Q1)",
      "revenue": 14444957,
      "gross_profit": 2883123,
      "operating_income": -4937047,
      "net_income": -4118612,
      "opex": 7820170,
      "cogs": 11561834,
      "rd": null,
      "sga": null,
      "fcf": 600941,
      "ocf": 783542,
      "capex": -182601,
      "gross_margin": 0.19959374056980578,
      "op_margin": -0.3417834334847795,
      "fcf_margin": 0.04160213145667377,
      "incr_op_margin_yoy": 0.2596914539155401,
      "rev_growth_yoy": -0.40358018113131827,
      "rev_growth_yoy_accel": -0.2094313761396973,
      "fcf_margin_change": 0.04152012604220901
    },
    {
      "date": "2024-06-30T00:00:00",
      "quarter_label": "2024-06 (Q2)",
      "revenue": -33585496,
      "gross_profit": -3896712,
      "operating_income": -14498792,
      "net_income": null,
      "opex": 10602080,
      "cogs": -29688784,
      "rd": null,
      "sga": null,
      "fcf": 2450208,
      "ocf": 2719716,
      "capex": -269508,
      "gross_margin": 0.1160236549729681,
      "op_margin": 0.43169801631037397,
      "fcf_margin": -0.07295434910355351,
      "incr_op_margin_yoy": 0.28129122354171276,
      "rev_growth_yoy": -2.885408278192669,
      "rev_growth_yoy_accel": -2.4818280970613507,
      "fcf_margin_change": -0.11455648056022728
    },
    {
      "date": "2024-09-30T00:00:00",
      "quarter_label": "2024-09 (Q3)",
      "revenue": 4356515,
      "gross_profit": 2930068,
      "operating_income": -1335165,
      "net_income": -1625577,
      "opex": 4265233,
      "cogs": 1426447,
      "rd": null,
      "sga": null,
      "fcf": -2142002,
      "ocf": -1974592,
      "capex": -167410,
      "gross_margin": 0.6725715394070719,
      "op_margin": -0.3064754740888072,
      "fcf_margin": -0.49167786636795696,
      "incr_op_margin_yoy": 0.008395021261898122,
      "rev_growth_yoy": -0.8406986971673829,
      "rev_growth_yoy_accel": 2.0447095810252858,
      "fcf_margin_change": -0.41872351726440343
    },
    {
      "date": "2024-12-31T00:00:00",
      "quarter_label": "2024-12 (Q4)",
      "revenue": 4005492,
      "gross_profit": 2974106,
      "operating_income": -1073199,
      "net_income": -1301310,
      "opex": 4047305,
      "cogs": 1031386,
      "rd": null,
      "sga": null,
      "fcf": -1384044,
      "ocf": -1384044,
      "capex": null,
      "gross_margin": 0.7425070378370497,
      "op_margin": -0.2679318795294061,
      "fcf_margin": -0.34553657827802425,
      "incr_op_margin_yoy": -0.04005771409862961,
      "rev_growth_yoy": -0.8164960717344882,
      "rev_growth_yoy_accel": 0.024202625432894642,
      "fcf_margin_change": 0.1461412880899327
    },
    {
      "date": "2025-03-31T00:00:00",
      "quarter_label": "2025-03 (Q1)",
      "revenue": 3160480,
      "gross_profit": 1559106,
      "operating_income": -3587233,
      "net_income": -3831660,
      "opex": 5146339,
      "cogs": 1601374,
      "rd": null,
      "sga": null,
      "fcf": -809299,
      "ocf": -778710,
      "capex": -30589,
      "gross_margin": 0.49331304105705465,
      "op_margin": -1.1350279071533438,
      "fcf_margin": -0.2560683820179213,
      "incr_op_margin_yoy": -0.1196168860993735,
      "rev_growth_yoy": -0.7812053023072343,
      "rev_growth_yoy_accel": 0.035290769427253954,
      "fcf_margin_change": 0.08946819626010294
    },
    {
      "date": "2025-06-30T00:00:00",
      "quarter_label": "2025-06 (Q2)",
      "revenue": 4288858,
      "gross_profit": 3404760,
      "operating_income": -6504155,
      "net_income": null,
      "opex": 9908915,
      "cogs": 884098,
      "rd": null,
      "sga": null,
      "fcf": -4475457,
      "ocf": -4285696,
      "capex": -189761,
      "gross_margin": 0.7938616759985991,
      "op_margin": -1.5165237459482221,
      "fcf_margin": -1.0435078522068113,
      "incr_op_margin_yoy": 0.211083125008548,
      "op_leverage_ratio": 0.3857962796729655,
      "fcf_margin_change": -0.78743947018889
    },
    {
      "date": "2025-09-30T00:00:00",
      "quarter_label": "2025-09 (Q3)",
      "revenue": 9239745,
      "gross_profit": 8283000,
      "operating_income": 69155275,
      "net_income": 66748122,
      "opex": -60872275,
      "cogs": 956745,
      "rd": null,
      "sga": null,
      "fcf": -9795048,
      "ocf": -9780221,
      "capex": -14827,
      "gross_margin": 0.8964533112115107,
      "op_margin": 7.484543675177183,
      "fcf_margin": -1.0600993858596748,
      "incr_op_margin_yoy": 14.435207843988508,
      "rev_growth_yoy": 1.1209028317359173,
      "op_leverage_ratio": null,
      "fcf_margin_change": -0.016591533652863477
    },
    {
      "date": "2025-12-31T00:00:00",
      "quarter_label": "2025-12 (Q4)",
      "revenue": 8052040,
      "gross_profit": 6711159,
      "operating_income": -175364827,
      "net_income": -178924930,
      "opex": 182075986,
      "cogs": 1340881,
      "rd": null,
      "sga": null,
      "fcf": -2699117,
      "ocf": -2681666,
      "capex": -17451,
      "gross_margin": 0.833473132274554,
      "op_margin": -21.77893142607339,
      "fcf_margin": -0.3352090898703931,
      "incr_op_margin_yoy": -43.071681838446004,
      "rev_growth_yoy": 1.0102499268504344,
      "rev_growth_yoy_accel": -0.11065290488548296,
      "fcf_margin_change": 0.7248902959892817
    }
  ],
  "signals": [
    {
      "quarter": "2025-12 (Q4)",
      "signal": "FCF MARGIN EXPANSION",
      "detail": "FCF margin: -106.0% -> -33.5% (+72.5%)",
      "severity": "MEDIUM"
    },
    {
      "quarter": "2025-12 (Q4)",
      "signal": "YoY REVENUE GROWTH DECELERATION",
      "detail": "YoY growth: +101.0% vs prior quarter YoY: +112.1% (decel: -11.1%)",
      "severity": "WARNING"
    },
    {
      "quarter": "2025-09 (Q3)",
      "signal": "OP MARGIN TURNED POSITIVE (YoY)",
      "detail": "Op margin: -30.6% (year-ago) -> +748.5%",
      "severity": "HIGH"
    },
    {
      "quarter": "2025-09 (Q3)",
      "signal": "OP MARGIN TURNED POSITIVE (QoQ)",
      "detail": "Op margin: -151.7% -> +748.5%",
      "severity": "HIGH"
    },
    {
      "quarter": "2025-06 (Q2)",
      "signal": "GROSS MARGIN INFLECTION",
      "detail": "GM: +74.3% -> +49.3% -> +79.4% (reversal +30.1%)",
      "severity": "HIGH"
    },
    {
      "quarter": "2025-03 (Q1)",
      "signal": "FCF MARGIN EXPANSION",
      "detail": "FCF margin: -34.6% -> -25.6% (+8.9%)",
      "severity": "MEDIUM"
    },
    {
      "quarter": "2024-12 (Q4)",
      "signal": "FCF MARGIN EXPANSION",
      "detail": "FCF margin: -49.2% -> -34.6% (+14.6%)",
      "severity": "MEDIUM"
    },
    {
      "quarter": "2024-09 (Q3)",
      "signal": "GROSS MARGIN INFLECTION",
      "detail": "GM: +20.0% -> +11.6% -> +67.3% (reversal +55.7%)",
      "severity": "HIGH"
    },
    {
      "quarter": "2024-09 (Q3)",
      "signal": "YoY REVENUE GROWTH ACCELERATION",
      "detail": "YoY growth: -84.1% vs prior quarter YoY: -288.5% (accel: +204.5%)",
      "severity": "HIGH"
    },
    {
      "quarter": "2024-06 (Q2)",
      "signal": "YoY REVENUE GROWTH DECELERATION",
      "detail": "YoY growth: -288.5% vs prior quarter YoY: -40.4% (decel: -248.2%)",
      "severity": "WARNING"
    },
    {
      "quarter": "2024-06 (Q2)",
      "signal": "OP MARGIN TURNED POSITIVE (YoY)",
      "detail": "Op margin: -0.2% (year-ago) -> +43.2%",
      "severity": "HIGH"
    },
    {
      "quarter": "2024-06 (Q2)",
      "signal": "OP MARGIN TURNED POSITIVE (QoQ)",
      "detail": "Op margin: -34.2% -> +43.2%",
      "severity": "HIGH"
    },
    {
      "quarter": "2024-03 (Q1)",
      "signal": "YoY REVENUE GROWTH DECELERATION",
      "detail": "YoY growth: -40.4% vs prior quarter YoY: -19.4% (decel: -20.9%)",
      "severity": "WARNING"
    },
    {
      "quarter": "2023-12 (Q4)",
      "signal": "FCF TURNED POSITIVE",
      "detail": "FCF margin: -14.9% -> +0.0%",
      "severity": "HIGH"
    },
    {
      "quarter": "2023-12 (Q4)",
      "signal": "GROSS MARGIN INFLECTION",
      "detail": "GM: +42.7% -> +31.8% -> +37.9% (reversal +6.1%)",
      "severity": "HIGH"
    },
    {
      "quarter": "2023-12 (Q4)",
      "signal": "YoY REVENUE GROWTH DECELERATION",
      "detail": "YoY growth: -19.4% vs prior quarter YoY: +136.6% (decel: -156.0%)",
      "severity": "WARNING"
    },
    {
      "quarter": "2023-09 (Q3)",
      "signal": "OPERATING LEVERAGE",
      "detail": "Rev growth +53.5% vs OpEx growth +28.9% (leverage: 1.9x)",
      "severity": "MEDIUM"
    },
    {
      "quarter": "2023-09 (Q3)",
      "signal": "YoY REVENUE GROWTH ACCELERATION",
      "detail": "YoY growth: +136.6% vs prior quarter YoY: +17.2% (accel: +119.4%)",
      "severity": "HIGH"
    },
    {
      "quarter": "2023-06 (Q2)",
      "signal": "YoY REVENUE GROWTH DECELERATION",
      "detail": "YoY growth: +17.2% vs prior quarter YoY: +135.8% (decel: -118.6%)",
      "severity": "WARNING"
    },
    {
      "quarter": "2023-03 (Q1)",
      "signal": "YoY REVENUE GROWTH DECELERATION",
      "detail": "YoY growth: +135.8% vs prior quarter YoY: +153.9% (decel: -18.1%)",
      "severity": "WARNING"
    },
    {
      "quarter": "2022-12 (Q4)",
      "signal": "FCF TURNED POSITIVE",
      "detail": "FCF margin: -23.1% -> +22.4%",
      "severity": "HIGH"
    },
    {
      "quarter": "2022-12 (Q4)",
      "signal": "OPERATING LEVERAGE",
      "detail": "Rev growth +134.4% vs OpEx growth +38.1% (leverage: 3.5x)",
      "severity": "MEDIUM"
    },
    {
      "quarter": "2022-12 (Q4)",
      "signal": "YoY REVENUE GROWTH ACCELERATION",
      "detail": "YoY growth: +153.9% vs prior quarter YoY: +36.8% (accel: +117.2%)",
      "severity": "HIGH"
    },
    {
      "quarter": "2022-09 (Q3)",
      "signal": "GROSS MARGIN INFLECTION",
      "detail": "GM: +59.3% -> +46.1% -> +52.3% (reversal +6.1%)",
      "severity": "HIGH"
    },
    {
      "quarter": "2022-09 (Q3)",
      "signal": "YoY REVENUE GROWTH DECELERATION",
      "detail": "YoY growth: +36.8% vs prior quarter YoY: +42.8% (decel: -6.0%)",
      "severity": "WARNING"
    },
    {
      "quarter": "2022-06 (Q2)",
      "signal": "YoY REVENUE GROWTH DECELERATION",
      "detail": "YoY growth: +42.8% vs prior quarter YoY: +61.8% (decel: -19.1%)",
      "severity": "WARNING"
    },
    {
      "quarter": "2022-03 (Q1)",
      "signal": "FCF TURNED POSITIVE",
      "detail": "FCF margin: -42.6% -> +4.0%",
      "severity": "HIGH"
    },
    {
      "quarter": "2021-09 (Q3)",
      "signal": "GROSS MARGIN INFLECTION",
      "detail": "GM: +53.5% -> +49.3% -> +63.7% (reversal +14.3%)",
      "severity": "HIGH"
    }
  ],
  "data_quality": {
    "n_quarters": 20,
    "coverage": {
      "revenue": [
        20,
        20
      ],
      "gross_profit": [
        20,
        20
      ],
      "op_income": [
        20,
        20
      ],
      "fcf": [
        20,
        20
      ]
    },
    "gaps": [],
    "warnings": []
  },
  "market_cap": null,
  "source": "SEC EDGAR",
  "last_updated": "2026-02-13T11:47:46.263567"
}