{
  "ticker": "URBN",
  "name": "URBAN OUTFITTERS, INC.",
  "quarters": [
    {
      "date": "2021-01-31T00:00:00",
      "quarter_label": "2021-01 (Q1)",
      "revenue": 1088393000,
      "gross_profit": 289084000,
      "operating_income": 34780000,
      "net_income": 28574000,
      "opex": 254304000,
      "cogs": 798341000,
      "rd": null,
      "sga": 254304000,
      "fcf": 1056000,
      "ocf": 71145000,
      "capex": -70089000,
      "gross_margin": 0.26560626538391924,
      "op_margin": 0.03195536906246181,
      "fcf_margin": 0.0009702377725692834
    },
    {
      "date": "2021-04-30T00:00:00",
      "quarter_label": "2021-04 (Q2)",
      "revenue": 927415000,
      "gross_profit": 300651000,
      "operating_income": 73503000,
      "net_income": 53547000,
      "opex": 227148000,
      "cogs": 626764000,
      "rd": null,
      "sga": 227148000,
      "fcf": -5483000,
      "ocf": 37106000,
      "capex": -42589000,
      "gross_margin": 0.3241817309403018,
      "op_margin": 0.07925578085323183,
      "fcf_margin": -0.005912132109142078,
      "fcf_margin_change": -0.006882369881711361
    },
    {
      "date": "2021-07-31T00:00:00",
      "quarter_label": "2021-07 (Q3)",
      "revenue": 1157725000,
      "gross_profit": 435265000,
      "operating_income": 165853000,
      "net_income": 127262000,
      "opex": 269412000,
      "cogs": 722460000,
      "rd": null,
      "sga": 269412000,
      "fcf": 95052000,
      "ocf": 158087000,
      "capex": -63035000,
      "gross_margin": 0.37596579498585586,
      "op_margin": 0.14325768209203393,
      "fcf_margin": 0.0821023991016865,
      "op_leverage_ratio": 1.3346795278381858,
      "fcf_margin_change": 0.08801453121082858
    },
    {
      "date": "2021-10-31T00:00:00",
      "quarter_label": "2021-10 (Q4)",
      "revenue": 1131424000,
      "gross_profit": 390738000,
      "operating_income": 115902000,
      "net_income": 88855000,
      "opex": 274836000,
      "cogs": 740686000,
      "rd": null,
      "sga": 274836000,
      "fcf": -26298000,
      "ocf": 27086000,
      "capex": -53384000,
      "gross_margin": 0.3453506377803547,
      "op_margin": 0.10243905025878892,
      "fcf_margin": -0.023243275730406993,
      "fcf_margin_change": -0.10534567483209349
    },
    {
      "date": "2022-01-31T00:00:00",
      "quarter_label": "2022-01 (Q1)",
      "revenue": 1332199000,
      "gross_profit": 367296000,
      "operating_income": 53308000,
      "net_income": 40952000,
      "opex": 313988000,
      "cogs": 964903000,
      "rd": null,
      "sga": 313988000,
      "fcf": 33619000,
      "ocf": 137040000,
      "capex": -103421000,
      "gross_margin": 0.2757065573536686,
      "op_margin": 0.04001504279766011,
      "fcf_margin": 0.025235719288184424,
      "incr_op_margin_yoy": 0.07599484836304275,
      "rev_growth_yoy": 0.22400548331347225,
      "op_leverage_ratio": 1.245672608925275,
      "fcf_margin_change": 0.04847899501859142
    },
    {
      "date": "2022-04-30T00:00:00",
      "quarter_label": "2022-04 (Q2)",
      "revenue": 1051934000,
      "gross_profit": 323301000,
      "operating_income": 46237000,
      "net_income": 31533000,
      "opex": 277064000,
      "cogs": 728633000,
      "rd": null,
      "sga": 277064000,
      "fcf": -153280000,
      "ocf": -79557000,
      "capex": -73723000,
      "gross_margin": 0.30733962396880415,
      "op_margin": 0.04395427850036219,
      "fcf_margin": -0.14571256371597457,
      "incr_op_margin_yoy": -0.21897059886443032,
      "rev_growth_yoy": 0.13426459567723187,
      "rev_growth_yoy_accel": -0.08974088763624039,
      "fcf_margin_change": -0.17094828300415899
    },
    {
      "date": "2022-07-31T00:00:00",
      "quarter_label": "2022-07 (Q3)",
      "revenue": 1183388000,
      "gross_profit": 374552000,
      "operating_income": 85818000,
      "net_income": 59473000,
      "opex": 288734000,
      "cogs": 808836000,
      "rd": null,
      "sga": 288734000,
      "fcf": 15965000,
      "ocf": 47894000,
      "capex": -31929000,
      "gross_margin": 0.31650819511436656,
      "op_margin": 0.0725189033520705,
      "fcf_margin": 0.013490926052993608,
      "incr_op_margin_yoy": -3.1186922807154267,
      "rev_growth_yoy": 0.02216674944395258,
      "rev_growth_yoy_accel": -0.11209784623327929,
      "op_leverage_ratio": 2.9668429480041616,
      "fcf_margin_change": 0.15920348976896817
    },
    {
      "date": "2022-10-31T00:00:00",
      "quarter_label": "2022-10 (Q4)",
      "revenue": 1175349000,
      "gross_profit": 357043000,
      "operating_income": 57318000,
      "net_income": 37231000,
      "opex": 299725000,
      "cogs": 817348000,
      "rd": null,
      "sga": 299725000,
      "fcf": -12300000,
      "ocf": 25493000,
      "capex": -37793000,
      "gross_margin": 0.30377615499736677,
      "op_margin": 0.048766791820982536,
      "fcf_margin": -0.01046497678561857,
      "incr_op_margin_yoy": -1.3337279453614115,
      "rev_growth_yoy": 0.03882275786972877,
      "rev_growth_yoy_accel": 0.01665600842577619,
      "fcf_margin_change": -0.023955902838612177
    },
    {
      "date": "2023-01-31T00:00:00",
      "quarter_label": "2023-01 (Q1)",
      "revenue": 1384573000,
      "gross_profit": 372320000,
      "operating_income": 37250000,
      "net_income": 31462000,
      "opex": 335070000,
      "cogs": 1006794000,
      "rd": null,
      "sga": 335070000,
      "fcf": 92831000,
      "ocf": 148899000,
      "capex": -56068000,
      "gross_margin": 0.2689060092895066,
      "op_margin": 0.026903601326907285,
      "fcf_margin": 0.06704666348397664,
      "incr_op_margin_yoy": -0.3066025126971398,
      "rev_growth_yoy": 0.039313946339848624,
      "rev_growth_yoy_accel": 0.0004911884701198563,
      "op_leverage_ratio": 1.5095226765091472,
      "fcf_margin_change": 0.07751164026959521
    },
    {
      "date": "2023-04-30T00:00:00",
      "quarter_label": "2023-04 (Q2)",
      "revenue": 1113674000,
      "gross_profit": 371231000,
      "operating_income": 71383000,
      "net_income": 52817000,
      "opex": 299848000,
      "cogs": 742443000,
      "rd": null,
      "sga": 299848000,
      "fcf": 3373000,
      "ocf": 36277000,
      "capex": -32904000,
      "gross_margin": 0.33333902021596984,
      "op_margin": 0.06409685419611125,
      "fcf_margin": 0.0030287139683605794,
      "incr_op_margin_yoy": 0.4072886297376093,
      "rev_growth_yoy": 0.05869189511889529,
      "rev_growth_yoy_accel": 0.019377948779046666,
      "fcf_margin_change": -0.06401794951561607
    },
    {
      "date": "2023-07-31T00:00:00",
      "quarter_label": "2023-07 (Q3)",
      "revenue": 1272195000,
      "gross_profit": 455581000,
      "operating_income": 132098000,
      "net_income": 104092000,
      "opex": 323483000,
      "cogs": 816614000,
      "rd": null,
      "sga": 323483000,
      "fcf": 129357000,
      "ocf": 174970000,
      "capex": -45613000,
      "gross_margin": 0.358106265155892,
      "op_margin": 0.10383471087372612,
      "fcf_margin": 0.10168016695553747,
      "incr_op_margin_yoy": 0.5211300910964226,
      "rev_growth_yoy": 0.07504470216023823,
      "rev_growth_yoy_accel": 0.01635280704134294,
      "op_leverage_ratio": 1.8058192257090757,
      "fcf_margin_change": 0.0986514529871769
    },
    {
      "date": "2023-10-31T00:00:00",
      "quarter_label": "2023-10 (Q4)",
      "revenue": 1281174000,
      "gross_profit": 454407000,
      "operating_income": 108978000,
      "net_income": 83014000,
      "opex": 345429000,
      "cogs": 825375000,
      "rd": null,
      "sga": 345429000,
      "fcf": -3528000,
      "ocf": 68992000,
      "capex": -72520000,
      "gross_margin": 0.3546801605402545,
      "op_margin": 0.08506104557226418,
      "fcf_margin": -0.0027537243184766473,
      "incr_op_margin_yoy": 0.4881644223954642,
      "rev_growth_yoy": 0.09003708685675489,
      "rev_growth_yoy_accel": 0.014992384696516661,
      "fcf_margin_change": -0.10443389127401412
    },
    {
      "date": "2024-01-31T00:00:00",
      "quarter_label": "2024-01 (Q1)",
      "revenue": 1486194000,
      "gross_profit": 434185000,
      "operating_income": 57336000,
      "net_income": 47751000,
      "opex": 376849000,
      "cogs": 1041526000,
      "rd": null,
      "sga": 370445000,
      "fcf": 180584000,
      "ocf": 229172000,
      "capex": -48588000,
      "gross_margin": 0.29214557453468387,
      "op_margin": 0.038579081869527125,
      "fcf_margin": 0.12150769011313463,
      "incr_op_margin_yoy": 0.19765599629997738,
      "rev_growth_yoy": 0.07339519115279584,
      "rev_growth_yoy_accel": -0.016641895703959048,
      "op_leverage_ratio": 1.7593033402526215,
      "fcf_margin_change": 0.12426141443161128
    },
    {
      "date": "2024-04-30T00:00:00",
      "quarter_label": "2024-04 (Q2)",
      "revenue": 1200732000,
      "gross_profit": 408385000,
      "operating_income": 74624000,
      "net_income": 61765000,
      "opex": 333761000,
      "cogs": 787746000,
      "rd": null,
      "sga": 333761000,
      "fcf": 17460000,
      "ocf": 58551000,
      "capex": -41091000,
      "gross_margin": 0.3401133641811828,
      "op_margin": 0.06214875592555208,
      "fcf_margin": 0.01454112991075444,
      "incr_op_margin_yoy": 0.037228054859978404,
      "rev_growth_yoy": 0.07817188872147504,
      "rev_growth_yoy_accel": 0.004776697568679197,
      "fcf_margin_change": -0.10696656020238018
    },
    {
      "date": "2024-07-31T00:00:00",
      "quarter_label": "2024-07 (Q3)",
      "revenue": 1351959000,
      "gross_profit": 493285000,
      "operating_income": 145135000,
      "net_income": 117485000,
      "opex": 348150000,
      "cogs": 858674000,
      "rd": null,
      "sga": 348150000,
      "fcf": 47500000,
      "ocf": 105263000,
      "capex": -57763000,
      "gross_margin": 0.3648668339794328,
      "op_margin": 0.10735162826683353,
      "fcf_margin": 0.03513420155492881,
      "incr_op_margin_yoy": 0.1634446617521689,
      "rev_growth_yoy": 0.06269793545800761,
      "rev_growth_yoy_accel": -0.015473953263467427,
      "op_leverage_ratio": 2.921381180948938,
      "fcf_margin_change": 0.020593071644174368
    },
    {
      "date": "2024-10-31T00:00:00",
      "quarter_label": "2024-10 (Q4)",
      "revenue": 1361855000,
      "gross_profit": 497319000,
      "operating_income": 128691000,
      "net_income": 102911000,
      "opex": 368628000,
      "cogs": 864536000,
      "rd": null,
      "sga": 368628000,
      "fcf": -26650000,
      "ocf": 18548000,
      "capex": -45198000,
      "gross_margin": 0.3651776437285908,
      "op_margin": 0.0944968443777054,
      "fcf_margin": -0.019568896835566195,
      "incr_op_margin_yoy": 0.24433261858430114,
      "rev_growth_yoy": 0.06297427203486802,
      "rev_growth_yoy_accel": 0.0002763365768604087,
      "fcf_margin_change": -0.054703098390495
    },
    {
      "date": "2025-01-31T00:00:00",
      "quarter_label": "2025-01 (Q1)",
      "revenue": 1636120000,
      "gross_profit": 527681000,
      "operating_income": 125314000,
      "net_income": 120301000,
      "opex": 402367000,
      "cogs": 1108439000,
      "rd": null,
      "sga": 402367000,
      "fcf": 281943000,
      "ocf": 320472000,
      "capex": -38529000,
      "gross_margin": 0.32251974182822774,
      "op_margin": 0.07659218150257928,
      "fcf_margin": 0.1723241571522871,
      "incr_op_margin_yoy": 0.4534103491055587,
      "rev_growth_yoy": 0.10087915844095724,
      "rev_growth_yoy_accel": 0.03790488640608922,
      "op_leverage_ratio": 2.2003695851676275,
      "fcf_margin_change": 0.1918930539878533
    },
    {
      "date": "2025-04-30T00:00:00",
      "quarter_label": "2025-04 (Q2)",
      "revenue": 1329501000,
      "gross_profit": 489064000,
      "operating_income": 128227000,
      "net_income": 108347000,
      "opex": 360837000,
      "cogs": 840437000,
      "rd": null,
      "sga": 360837000,
      "fcf": -13126000,
      "ocf": 33032000,
      "capex": -46158000,
      "gross_margin": 0.36785530811936207,
      "op_margin": 0.09644746412375771,
      "fcf_margin": -0.009872877117053692,
      "incr_op_margin_yoy": 0.4162725500702809,
      "rev_growth_yoy": 0.10724208232977883,
      "rev_growth_yoy_accel": 0.006362923888821592,
      "fcf_margin_change": -0.1821970342693408
    },
    {
      "date": "2025-07-31T00:00:00",
      "quarter_label": "2025-07 (Q3)",
      "revenue": 1504755000,
      "gross_profit": 566161000,
      "operating_income": 174387000,
      "net_income": 143865000,
      "opex": 391774000,
      "cogs": 938594000,
      "rd": null,
      "sga": 391774000,
      "fcf": 156623000,
      "ocf": 218014000,
      "capex": -61391000,
      "gross_margin": 0.37624796063146493,
      "op_margin": 0.11589062671331878,
      "fcf_margin": 0.10408538267026858,
      "incr_op_margin_yoy": 0.1914448022199534,
      "rev_growth_yoy": 0.11301822022709268,
      "rev_growth_yoy_accel": 0.005776137897313849,
      "op_leverage_ratio": 1.5374894233961165,
      "fcf_margin_change": 0.11395825978732227
    },
    {
      "date": "2025-10-31T00:00:00",
      "quarter_label": "2025-10 (Q4)",
      "revenue": 1529350000,
      "gross_profit": 563327000,
      "operating_income": 144319000,
      "net_income": 116440000,
      "opex": 419008000,
      "cogs": 964034000,
      "rd": null,
      "sga": 419008000,
      "fcf": -22759000,
      "ocf": 61139000,
      "capex": -83898000,
      "gross_margin": 0.36834406774119727,
      "op_margin": 0.09436623402098931,
      "fcf_margin": -0.01488148559845686,
      "incr_op_margin_yoy": 0.09330427773963403,
      "rev_growth_yoy": 0.12299033303839249,
      "rev_growth_yoy_accel": 0.00997211281129981,
      "op_leverage_ratio": 0.23512846543720367,
      "fcf_margin_change": -0.11896686826872543
    }
  ],
  "signals": [
    {
      "quarter": "2025-07 (Q3)",
      "signal": "FCF TURNED POSITIVE",
      "detail": "FCF margin: -1.0% -> +10.4%",
      "severity": "HIGH"
    },
    {
      "quarter": "2025-07 (Q3)",
      "signal": "OPERATING LEVERAGE",
      "detail": "Rev growth +13.2% vs OpEx growth +8.6% (leverage: 1.5x)",
      "severity": "MEDIUM"
    },
    {
      "quarter": "2025-04 (Q2)",
      "signal": "GROSS MARGIN INFLECTION",
      "detail": "GM: +36.5% -> +32.3% -> +36.8% (reversal +4.5%)",
      "severity": "MEDIUM"
    },
    {
      "quarter": "2025-04 (Q2)",
      "signal": "INCREMENTAL MARGIN (YoY)",
      "detail": "YoY Incr OPM: +41.6% vs year-ago OPM: +6.2%",
      "severity": "HIGH"
    },
    {
      "quarter": "2025-01 (Q1)",
      "signal": "FCF TURNED POSITIVE",
      "detail": "FCF margin: -2.0% -> +17.2%",
      "severity": "HIGH"
    },
    {
      "quarter": "2025-01 (Q1)",
      "signal": "OPERATING LEVERAGE",
      "detail": "Rev growth +20.1% vs OpEx growth +9.2% (leverage: 2.2x)",
      "severity": "MEDIUM"
    },
    {
      "quarter": "2025-01 (Q1)",
      "signal": "INCREMENTAL MARGIN (YoY)",
      "detail": "YoY Incr OPM: +45.3% vs year-ago OPM: +3.9%",
      "severity": "HIGH"
    },
    {
      "quarter": "2024-10 (Q4)",
      "signal": "INCREMENTAL MARGIN (YoY)",
      "detail": "YoY Incr OPM: +24.4% vs year-ago OPM: +8.5%",
      "severity": "MEDIUM"
    },
    {
      "quarter": "2024-07 (Q3)",
      "signal": "OPERATING LEVERAGE",
      "detail": "Rev growth +12.6% vs OpEx growth +4.3% (leverage: 2.9x)",
      "severity": "MEDIUM"
    },
    {
      "quarter": "2024-04 (Q2)",
      "signal": "GROSS MARGIN INFLECTION",
      "detail": "GM: +35.5% -> +29.2% -> +34.0% (reversal +4.8%)",
      "severity": "MEDIUM"
    },
    {
      "quarter": "2024-01 (Q1)",
      "signal": "FCF TURNED POSITIVE",
      "detail": "FCF margin: -0.3% -> +12.2%",
      "severity": "HIGH"
    },
    {
      "quarter": "2024-01 (Q1)",
      "signal": "OPERATING LEVERAGE",
      "detail": "Rev growth +16.0% vs OpEx growth +9.1% (leverage: 1.8x)",
      "severity": "MEDIUM"
    },
    {
      "quarter": "2024-01 (Q1)",
      "signal": "INCREMENTAL MARGIN (YoY)",
      "detail": "YoY Incr OPM: +19.8% vs year-ago OPM: +2.7%",
      "severity": "MEDIUM"
    },
    {
      "quarter": "2023-10 (Q4)",
      "signal": "INCREMENTAL MARGIN (YoY)",
      "detail": "YoY Incr OPM: +48.8% vs year-ago OPM: +4.9%",
      "severity": "HIGH"
    },
    {
      "quarter": "2023-07 (Q3)",
      "signal": "FCF MARGIN EXPANSION",
      "detail": "FCF margin: +0.3% -> +10.2% (+9.9%)",
      "severity": "MEDIUM"
    },
    {
      "quarter": "2023-07 (Q3)",
      "signal": "OPERATING LEVERAGE",
      "detail": "Rev growth +14.2% vs OpEx growth +7.9% (leverage: 1.8x)",
      "severity": "MEDIUM"
    },
    {
      "quarter": "2023-07 (Q3)",
      "signal": "INCREMENTAL MARGIN (YoY)",
      "detail": "YoY Incr OPM: +52.1% vs year-ago OPM: +7.3%",
      "severity": "HIGH"
    },
    {
      "quarter": "2023-04 (Q2)",
      "signal": "GROSS MARGIN INFLECTION",
      "detail": "GM: +30.4% -> +26.9% -> +33.3% (reversal +6.4%)",
      "severity": "HIGH"
    },
    {
      "quarter": "2023-04 (Q2)",
      "signal": "INCREMENTAL MARGIN (YoY)",
      "detail": "YoY Incr OPM: +40.7% vs year-ago OPM: +4.4%",
      "severity": "HIGH"
    },
    {
      "quarter": "2023-01 (Q1)",
      "signal": "FCF TURNED POSITIVE",
      "detail": "FCF margin: -1.0% -> +6.7%",
      "severity": "HIGH"
    },
    {
      "quarter": "2023-01 (Q1)",
      "signal": "OPERATING LEVERAGE",
      "detail": "Rev growth +17.8% vs OpEx growth +11.8% (leverage: 1.5x)",
      "severity": "MEDIUM"
    },
    {
      "quarter": "2022-07 (Q3)",
      "signal": "FCF TURNED POSITIVE",
      "detail": "FCF margin: -14.6% -> +1.3%",
      "severity": "HIGH"
    },
    {
      "quarter": "2022-07 (Q3)",
      "signal": "OPERATING LEVERAGE",
      "detail": "Rev growth +12.5% vs OpEx growth +4.2% (leverage: 3.0x)",
      "severity": "MEDIUM"
    },
    {
      "quarter": "2022-07 (Q3)",
      "signal": "YoY REVENUE GROWTH DECELERATION",
      "detail": "YoY growth: +2.2% vs prior quarter YoY: +13.4% (decel: -11.2%)",
      "severity": "WARNING"
    },
    {
      "quarter": "2022-04 (Q2)",
      "signal": "GROSS MARGIN INFLECTION",
      "detail": "GM: +34.5% -> +27.6% -> +30.7% (reversal +3.2%)",
      "severity": "MEDIUM"
    },
    {
      "quarter": "2022-04 (Q2)",
      "signal": "YoY REVENUE GROWTH DECELERATION",
      "detail": "YoY growth: +13.4% vs prior quarter YoY: +22.4% (decel: -9.0%)",
      "severity": "WARNING"
    },
    {
      "quarter": "2022-01 (Q1)",
      "signal": "FCF TURNED POSITIVE",
      "detail": "FCF margin: -2.3% -> +2.5%",
      "severity": "HIGH"
    },
    {
      "quarter": "2021-07 (Q3)",
      "signal": "FCF TURNED POSITIVE",
      "detail": "FCF margin: -0.6% -> +8.2%",
      "severity": "HIGH"
    }
  ],
  "data_quality": {
    "n_quarters": 20,
    "coverage": {
      "revenue": [
        20,
        20
      ],
      "gross_profit": [
        20,
        20
      ],
      "op_income": [
        20,
        20
      ],
      "fcf": [
        20,
        20
      ]
    },
    "gaps": [],
    "warnings": []
  },
  "market_cap": null,
  "source": "SEC EDGAR",
  "last_updated": "2026-02-02T20:54:51.593338"
}