{
  "ticker": "URG",
  "name": "UR-ENERGY\u00a0INC.",
  "quarters": [
    {
      "date": "2020-09-30T00:00:00",
      "quarter_label": "2020-09 (Q3)",
      "revenue": 0,
      "gross_profit": null,
      "operating_income": null,
      "net_income": null,
      "opex": null,
      "cogs": null,
      "rd": null,
      "sga": null,
      "fcf": null,
      "ocf": null,
      "capex": 72000,
      "gross_margin": null,
      "op_margin": null,
      "fcf_margin": null
    },
    {
      "date": "2020-12-31T00:00:00",
      "quarter_label": "2020-12 (Q4)",
      "revenue": 8307696,
      "gross_profit": -1494000,
      "operating_income": -3737000,
      "net_income": -5221000,
      "opex": 2243000,
      "cogs": 1506000,
      "rd": null,
      "sga": null,
      "fcf": -2680000,
      "ocf": -2599000,
      "capex": -81000,
      "gross_margin": -0.17983325340744294,
      "op_margin": -0.44982387415235225,
      "fcf_margin": -0.3225924492181707
    },
    {
      "date": "2021-03-31T00:00:00",
      "quarter_label": "2021-03 (Q1)",
      "revenue": 0,
      "gross_profit": -1673000,
      "operating_income": -3485000,
      "net_income": -7372000,
      "opex": 1812000,
      "cogs": 1673000,
      "rd": null,
      "sga": null,
      "fcf": -2076000,
      "ocf": -2076000,
      "capex": null,
      "gross_margin": null,
      "op_margin": null,
      "fcf_margin": null
    },
    {
      "date": "2021-06-30T00:00:00",
      "quarter_label": "2021-06 (Q2)",
      "revenue": 7000,
      "gross_profit": -1828000,
      "operating_income": -4605000,
      "net_income": -6879000,
      "opex": 2777000,
      "cogs": 1835000,
      "rd": null,
      "sga": null,
      "fcf": -3754000,
      "ocf": -3715000,
      "capex": -39000,
      "gross_margin": -261.14285714285717,
      "op_margin": -657.8571428571429,
      "fcf_margin": -536.2857142857143
    },
    {
      "date": "2021-09-30T00:00:00",
      "quarter_label": "2021-09 (Q3)",
      "revenue": 9000,
      "gross_profit": -1694000,
      "operating_income": -3883000,
      "net_income": -9108000,
      "opex": 2189000,
      "cogs": 1703000,
      "rd": null,
      "sga": null,
      "fcf": -3342000,
      "ocf": -3342000,
      "capex": null,
      "gross_margin": -188.22222222222223,
      "op_margin": -431.44444444444446,
      "fcf_margin": -371.3333333333333,
      "op_leverage_ratio": Infinity,
      "fcf_margin_change": 164.95238095238102
    },
    {
      "date": "2021-12-31T00:00:00",
      "quarter_label": "2021-12 (Q4)",
      "revenue": 0,
      "gross_profit": -1789000,
      "operating_income": -4784000,
      "net_income": 816000,
      "opex": -16551000,
      "cogs": 1789000,
      "rd": null,
      "sga": null,
      "fcf": -2565000,
      "ocf": -2565000,
      "capex": null,
      "gross_margin": null,
      "op_margin": null,
      "fcf_margin": null,
      "incr_op_margin_yoy": 0.12602772176545698,
      "rev_growth_yoy": -1.0
    },
    {
      "date": "2022-03-31T00:00:00",
      "quarter_label": "2022-03 (Q1)",
      "revenue": 0,
      "gross_profit": -1722000,
      "operating_income": -5020000,
      "net_income": -6928000,
      "opex": 3298000,
      "cogs": 1722000,
      "rd": null,
      "sga": null,
      "fcf": -2282000,
      "ocf": -2222000,
      "capex": -60000,
      "gross_margin": null,
      "op_margin": null,
      "fcf_margin": null
    },
    {
      "date": "2022-06-30T00:00:00",
      "quarter_label": "2022-06 (Q2)",
      "revenue": 19000,
      "gross_profit": -1643000,
      "operating_income": -5103000,
      "net_income": -353000,
      "opex": 3460000,
      "cogs": 1662000,
      "rd": null,
      "sga": null,
      "fcf": -4199000,
      "ocf": -4174000,
      "capex": -25000,
      "gross_margin": -86.47368421052632,
      "op_margin": -268.57894736842104,
      "fcf_margin": -221.0,
      "rev_growth_yoy": 1.7142857142857142
    },
    {
      "date": "2022-09-30T00:00:00",
      "quarter_label": "2022-09 (Q3)",
      "revenue": 0,
      "gross_profit": -1655000,
      "operating_income": -4565000,
      "net_income": -4962000,
      "opex": 2910000,
      "cogs": 1655000,
      "rd": null,
      "sga": null,
      "fcf": -6068000,
      "ocf": -5940000,
      "capex": -128000,
      "gross_margin": null,
      "op_margin": null,
      "fcf_margin": null,
      "rev_growth_yoy": -1.0,
      "rev_growth_yoy_accel": -2.7142857142857144
    },
    {
      "date": "2022-12-31T00:00:00",
      "quarter_label": "2022-12 (Q4)",
      "revenue": 0,
      "gross_profit": -1822000,
      "operating_income": -5106000,
      "net_income": -4897000,
      "opex": 3284000,
      "cogs": 1822000,
      "rd": null,
      "sga": null,
      "fcf": -6251000,
      "ocf": -5755000,
      "capex": -496000,
      "gross_margin": null,
      "op_margin": null,
      "fcf_margin": null
    },
    {
      "date": "2023-03-31T00:00:00",
      "quarter_label": "2023-03 (Q1)",
      "revenue": 6447000,
      "gross_profit": -57000,
      "operating_income": -3122000,
      "net_income": -713000,
      "opex": 3065000,
      "cogs": 6504000,
      "rd": null,
      "sga": null,
      "fcf": 1662000,
      "ocf": 2327000,
      "capex": -665000,
      "gross_margin": -0.008841321544904607,
      "op_margin": -0.48425624321389793,
      "fcf_margin": 0.25779432294090276,
      "incr_op_margin_yoy": 0.29440049635489374
    },
    {
      "date": "2023-06-30T00:00:00",
      "quarter_label": "2023-06 (Q2)",
      "revenue": 39000,
      "gross_profit": -2912000,
      "operating_income": -8931000,
      "net_income": -7284000,
      "opex": 6019000,
      "cogs": 2951000,
      "rd": null,
      "sga": null,
      "fcf": -7810000,
      "ocf": -7289000,
      "capex": -521000,
      "gross_margin": -74.66666666666667,
      "op_margin": -229.0,
      "fcf_margin": -200.25641025641025,
      "rev_growth_yoy": 1.0526315789473684,
      "fcf_margin_change": -200.51420457935114
    },
    {
      "date": "2023-09-30T00:00:00",
      "quarter_label": "2023-09 (Q3)",
      "revenue": 5752000,
      "gross_profit": 897000,
      "operating_income": -10392000,
      "net_income": -17187000,
      "opex": -11289000,
      "cogs": 4855000,
      "rd": null,
      "sga": null,
      "fcf": -12434000,
      "ocf": -11697000,
      "capex": -737000,
      "gross_margin": 0.15594575799721835,
      "op_margin": -1.8066759388038942,
      "fcf_margin": -2.161682892906815,
      "incr_op_margin_yoy": -1.013038942976356,
      "op_leverage_ratio": Infinity,
      "fcf_margin_change": 198.09472736350344
    },
    {
      "date": "2023-12-31T00:00:00",
      "quarter_label": "2023-12 (Q4)",
      "revenue": 5441000,
      "gross_profit": 386000,
      "operating_income": -8397000,
      "net_income": -5472000,
      "opex": 49529000,
      "cogs": 5055000,
      "rd": null,
      "sga": null,
      "fcf": -439000,
      "ocf": -323000,
      "capex": -116000,
      "gross_margin": 0.07094284138945046,
      "op_margin": -1.543282484837346,
      "fcf_margin": -0.08068369784966,
      "incr_op_margin_yoy": -0.6048520492556515,
      "fcf_margin_change": 2.080999195057155
    },
    {
      "date": "2024-03-31T00:00:00",
      "quarter_label": "2024-03 (Q1)",
      "revenue": 0,
      "gross_profit": -1139000,
      "operating_income": -16284000,
      "net_income": -18541000,
      "opex": 15145000,
      "cogs": 1139000,
      "rd": null,
      "sga": null,
      "fcf": -15220000,
      "ocf": -14377000,
      "capex": -843000,
      "gross_margin": null,
      "op_margin": null,
      "fcf_margin": null,
      "incr_op_margin_yoy": 2.0415697223514813,
      "rev_growth_yoy": -1.0
    },
    {
      "date": "2024-06-30T00:00:00",
      "quarter_label": "2024-06 (Q2)",
      "revenue": 4653000,
      "gross_profit": 1326000,
      "operating_income": -11407000,
      "net_income": -6584000,
      "opex": 12733000,
      "cogs": 3327000,
      "rd": null,
      "sga": null,
      "fcf": -12271000,
      "ocf": -11261000,
      "capex": -1010000,
      "gross_margin": 0.28497743391360414,
      "op_margin": -2.451536643026005,
      "fcf_margin": -2.6372232967977647,
      "incr_op_margin_yoy": -0.5366276549631556,
      "rev_growth_yoy": 118.3076923076923,
      "rev_growth_yoy_accel": 119.3076923076923
    },
    {
      "date": "2024-09-30T00:00:00",
      "quarter_label": "2024-09 (Q3)",
      "revenue": 6400000,
      "gross_profit": 787000,
      "operating_income": -11863000,
      "net_income": -8002000,
      "opex": 12650000,
      "cogs": 5613000,
      "rd": null,
      "sga": null,
      "fcf": -10697000,
      "ocf": -6849000,
      "capex": -3848000,
      "gross_margin": 0.12296875,
      "op_margin": -1.85359375,
      "fcf_margin": -1.67140625,
      "rev_growth_yoy": 0.11265646731571627,
      "rev_growth_yoy_accel": -118.19503584037659,
      "op_leverage_ratio": Infinity,
      "fcf_margin_change": 0.9658170467977647
    },
    {
      "date": "2024-12-31T00:00:00",
      "quarter_label": "2024-12 (Q4)",
      "revenue": 22653000,
      "gross_profit": -9947000,
      "operating_income": -23535000,
      "net_income": -20062000,
      "opex": 13588000,
      "cogs": 32600000,
      "rd": null,
      "sga": null,
      "fcf": -42776000,
      "ocf": -39431000,
      "capex": -3345000,
      "gross_margin": -0.43910298856663577,
      "op_margin": -1.0389352403655145,
      "fcf_margin": -1.8883150134640003,
      "incr_op_margin_yoy": -0.879502672554032,
      "rev_growth_yoy": 3.1633890828891746,
      "rev_growth_yoy_accel": 3.0507326155734584,
      "op_leverage_ratio": 34.24847581289979,
      "fcf_margin_change": -0.21690876346400034
    },
    {
      "date": "2025-06-30T00:00:00",
      "quarter_label": "2025-06 (Q2)",
      "revenue": 10435000,
      "gross_profit": 1940000,
      "operating_income": -15763000,
      "net_income": -20956000,
      "opex": 17703000,
      "cogs": 8495000,
      "rd": null,
      "sga": null,
      "fcf": -17166000,
      "ocf": -12102000,
      "capex": -5064000,
      "gross_margin": 0.1859127934834691,
      "op_margin": -1.51058936272161,
      "fcf_margin": -1.64504072831816,
      "incr_op_margin_yoy": -0.7533725354548599,
      "rev_growth_yoy": 1.2426391575327747,
      "rev_growth_yoy_accel": -1.9207499253564,
      "fcf_margin_change": 0.24327428514584026
    },
    {
      "date": "2025-09-30T00:00:00",
      "quarter_label": "2025-09 (Q3)",
      "revenue": 6323000,
      "gross_profit": -740000,
      "operating_income": -19811000,
      "net_income": -27463000,
      "opex": 19071000,
      "cogs": 7063000,
      "rd": null,
      "sga": null,
      "fcf": -20390000,
      "ocf": -15046000,
      "capex": -5344000,
      "gross_margin": -0.11703305393009647,
      "op_margin": -3.13316463703938,
      "fcf_margin": -3.2247350941009016,
      "rev_growth_yoy": -0.01203125,
      "rev_growth_yoy_accel": -1.2546704075327746,
      "fcf_margin_change": -1.5796943657827416
    }
  ],
  "signals": [
    {
      "quarter": "2025-09 (Q3)",
      "signal": "YoY REVENUE GROWTH DECELERATION",
      "detail": "YoY growth: -1.2% vs prior quarter YoY: +124.3% (decel: -125.5%)",
      "severity": "WARNING"
    },
    {
      "quarter": "2025-06 (Q2)",
      "signal": "FCF MARGIN EXPANSION",
      "detail": "FCF margin: -188.8% -> -164.5% (+24.3%)",
      "severity": "MEDIUM"
    },
    {
      "quarter": "2025-06 (Q2)",
      "signal": "GROSS MARGIN INFLECTION",
      "detail": "GM: +12.3% -> -43.9% -> +18.6% (reversal +62.5%)",
      "severity": "HIGH"
    },
    {
      "quarter": "2025-06 (Q2)",
      "signal": "YoY REVENUE GROWTH DECELERATION",
      "detail": "YoY growth: +124.3% vs prior quarter YoY: +316.3% (decel: -192.1%)",
      "severity": "WARNING"
    },
    {
      "quarter": "2024-12 (Q4)",
      "signal": "OPERATING LEVERAGE",
      "detail": "Rev growth +254.0% vs OpEx growth +7.4% (leverage: 34.2x)",
      "severity": "MEDIUM"
    },
    {
      "quarter": "2024-12 (Q4)",
      "signal": "YoY REVENUE GROWTH ACCELERATION",
      "detail": "YoY growth: +316.3% vs prior quarter YoY: +11.3% (accel: +305.1%)",
      "severity": "HIGH"
    },
    {
      "quarter": "2024-09 (Q3)",
      "signal": "FCF MARGIN EXPANSION",
      "detail": "FCF margin: -263.7% -> -167.1% (+96.6%)",
      "severity": "MEDIUM"
    },
    {
      "quarter": "2024-09 (Q3)",
      "signal": "YoY REVENUE GROWTH DECELERATION",
      "detail": "YoY growth: +11.3% vs prior quarter YoY: +11830.8% (decel: -11819.5%)",
      "severity": "WARNING"
    },
    {
      "quarter": "2024-06 (Q2)",
      "signal": "YoY REVENUE GROWTH ACCELERATION",
      "detail": "YoY growth: +11830.8% vs prior quarter YoY: -100.0% (accel: +11930.8%)",
      "severity": "HIGH"
    },
    {
      "quarter": "2023-12 (Q4)",
      "signal": "FCF MARGIN EXPANSION",
      "detail": "FCF margin: -216.2% -> -8.1% (+208.1%)",
      "severity": "MEDIUM"
    },
    {
      "quarter": "2023-09 (Q3)",
      "signal": "FCF MARGIN EXPANSION",
      "detail": "FCF margin: -20025.6% -> -216.2% (+19809.5%)",
      "severity": "MEDIUM"
    },
    {
      "quarter": "2023-09 (Q3)",
      "signal": "GROSS MARGIN INFLECTION",
      "detail": "GM: -0.9% -> -7466.7% -> +15.6% (reversal +7482.3%)",
      "severity": "HIGH"
    },
    {
      "quarter": "2022-09 (Q3)",
      "signal": "YoY REVENUE GROWTH DECELERATION",
      "detail": "YoY growth: -100.0% vs prior quarter YoY: +171.4% (decel: -271.4%)",
      "severity": "WARNING"
    },
    {
      "quarter": "2021-09 (Q3)",
      "signal": "FCF MARGIN EXPANSION",
      "detail": "FCF margin: -53628.6% -> -37133.3% (+16495.2%)",
      "severity": "MEDIUM"
    }
  ],
  "data_quality": {
    "n_quarters": 20,
    "coverage": {
      "revenue": [
        20,
        20
      ],
      "gross_profit": [
        19,
        20
      ],
      "op_income": [
        19,
        20
      ],
      "fcf": [
        19,
        20
      ]
    },
    "gaps": [
      [
        "2024-12 (Q4)",
        "2025-06 (Q2)",
        181
      ]
    ],
    "warnings": [
      "gap: 1Q missing between 2024-12 (Q4) and 2025-06 (Q2)"
    ]
  },
  "market_cap": null,
  "source": "SEC EDGAR",
  "last_updated": "2026-02-02T22:12:03.524669"
}