{
  "ticker": "URGN",
  "name": "UroGen Pharma Ltd.",
  "quarters": [
    {
      "date": "2020-12-31T00:00:00",
      "quarter_label": "2020-12 (Q4)",
      "revenue": 7966000,
      "gross_profit": 7314000,
      "operating_income": -27254000,
      "net_income": -30526000,
      "opex": 34568000,
      "cogs": 652000,
      "rd": 12405000,
      "sga": 22163000,
      "fcf": -21414000,
      "ocf": -21242000,
      "capex": -172000,
      "gross_margin": 0.9181521466231484,
      "op_margin": -3.4212904845593775,
      "fcf_margin": -2.6881747426562894
    },
    {
      "date": "2021-03-31T00:00:00",
      "quarter_label": "2021-03 (Q1)",
      "revenue": 7485000,
      "gross_profit": 6588000,
      "operating_income": -26114000,
      "net_income": -25935000,
      "opex": 32702000,
      "cogs": 897000,
      "rd": 10513000,
      "sga": 22189000,
      "fcf": -27688000,
      "ocf": -27401000,
      "capex": -287000,
      "gross_margin": 0.8801603206412826,
      "op_margin": -3.4888443553774215,
      "fcf_margin": -3.699131596526386,
      "fcf_margin_change": -1.0109568538700966
    },
    {
      "date": "2021-06-30T00:00:00",
      "quarter_label": "2021-06 (Q2)",
      "revenue": 13032000,
      "gross_profit": 11605000,
      "operating_income": -22823000,
      "net_income": -26222000,
      "opex": 34428000,
      "cogs": 1427000,
      "rd": 12124000,
      "sga": 22304000,
      "fcf": -19014000,
      "ocf": -18945000,
      "capex": -69000,
      "gross_margin": 0.8905003069367711,
      "op_margin": -1.751304481276857,
      "fcf_margin": -1.45902394106814,
      "op_leverage_ratio": 14.041059639557215,
      "fcf_margin_change": 2.240107655458246
    },
    {
      "date": "2021-09-30T00:00:00",
      "quarter_label": "2021-09 (Q3)",
      "revenue": 11351000,
      "gross_profit": 10107000,
      "operating_income": -23440000,
      "net_income": -30211000,
      "opex": 33547000,
      "cogs": 1244000,
      "rd": 11923000,
      "sga": 21624000,
      "fcf": -18670000,
      "ocf": -18476000,
      "capex": -194000,
      "gross_margin": 0.8904061316183596,
      "op_margin": -2.0650162981235134,
      "fcf_margin": -1.6447890053739758,
      "fcf_margin_change": -0.18576506430583573
    },
    {
      "date": "2021-12-31T00:00:00",
      "quarter_label": "2021-12 (Q4)",
      "revenue": 16174000,
      "gross_profit": 14585000,
      "operating_income": -19915000,
      "net_income": -28452000,
      "opex": 34500000,
      "cogs": 1589000,
      "rd": 13082000,
      "sga": 21418000,
      "fcf": -20272000,
      "ocf": -20070000,
      "capex": -202000,
      "gross_margin": 0.9017559045381477,
      "op_margin": -1.2312971435637443,
      "fcf_margin": -1.2533696055397552,
      "incr_op_margin_yoy": 0.8941276803118908,
      "rev_growth_yoy": 1.0303791112226965,
      "op_leverage_ratio": 14.956980460278126,
      "fcf_margin_change": 0.3914193998342206
    },
    {
      "date": "2022-03-31T00:00:00",
      "quarter_label": "2022-03 (Q1)",
      "revenue": 13564000,
      "gross_profit": 12039000,
      "operating_income": -21957000,
      "net_income": -28392000,
      "opex": 33996000,
      "cogs": 1525000,
      "rd": 12696000,
      "sga": 21300000,
      "fcf": -24021000,
      "ocf": -23996000,
      "capex": -25000,
      "gross_margin": 0.8875700383367738,
      "op_margin": -1.618770274255382,
      "fcf_margin": -1.7709377764671188,
      "incr_op_margin_yoy": 0.6838295772330976,
      "rev_growth_yoy": 0.8121576486305945,
      "rev_growth_yoy_accel": -0.21822146259210207,
      "fcf_margin_change": -0.5175681709273636
    },
    {
      "date": "2022-06-30T00:00:00",
      "quarter_label": "2022-06 (Q2)",
      "revenue": 16604000,
      "gross_profit": 14758000,
      "operating_income": -18715000,
      "net_income": -26691000,
      "opex": 33473000,
      "cogs": 1846000,
      "rd": 12640000,
      "sga": 20833000,
      "fcf": -24262000,
      "ocf": -24199000,
      "capex": -63000,
      "gross_margin": 0.8888219706094916,
      "op_margin": -1.1271380390267405,
      "fcf_margin": -1.4612141652613828,
      "incr_op_margin_yoy": 1.1500559910414334,
      "rev_growth_yoy": 0.2740945365254758,
      "rev_growth_yoy_accel": -0.5380631121051187,
      "op_leverage_ratio": Infinity,
      "fcf_margin_change": 0.309723611205736
    },
    {
      "date": "2022-09-30T00:00:00",
      "quarter_label": "2022-09 (Q3)",
      "revenue": 16097000,
      "gross_profit": 14077000,
      "operating_income": -18087000,
      "net_income": -25831000,
      "opex": 32164000,
      "cogs": 2020000,
      "rd": 13093000,
      "sga": 19071000,
      "fcf": -17765000,
      "ocf": -17612000,
      "capex": -153000,
      "gross_margin": 0.8745107784059142,
      "op_margin": -1.1236255202832826,
      "fcf_margin": -1.103621792880661,
      "incr_op_margin_yoy": 1.127897176569743,
      "rev_growth_yoy": 0.4181129415910492,
      "rev_growth_yoy_accel": 0.14401840506557345,
      "fcf_margin_change": 0.3575923723807217
    },
    {
      "date": "2022-12-31T00:00:00",
      "quarter_label": "2022-12 (Q4)",
      "revenue": 18092000,
      "gross_profit": 15829000,
      "operating_income": -20282000,
      "net_income": -28869000,
      "opex": 36111000,
      "cogs": 2263000,
      "rd": 14477000,
      "sga": 21634000,
      "fcf": -21765000,
      "ocf": -21752000,
      "capex": -13000,
      "gross_margin": 0.874917090426708,
      "op_margin": -1.1210479770064117,
      "fcf_margin": -1.2030179084678312,
      "incr_op_margin_yoy": -0.19134515119916579,
      "rev_growth_yoy": 0.11858538394954866,
      "rev_growth_yoy_accel": -0.2995275576415006,
      "op_leverage_ratio": 1.0099523475766272,
      "fcf_margin_change": -0.0993961155871701
    },
    {
      "date": "2023-03-31T00:00:00",
      "quarter_label": "2023-03 (Q1)",
      "revenue": 17192000,
      "gross_profit": 14927000,
      "operating_income": -22045000,
      "net_income": -30213000,
      "opex": 36972000,
      "cogs": 2265000,
      "rd": 12498000,
      "sga": 24474000,
      "fcf": -25830000,
      "ocf": -25807000,
      "capex": -23000,
      "gross_margin": 0.8682526756630992,
      "op_margin": -1.2822824569567242,
      "fcf_margin": -1.502442996742671,
      "incr_op_margin_yoy": -0.024255788313120176,
      "rev_growth_yoy": 0.26747272191094074,
      "rev_growth_yoy_accel": 0.14888733796139209,
      "fcf_margin_change": -0.2994250882748397
    },
    {
      "date": "2023-06-30T00:00:00",
      "quarter_label": "2023-06 (Q2)",
      "revenue": 21139000,
      "gross_profit": 18696000,
      "operating_income": -15382000,
      "net_income": -24136000,
      "opex": 34078000,
      "cogs": 2443000,
      "rd": 11584000,
      "sga": 22494000,
      "fcf": -20289000,
      "ocf": -20274000,
      "capex": -15000,
      "gross_margin": 0.8844316192818961,
      "op_margin": -0.7276597757699039,
      "fcf_margin": -0.9597899616821988,
      "incr_op_margin_yoy": 0.7349503858875414,
      "rev_growth_yoy": 0.27312695735967235,
      "rev_growth_yoy_accel": 0.005654235448731615,
      "op_leverage_ratio": Infinity,
      "fcf_margin_change": 0.5426530350604721
    },
    {
      "date": "2023-09-30T00:00:00",
      "quarter_label": "2023-09 (Q3)",
      "revenue": 20852000,
      "gross_profit": 18485000,
      "operating_income": -13500000,
      "net_income": -21879000,
      "opex": 31985000,
      "cogs": 2367000,
      "rd": 10230000,
      "sga": 21755000,
      "fcf": -17399000,
      "ocf": -17299000,
      "capex": -100000,
      "gross_margin": 0.8864857088049108,
      "op_margin": -0.6474199117590639,
      "fcf_margin": -0.8344043736811817,
      "incr_op_margin_yoy": 0.9646687697160883,
      "rev_growth_yoy": 0.29539665776231594,
      "rev_growth_yoy_accel": 0.02226970040264359,
      "fcf_margin_change": 0.12538558800101707
    },
    {
      "date": "2023-12-31T00:00:00",
      "quarter_label": "2023-12 (Q4)",
      "revenue": 23530000,
      "gross_profit": 21244000,
      "operating_income": -14609000,
      "net_income": -26016000,
      "opex": 35853000,
      "cogs": 2286000,
      "rd": 11302000,
      "sga": 24551000,
      "fcf": -13052000,
      "ocf": -12996000,
      "capex": -56000,
      "gross_margin": 0.9028474288142796,
      "op_margin": -0.6208669783255418,
      "fcf_margin": -0.554696132596685,
      "incr_op_margin_yoy": 1.0432144170650974,
      "rev_growth_yoy": 0.3005748397081583,
      "rev_growth_yoy_accel": 0.005178181945842353,
      "op_leverage_ratio": 1.0619956700802284,
      "fcf_margin_change": 0.27970824108449666
    },
    {
      "date": "2024-03-31T00:00:00",
      "quarter_label": "2024-03 (Q1)",
      "revenue": 18781000,
      "gross_profit": 17053000,
      "operating_income": -25740000,
      "net_income": -32286000,
      "opex": 42793000,
      "cogs": 1728000,
      "rd": 15494000,
      "sga": 27299000,
      "fcf": -31735000,
      "ocf": -31735000,
      "capex": null,
      "gross_margin": 0.9079921196954369,
      "op_margin": -1.370534050370055,
      "fcf_margin": -1.6897396304776104,
      "incr_op_margin_yoy": -2.3253618628067967,
      "rev_growth_yoy": 0.09242671009771987,
      "rev_growth_yoy_accel": -0.20814812961043844,
      "fcf_margin_change": -1.1350434978809254
    },
    {
      "date": "2024-06-30T00:00:00",
      "quarter_label": "2024-06 (Q2)",
      "revenue": 21848000,
      "gross_profit": 19619000,
      "operating_income": -25839000,
      "net_income": -33403000,
      "opex": 45458000,
      "cogs": 2229000,
      "rd": 15402000,
      "sga": 30056000,
      "fcf": -23832000,
      "ocf": -23748000,
      "capex": -84000,
      "gross_margin": 0.8979769315269133,
      "op_margin": -1.1826711827169536,
      "fcf_margin": -1.0908092273892347,
      "rev_growth_yoy": 0.03353990254978949,
      "rev_growth_yoy_accel": -0.05888680754793038,
      "op_leverage_ratio": 2.6222288043492923,
      "fcf_margin_change": 0.5989304030883758
    },
    {
      "date": "2024-09-30T00:00:00",
      "quarter_label": "2024-09 (Q3)",
      "revenue": 25204000,
      "gross_profit": 22751000,
      "operating_income": -17545000,
      "net_income": -23673000,
      "opex": 40296000,
      "cogs": 2453000,
      "rd": 11355000,
      "sga": 28941000,
      "fcf": -27760000,
      "ocf": -27664000,
      "capex": -96000,
      "gross_margin": 0.9026741787017933,
      "op_margin": -0.696119663545469,
      "fcf_margin": -1.1014124742104427,
      "incr_op_margin_yoy": -0.9294577205882353,
      "rev_growth_yoy": 0.20870899673892193,
      "rev_growth_yoy_accel": 0.17516909418913246,
      "op_leverage_ratio": Infinity,
      "fcf_margin_change": -0.010603246821208057
    },
    {
      "date": "2024-12-31T00:00:00",
      "quarter_label": "2024-12 (Q4)",
      "revenue": 24565000,
      "gross_profit": 22094000,
      "operating_income": -27658000,
      "net_income": -37512000,
      "opex": 49752000,
      "cogs": 2471000,
      "rd": 14894000,
      "sga": 34858000,
      "fcf": -13734000,
      "ocf": -13619000,
      "capex": -115000,
      "gross_margin": 0.8994097292896397,
      "op_margin": -1.1259108487685732,
      "fcf_margin": -0.5590881335233056,
      "incr_op_margin_yoy": -12.607729468599034,
      "rev_growth_yoy": 0.0439864003399915,
      "rev_growth_yoy_accel": -0.16472259639893044,
      "fcf_margin_change": 0.5423243406871372
    },
    {
      "date": "2025-03-31T00:00:00",
      "quarter_label": "2025-03 (Q1)",
      "revenue": 20254000,
      "gross_profit": 17924000,
      "operating_income": -36914000,
      "net_income": -43843000,
      "opex": 54838000,
      "cogs": 2330000,
      "rd": 19871000,
      "sga": 34967000,
      "fcf": -42068000,
      "ocf": -42024000,
      "capex": -44000,
      "gross_margin": 0.8849609953589415,
      "op_margin": -1.8225535696652513,
      "fcf_margin": -2.0770218228498076,
      "incr_op_margin_yoy": -7.585879158180584,
      "rev_growth_yoy": 0.0784303285235078,
      "rev_growth_yoy_accel": 0.0344439281835163,
      "fcf_margin_change": -1.517933689326502
    },
    {
      "date": "2025-06-30T00:00:00",
      "quarter_label": "2025-06 (Q2)",
      "revenue": 24215000,
      "gross_profit": 20665000,
      "operating_income": -41448000,
      "net_income": -49940000,
      "opex": 62113000,
      "cogs": 3550000,
      "rd": 18914000,
      "sga": 43199000,
      "fcf": -39966000,
      "ocf": -39825000,
      "capex": -141000,
      "gross_margin": 0.8533966549659302,
      "op_margin": -1.7116663225273592,
      "fcf_margin": -1.6504645880652489,
      "incr_op_margin_yoy": -6.594423320659062,
      "rev_growth_yoy": 0.10833943610399122,
      "rev_growth_yoy_accel": 0.029909107580483416,
      "op_leverage_ratio": 1.4741532910049246,
      "fcf_margin_change": 0.42655723478455876
    },
    {
      "date": "2025-09-30T00:00:00",
      "quarter_label": "2025-09 (Q3)",
      "revenue": 27482000,
      "gross_profit": 24204000,
      "operating_income": -27386000,
      "net_income": -33347000,
      "opex": 51590000,
      "cogs": 3278000,
      "rd": 14008000,
      "sga": 37582000,
      "fcf": -42357000,
      "ocf": -42270000,
      "capex": -87000,
      "gross_margin": 0.880721927079543,
      "op_margin": -0.9965068044538243,
      "fcf_margin": -1.5412633723892002,
      "incr_op_margin_yoy": -4.320017559262511,
      "rev_growth_yoy": 0.09038247897159181,
      "rev_growth_yoy_accel": -0.017956957132399406,
      "op_leverage_ratio": Infinity,
      "fcf_margin_change": 0.10920121567604868
    }
  ],
  "signals": [
    {
      "quarter": "2025-09 (Q3)",
      "signal": "FCF MARGIN EXPANSION",
      "detail": "FCF margin: -165.0% -> -154.1% (+10.9%)",
      "severity": "MEDIUM"
    },
    {
      "quarter": "2025-09 (Q3)",
      "signal": "GROSS MARGIN INFLECTION",
      "detail": "GM: +88.5% -> +85.3% -> +88.1% (reversal +2.7%)",
      "severity": "MEDIUM"
    },
    {
      "quarter": "2025-06 (Q2)",
      "signal": "FCF MARGIN EXPANSION",
      "detail": "FCF margin: -207.7% -> -165.0% (+42.7%)",
      "severity": "MEDIUM"
    },
    {
      "quarter": "2024-12 (Q4)",
      "signal": "FCF MARGIN EXPANSION",
      "detail": "FCF margin: -110.1% -> -55.9% (+54.2%)",
      "severity": "MEDIUM"
    },
    {
      "quarter": "2024-12 (Q4)",
      "signal": "YoY REVENUE GROWTH DECELERATION",
      "detail": "YoY growth: +4.4% vs prior quarter YoY: +20.9% (decel: -16.5%)",
      "severity": "WARNING"
    },
    {
      "quarter": "2024-09 (Q3)",
      "signal": "YoY REVENUE GROWTH ACCELERATION",
      "detail": "YoY growth: +20.9% vs prior quarter YoY: +3.4% (accel: +17.5%)",
      "severity": "HIGH"
    },
    {
      "quarter": "2024-06 (Q2)",
      "signal": "FCF MARGIN EXPANSION",
      "detail": "FCF margin: -169.0% -> -109.1% (+59.9%)",
      "severity": "MEDIUM"
    },
    {
      "quarter": "2024-06 (Q2)",
      "signal": "OPERATING LEVERAGE",
      "detail": "Rev growth +16.3% vs OpEx growth +6.2% (leverage: 2.6x)",
      "severity": "MEDIUM"
    },
    {
      "quarter": "2024-06 (Q2)",
      "signal": "YoY REVENUE GROWTH DECELERATION",
      "detail": "YoY growth: +3.4% vs prior quarter YoY: +9.2% (decel: -5.9%)",
      "severity": "WARNING"
    },
    {
      "quarter": "2024-03 (Q1)",
      "signal": "YoY REVENUE GROWTH DECELERATION",
      "detail": "YoY growth: +9.2% vs prior quarter YoY: +30.1% (decel: -20.8%)",
      "severity": "WARNING"
    },
    {
      "quarter": "2023-12 (Q4)",
      "signal": "FCF MARGIN EXPANSION",
      "detail": "FCF margin: -83.4% -> -55.5% (+28.0%)",
      "severity": "MEDIUM"
    },
    {
      "quarter": "2023-09 (Q3)",
      "signal": "FCF MARGIN EXPANSION",
      "detail": "FCF margin: -96.0% -> -83.4% (+12.5%)",
      "severity": "MEDIUM"
    },
    {
      "quarter": "2023-06 (Q2)",
      "signal": "FCF MARGIN EXPANSION",
      "detail": "FCF margin: -150.2% -> -96.0% (+54.3%)",
      "severity": "MEDIUM"
    },
    {
      "quarter": "2023-03 (Q1)",
      "signal": "YoY REVENUE GROWTH ACCELERATION",
      "detail": "YoY growth: +26.7% vs prior quarter YoY: +11.9% (accel: +14.9%)",
      "severity": "MEDIUM"
    },
    {
      "quarter": "2022-12 (Q4)",
      "signal": "YoY REVENUE GROWTH DECELERATION",
      "detail": "YoY growth: +11.9% vs prior quarter YoY: +41.8% (decel: -30.0%)",
      "severity": "WARNING"
    },
    {
      "quarter": "2022-09 (Q3)",
      "signal": "FCF MARGIN EXPANSION",
      "detail": "FCF margin: -146.1% -> -110.4% (+35.8%)",
      "severity": "MEDIUM"
    },
    {
      "quarter": "2022-09 (Q3)",
      "signal": "YoY REVENUE GROWTH ACCELERATION",
      "detail": "YoY growth: +41.8% vs prior quarter YoY: +27.4% (accel: +14.4%)",
      "severity": "MEDIUM"
    },
    {
      "quarter": "2022-06 (Q2)",
      "signal": "FCF MARGIN EXPANSION",
      "detail": "FCF margin: -177.1% -> -146.1% (+31.0%)",
      "severity": "MEDIUM"
    },
    {
      "quarter": "2022-06 (Q2)",
      "signal": "YoY REVENUE GROWTH DECELERATION",
      "detail": "YoY growth: +27.4% vs prior quarter YoY: +81.2% (decel: -53.8%)",
      "severity": "WARNING"
    },
    {
      "quarter": "2022-03 (Q1)",
      "signal": "YoY REVENUE GROWTH DECELERATION",
      "detail": "YoY growth: +81.2% vs prior quarter YoY: +103.0% (decel: -21.8%)",
      "severity": "WARNING"
    },
    {
      "quarter": "2021-12 (Q4)",
      "signal": "FCF MARGIN EXPANSION",
      "detail": "FCF margin: -164.5% -> -125.3% (+39.1%)",
      "severity": "MEDIUM"
    },
    {
      "quarter": "2021-12 (Q4)",
      "signal": "OPERATING LEVERAGE",
      "detail": "Rev growth +42.5% vs OpEx growth +2.8% (leverage: 15.0x)",
      "severity": "MEDIUM"
    },
    {
      "quarter": "2021-06 (Q2)",
      "signal": "FCF MARGIN EXPANSION",
      "detail": "FCF margin: -369.9% -> -145.9% (+224.0%)",
      "severity": "MEDIUM"
    },
    {
      "quarter": "2021-06 (Q2)",
      "signal": "OPERATING LEVERAGE",
      "detail": "Rev growth +74.1% vs OpEx growth +5.3% (leverage: 14.0x)",
      "severity": "MEDIUM"
    }
  ],
  "data_quality": {
    "n_quarters": 20,
    "coverage": {
      "revenue": [
        20,
        20
      ],
      "gross_profit": [
        20,
        20
      ],
      "op_income": [
        20,
        20
      ],
      "fcf": [
        20,
        20
      ]
    },
    "gaps": [],
    "warnings": []
  },
  "market_cap": null,
  "source": "SEC EDGAR",
  "last_updated": "2026-02-02T22:00:44.199301"
}