{
  "ticker": "URI",
  "name": "UNITED RENTALS, INC.",
  "quarters": [
    {
      "date": "2021-03-31T00:00:00",
      "quarter_label": "2021-03 (Q1)",
      "revenue": 2057000000,
      "gross_profit": 714000000,
      "operating_income": 372000000,
      "net_income": 203000000,
      "opex": 342000000,
      "cogs": 1343000000,
      "rd": null,
      "sga": 250000000,
      "fcf": 739000000,
      "ocf": 758000000,
      "capex": -19000000,
      "gross_margin": 0.34710743801652894,
      "op_margin": 0.1808458920758386,
      "fcf_margin": 0.3592610597958191
    },
    {
      "date": "2021-06-30T00:00:00",
      "quarter_label": "2021-06 (Q2)",
      "revenue": 2287000000,
      "gross_profit": 875000000,
      "operating_income": 481000000,
      "net_income": 293000000,
      "opex": 394000000,
      "cogs": 1412000000,
      "rd": null,
      "sga": 301000000,
      "fcf": 1142000000,
      "ocf": 1176000000,
      "capex": -34000000,
      "gross_margin": 0.38259728902492346,
      "op_margin": 0.21031919545255795,
      "fcf_margin": 0.49934411893310016,
      "op_leverage_ratio": 0.7353876070453611,
      "fcf_margin_change": 0.14008305913728103
    },
    {
      "date": "2021-09-30T00:00:00",
      "quarter_label": "2021-09 (Q3)",
      "revenue": 2596000000,
      "gross_profit": 1103000000,
      "operating_income": 679000000,
      "net_income": 409000000,
      "opex": 424000000,
      "cogs": 1493000000,
      "rd": null,
      "sga": 326000000,
      "fcf": 1087000000,
      "ocf": 1087000000,
      "capex": null,
      "gross_margin": 0.424884437596302,
      "op_margin": 0.2615562403697997,
      "fcf_margin": 0.4187211093990755,
      "op_leverage_ratio": 1.7744643637953652,
      "fcf_margin_change": -0.08062300953402468
    },
    {
      "date": "2021-12-31T00:00:00",
      "quarter_label": "2021-12 (Q4)",
      "revenue": 2776000000,
      "gross_profit": 1161000000,
      "operating_income": 745000000,
      "net_income": 481000000,
      "opex": 416000000,
      "cogs": 1615000000,
      "rd": null,
      "sga": 322000000,
      "fcf": 668000000,
      "ocf": 668000000,
      "capex": null,
      "gross_margin": 0.41822766570605185,
      "op_margin": 0.26837175792507206,
      "fcf_margin": 0.24063400576368876,
      "op_leverage_ratio": Infinity,
      "fcf_margin_change": -0.1780871036353867
    },
    {
      "date": "2022-03-31T00:00:00",
      "quarter_label": "2022-03 (Q1)",
      "revenue": 2524000000,
      "gross_profit": 992000000,
      "operating_income": 572000000,
      "net_income": 367000000,
      "opex": 420000000,
      "cogs": 1532000000,
      "rd": null,
      "sga": 323000000,
      "fcf": 886000000,
      "ocf": 886000000,
      "capex": null,
      "gross_margin": 0.393026941362916,
      "op_margin": 0.2266244057052298,
      "fcf_margin": 0.3510301109350238,
      "incr_op_margin_yoy": 0.4282655246252677,
      "rev_growth_yoy": 0.22702965483714146,
      "fcf_margin_change": 0.11039610517133502
    },
    {
      "date": "2022-06-30T00:00:00",
      "quarter_label": "2022-06 (Q2)",
      "revenue": 2771000000,
      "gross_profit": 1150000000,
      "operating_income": 715000000,
      "net_income": 493000000,
      "opex": 435000000,
      "cogs": 1621000000,
      "rd": null,
      "sga": 343000000,
      "fcf": 1154000000,
      "ocf": 1154000000,
      "capex": null,
      "gross_margin": 0.41501263081919887,
      "op_margin": 0.2580295922049802,
      "fcf_margin": 0.4164561530133526,
      "incr_op_margin_yoy": 0.4834710743801653,
      "rev_growth_yoy": 0.21163095758635767,
      "rev_growth_yoy_accel": -0.0153986972507838,
      "op_leverage_ratio": 2.740095087163233,
      "fcf_margin_change": 0.0654260420783288
    },
    {
      "date": "2022-09-30T00:00:00",
      "quarter_label": "2022-09 (Q3)",
      "revenue": 3051000000,
      "gross_profit": 1366000000,
      "operating_income": 921000000,
      "net_income": 606000000,
      "opex": 445000000,
      "cogs": 1685000000,
      "rd": null,
      "sga": 356000000,
      "fcf": 1142000000,
      "ocf": 1142000000,
      "capex": null,
      "gross_margin": 0.4477220583415274,
      "op_margin": 0.30186823992133727,
      "fcf_margin": 0.3743035070468699,
      "incr_op_margin_yoy": 0.5318681318681319,
      "rev_growth_yoy": 0.17526964560862865,
      "rev_growth_yoy_accel": -0.036361311977729016,
      "op_leverage_ratio": 4.395525081198124,
      "fcf_margin_change": -0.042152645966482716
    },
    {
      "date": "2022-12-31T00:00:00",
      "quarter_label": "2022-12 (Q4)",
      "revenue": 3296000000,
      "gross_profit": 1488000000,
      "operating_income": 1024000000,
      "net_income": 639000000,
      "opex": 464000000,
      "cogs": 1808000000,
      "rd": null,
      "sga": 378000000,
      "fcf": 1251000000,
      "ocf": 1251000000,
      "capex": null,
      "gross_margin": 0.45145631067961167,
      "op_margin": 0.3106796116504854,
      "fcf_margin": 0.3795509708737864,
      "incr_op_margin_yoy": 0.5365384615384615,
      "rev_growth_yoy": 0.1873198847262248,
      "rev_growth_yoy_accel": 0.012050239117596145,
      "op_leverage_ratio": 1.8807466059445566,
      "fcf_margin_change": 0.005247463826916543
    },
    {
      "date": "2023-03-31T00:00:00",
      "quarter_label": "2023-03 (Q1)",
      "revenue": 3285000000,
      "gross_profit": 1241000000,
      "operating_income": 740000000,
      "net_income": 451000000,
      "opex": 501000000,
      "cogs": 2044000000,
      "rd": null,
      "sga": 382000000,
      "fcf": 939000000,
      "ocf": 939000000,
      "capex": null,
      "gross_margin": 0.37777777777777777,
      "op_margin": 0.2252663622526636,
      "fcf_margin": 0.28584474885844746,
      "incr_op_margin_yoy": 0.22076215505913271,
      "rev_growth_yoy": 0.30150554675118857,
      "rev_growth_yoy_accel": 0.11418566202496377,
      "fcf_margin_change": -0.09370622201533896
    },
    {
      "date": "2023-06-30T00:00:00",
      "quarter_label": "2023-06 (Q2)",
      "revenue": 3554000000,
      "gross_profit": 1425000000,
      "operating_income": 925000000,
      "net_income": 591000000,
      "opex": 500000000,
      "cogs": 2129000000,
      "rd": null,
      "sga": 378000000,
      "fcf": 1289000000,
      "ocf": 1289000000,
      "capex": null,
      "gross_margin": 0.40095666854248735,
      "op_margin": 0.2602701181767023,
      "fcf_margin": 0.36268992684299384,
      "incr_op_margin_yoy": 0.2681992337164751,
      "rev_growth_yoy": 0.28256946950559364,
      "rev_growth_yoy_accel": -0.01893607724559493,
      "op_leverage_ratio": Infinity,
      "fcf_margin_change": 0.07684517798454638
    },
    {
      "date": "2023-09-30T00:00:00",
      "quarter_label": "2023-09 (Q3)",
      "revenue": 3765000000,
      "gross_profit": 1585000000,
      "operating_income": 1099000000,
      "net_income": 703000000,
      "opex": 486000000,
      "cogs": 2180000000,
      "rd": null,
      "sga": 374000000,
      "fcf": 1062000000,
      "ocf": 1062000000,
      "capex": null,
      "gross_margin": 0.4209827357237716,
      "op_margin": 0.29189907038512614,
      "fcf_margin": 0.28207171314741036,
      "incr_op_margin_yoy": 0.24929971988795518,
      "rev_growth_yoy": 0.23402163225172073,
      "rev_growth_yoy_accel": -0.048547837253872905,
      "op_leverage_ratio": Infinity,
      "fcf_margin_change": -0.08061821369558347
    },
    {
      "date": "2023-12-31T00:00:00",
      "quarter_label": "2023-12 (Q4)",
      "revenue": 3728000000,
      "gross_profit": 1562000000,
      "operating_income": 1063000000,
      "net_income": 679000000,
      "opex": 499000000,
      "cogs": 2166000000,
      "rd": null,
      "sga": 393000000,
      "fcf": 1414000000,
      "ocf": 1414000000,
      "capex": null,
      "gross_margin": 0.4189914163090129,
      "op_margin": 0.28513948497854075,
      "fcf_margin": 0.3792918454935622,
      "incr_op_margin_yoy": 0.09027777777777778,
      "rev_growth_yoy": 0.13106796116504854,
      "rev_growth_yoy_accel": -0.1029536710866722,
      "fcf_margin_change": 0.09722013234615184
    },
    {
      "date": "2024-03-31T00:00:00",
      "quarter_label": "2024-03 (Q1)",
      "revenue": 3485000000,
      "gross_profit": 1346000000,
      "operating_income": 852000000,
      "net_income": 542000000,
      "opex": 494000000,
      "cogs": 2139000000,
      "rd": null,
      "sga": 389000000,
      "fcf": 1029000000,
      "ocf": 1029000000,
      "capex": null,
      "gross_margin": 0.38622668579626973,
      "op_margin": 0.24447632711621234,
      "fcf_margin": 0.29526542324246774,
      "incr_op_margin_yoy": 0.56,
      "rev_growth_yoy": 0.060882800608828,
      "rev_growth_yoy_accel": -0.07018516055622054,
      "fcf_margin_change": -0.08402642225109447
    },
    {
      "date": "2024-06-30T00:00:00",
      "quarter_label": "2024-06 (Q2)",
      "revenue": 3773000000,
      "gross_profit": 1518000000,
      "operating_income": 1004000000,
      "net_income": 636000000,
      "opex": 514000000,
      "cogs": 2255000000,
      "rd": null,
      "sga": 404000000,
      "fcf": 1265000000,
      "ocf": 1265000000,
      "capex": null,
      "gross_margin": 0.40233236151603496,
      "op_margin": 0.2661012456930824,
      "fcf_margin": 0.33527696793002915,
      "incr_op_margin_yoy": 0.3607305936073059,
      "rev_growth_yoy": 0.061620709060213844,
      "rev_growth_yoy_accel": 0.0007379084513858408,
      "op_leverage_ratio": 2.0412051649928262,
      "fcf_margin_change": 0.04001154468756141
    },
    {
      "date": "2024-09-30T00:00:00",
      "quarter_label": "2024-09 (Q3)",
      "revenue": 3992000000,
      "gross_profit": 1648000000,
      "operating_income": 1122000000,
      "net_income": 708000000,
      "opex": 526000000,
      "cogs": 2344000000,
      "rd": null,
      "sga": 416000000,
      "fcf": 1204000000,
      "ocf": 1204000000,
      "capex": null,
      "gross_margin": 0.41282565130260523,
      "op_margin": 0.28106212424849697,
      "fcf_margin": 0.3016032064128257,
      "incr_op_margin_yoy": 0.1013215859030837,
      "rev_growth_yoy": 0.060292164674634795,
      "rev_growth_yoy_accel": -0.0013285443855790488,
      "op_leverage_ratio": 2.4862178637688843,
      "fcf_margin_change": -0.03367376151720347
    },
    {
      "date": "2024-12-31T00:00:00",
      "quarter_label": "2024-12 (Q4)",
      "revenue": 4095000000,
      "gross_profit": 1638000000,
      "operating_income": 1087000000,
      "net_income": 689000000,
      "opex": 551000000,
      "cogs": 2457000000,
      "rd": null,
      "sga": 436000000,
      "fcf": 1048000000,
      "ocf": 1048000000,
      "capex": null,
      "gross_margin": 0.4,
      "op_margin": 0.26544566544566545,
      "fcf_margin": 0.2559218559218559,
      "incr_op_margin_yoy": 0.0653950953678474,
      "rev_growth_yoy": 0.0984442060085837,
      "rev_growth_yoy_accel": 0.0381520413339489,
      "op_leverage_ratio": 0.5428657314629259,
      "fcf_margin_change": -0.045681350490969774
    },
    {
      "date": "2025-03-31T00:00:00",
      "quarter_label": "2025-03 (Q1)",
      "revenue": 3719000000,
      "gross_profit": 1356000000,
      "operating_income": 804000000,
      "net_income": 518000000,
      "opex": 552000000,
      "cogs": 2363000000,
      "rd": null,
      "sga": 437000000,
      "fcf": 1425000000,
      "ocf": 1425000000,
      "capex": null,
      "gross_margin": 0.36461414358698574,
      "op_margin": 0.21618714708254907,
      "fcf_margin": 0.38316751815004035,
      "incr_op_margin_yoy": -0.20512820512820512,
      "rev_growth_yoy": 0.06714490674318507,
      "rev_growth_yoy_accel": -0.03129929926539862,
      "fcf_margin_change": 0.12724566222818445
    },
    {
      "date": "2025-06-30T00:00:00",
      "quarter_label": "2025-06 (Q2)",
      "revenue": 3943000000,
      "gross_profit": 1533000000,
      "operating_income": 1003000000,
      "net_income": 622000000,
      "opex": 530000000,
      "cogs": 2410000000,
      "rd": null,
      "sga": 422000000,
      "fcf": 1328000000,
      "ocf": 1328000000,
      "capex": null,
      "gross_margin": 0.3887902612224195,
      "op_margin": 0.25437484149125034,
      "fcf_margin": 0.33679939132640124,
      "incr_op_margin_yoy": -0.0058823529411764705,
      "rev_growth_yoy": 0.045056983832494034,
      "rev_growth_yoy_accel": -0.02208792291069104,
      "op_leverage_ratio": Infinity,
      "fcf_margin_change": -0.04636812682363911
    },
    {
      "date": "2025-09-30T00:00:00",
      "quarter_label": "2025-09 (Q3)",
      "revenue": 4229000000,
      "gross_profit": 1665000000,
      "operating_income": 1114000000,
      "net_income": 701000000,
      "opex": 551000000,
      "cogs": 2564000000,
      "rd": null,
      "sga": 442000000,
      "fcf": 1181000000,
      "ocf": 1181000000,
      "capex": null,
      "gross_margin": 0.3937100969496335,
      "op_margin": 0.2634192480491842,
      "fcf_margin": 0.2792622369354457,
      "incr_op_margin_yoy": -0.03375527426160337,
      "rev_growth_yoy": 0.0593687374749499,
      "rev_growth_yoy_accel": 0.014311753642455863,
      "op_leverage_ratio": 1.8306100020530658,
      "fcf_margin_change": -0.057537154390955525
    },
    {
      "date": "2025-12-31T00:00:00",
      "quarter_label": "2025-12 (Q4)",
      "revenue": 4208000000,
      "gross_profit": 1590000000,
      "operating_income": 1052000000,
      "net_income": 653000000,
      "opex": 538000000,
      "cogs": 2618000000,
      "rd": null,
      "sga": 431000000,
      "fcf": 1256000000,
      "ocf": 1256000000,
      "capex": null,
      "gross_margin": 0.37785171102661597,
      "op_margin": 0.25,
      "fcf_margin": 0.2984790874524715,
      "incr_op_margin_yoy": -0.30973451327433627,
      "rev_growth_yoy": 0.027594627594627594,
      "rev_growth_yoy_accel": -0.0317741098803223,
      "fcf_margin_change": 0.019216850517025763
    }
  ],
  "signals": [
    {
      "quarter": "2025-09 (Q3)",
      "signal": "OPERATING LEVERAGE",
      "detail": "Rev growth +7.3% vs OpEx growth +4.0% (leverage: 1.8x)",
      "severity": "MEDIUM"
    },
    {
      "quarter": "2025-06 (Q2)",
      "signal": "GROSS MARGIN INFLECTION",
      "detail": "GM: +40.0% -> +36.5% -> +38.9% (reversal +2.4%)",
      "severity": "MEDIUM"
    },
    {
      "quarter": "2025-03 (Q1)",
      "signal": "FCF MARGIN EXPANSION",
      "detail": "FCF margin: +25.6% -> +38.3% (+12.7%)",
      "severity": "MEDIUM"
    },
    {
      "quarter": "2024-09 (Q3)",
      "signal": "OPERATING LEVERAGE",
      "detail": "Rev growth +5.8% vs OpEx growth +2.3% (leverage: 2.5x)",
      "severity": "MEDIUM"
    },
    {
      "quarter": "2024-06 (Q2)",
      "signal": "OPERATING LEVERAGE",
      "detail": "Rev growth +8.3% vs OpEx growth +4.0% (leverage: 2.0x)",
      "severity": "MEDIUM"
    },
    {
      "quarter": "2024-06 (Q2)",
      "signal": "INCREMENTAL MARGIN (YoY)",
      "detail": "YoY Incr OPM: +36.1% vs year-ago OPM: +26.0%",
      "severity": "MEDIUM"
    },
    {
      "quarter": "2024-03 (Q1)",
      "signal": "YoY REVENUE GROWTH DECELERATION",
      "detail": "YoY growth: +6.1% vs prior quarter YoY: +13.1% (decel: -7.0%)",
      "severity": "WARNING"
    },
    {
      "quarter": "2024-03 (Q1)",
      "signal": "INCREMENTAL MARGIN (YoY)",
      "detail": "YoY Incr OPM: +56.0% vs year-ago OPM: +22.5%",
      "severity": "HIGH"
    },
    {
      "quarter": "2023-12 (Q4)",
      "signal": "FCF MARGIN EXPANSION",
      "detail": "FCF margin: +28.2% -> +37.9% (+9.7%)",
      "severity": "MEDIUM"
    },
    {
      "quarter": "2023-12 (Q4)",
      "signal": "YoY REVENUE GROWTH DECELERATION",
      "detail": "YoY growth: +13.1% vs prior quarter YoY: +23.4% (decel: -10.3%)",
      "severity": "WARNING"
    },
    {
      "quarter": "2023-06 (Q2)",
      "signal": "FCF MARGIN EXPANSION",
      "detail": "FCF margin: +28.6% -> +36.3% (+7.7%)",
      "severity": "MEDIUM"
    },
    {
      "quarter": "2023-06 (Q2)",
      "signal": "GROSS MARGIN INFLECTION",
      "detail": "GM: +45.1% -> +37.8% -> +40.1% (reversal +2.3%)",
      "severity": "MEDIUM"
    },
    {
      "quarter": "2023-03 (Q1)",
      "signal": "YoY REVENUE GROWTH ACCELERATION",
      "detail": "YoY growth: +30.2% vs prior quarter YoY: +18.7% (accel: +11.4%)",
      "severity": "MEDIUM"
    },
    {
      "quarter": "2022-12 (Q4)",
      "signal": "OPERATING LEVERAGE",
      "detail": "Rev growth +8.0% vs OpEx growth +4.3% (leverage: 1.9x)",
      "severity": "MEDIUM"
    },
    {
      "quarter": "2022-12 (Q4)",
      "signal": "INCREMENTAL MARGIN (YoY)",
      "detail": "YoY Incr OPM: +53.7% vs year-ago OPM: +26.8%",
      "severity": "HIGH"
    },
    {
      "quarter": "2022-09 (Q3)",
      "signal": "OPERATING LEVERAGE",
      "detail": "Rev growth +10.1% vs OpEx growth +2.3% (leverage: 4.4x)",
      "severity": "MEDIUM"
    },
    {
      "quarter": "2022-09 (Q3)",
      "signal": "INCREMENTAL MARGIN (YoY)",
      "detail": "YoY Incr OPM: +53.2% vs year-ago OPM: +26.2%",
      "severity": "HIGH"
    },
    {
      "quarter": "2022-06 (Q2)",
      "signal": "FCF MARGIN EXPANSION",
      "detail": "FCF margin: +35.1% -> +41.6% (+6.5%)",
      "severity": "MEDIUM"
    },
    {
      "quarter": "2022-06 (Q2)",
      "signal": "OPERATING LEVERAGE",
      "detail": "Rev growth +9.8% vs OpEx growth +3.6% (leverage: 2.7x)",
      "severity": "MEDIUM"
    },
    {
      "quarter": "2022-06 (Q2)",
      "signal": "GROSS MARGIN INFLECTION",
      "detail": "GM: +41.8% -> +39.3% -> +41.5% (reversal +2.2%)",
      "severity": "MEDIUM"
    },
    {
      "quarter": "2022-06 (Q2)",
      "signal": "INCREMENTAL MARGIN (YoY)",
      "detail": "YoY Incr OPM: +48.3% vs year-ago OPM: +21.0%",
      "severity": "HIGH"
    },
    {
      "quarter": "2022-03 (Q1)",
      "signal": "FCF MARGIN EXPANSION",
      "detail": "FCF margin: +24.1% -> +35.1% (+11.0%)",
      "severity": "MEDIUM"
    },
    {
      "quarter": "2022-03 (Q1)",
      "signal": "INCREMENTAL MARGIN (YoY)",
      "detail": "YoY Incr OPM: +42.8% vs year-ago OPM: +18.1%",
      "severity": "HIGH"
    },
    {
      "quarter": "2021-09 (Q3)",
      "signal": "OPERATING LEVERAGE",
      "detail": "Rev growth +13.5% vs OpEx growth +7.6% (leverage: 1.8x)",
      "severity": "MEDIUM"
    },
    {
      "quarter": "2021-06 (Q2)",
      "signal": "FCF MARGIN EXPANSION",
      "detail": "FCF margin: +35.9% -> +49.9% (+14.0%)",
      "severity": "MEDIUM"
    }
  ],
  "data_quality": {
    "n_quarters": 20,
    "coverage": {
      "revenue": [
        20,
        20
      ],
      "gross_profit": [
        20,
        20
      ],
      "op_income": [
        20,
        20
      ],
      "fcf": [
        20,
        20
      ]
    },
    "gaps": [],
    "warnings": []
  },
  "market_cap": null,
  "source": "SEC EDGAR",
  "last_updated": "2026-02-02T19:57:15.356323"
}