{
  "ticker": "USAC",
  "name": "USA Compression Partners, LP",
  "quarters": [
    {
      "date": "2020-12-31T00:00:00",
      "quarter_label": "2020-12 (Q4)",
      "revenue": 158367000,
      "gross_profit": 31193000,
      "operating_income": 31193000,
      "net_income": -1474000,
      "opex": 127174000,
      "cogs": 50091000,
      "rd": null,
      "sga": 14565000,
      "fcf": 86358000,
      "ocf": 97547000,
      "capex": -11189000,
      "gross_margin": 0.19696653974628553,
      "op_margin": 0.19696653974628553,
      "fcf_margin": 0.5453029987307962
    },
    {
      "date": "2021-03-31T00:00:00",
      "quarter_label": "2021-03 (Q1)",
      "revenue": 157513000,
      "gross_profit": 108885000,
      "operating_income": 32760000,
      "net_income": 371000,
      "opex": 124753000,
      "cogs": 48628000,
      "rd": null,
      "sga": 13800000,
      "fcf": 33427000,
      "ocf": 39612000,
      "capex": -6185000,
      "gross_margin": 0.6912762756089974,
      "op_margin": 0.20798283316297703,
      "fcf_margin": 0.21221740427774216,
      "fcf_margin_change": -0.3330855944530541
    },
    {
      "date": "2021-06-30T00:00:00",
      "quarter_label": "2021-06 (Q2)",
      "revenue": 156562000,
      "gross_profit": 110958000,
      "operating_income": 35145000,
      "net_income": 2688000,
      "opex": 121417000,
      "cogs": 45604000,
      "rd": null,
      "sga": 15288000,
      "fcf": 90209000,
      "ocf": 99459000,
      "capex": -9250000,
      "gross_margin": 0.7087160358196752,
      "op_margin": 0.22447975881759302,
      "fcf_margin": 0.5761870696593043,
      "fcf_margin_change": 0.36396966538156217
    },
    {
      "date": "2021-09-30T00:00:00",
      "quarter_label": "2021-09 (Q3)",
      "revenue": 158627000,
      "gross_profit": 109468000,
      "operating_income": 36631000,
      "net_income": 4115000,
      "opex": 121996000,
      "cogs": 49159000,
      "rd": null,
      "sga": 13524000,
      "fcf": 31339000,
      "ocf": 45297000,
      "capex": -13958000,
      "gross_margin": 0.690096893971392,
      "op_margin": 0.2309253784034244,
      "fcf_margin": 0.19756409690657958,
      "op_leverage_ratio": 2.7658882522308645,
      "fcf_margin_change": -0.3786229727527247
    },
    {
      "date": "2021-12-31T00:00:00",
      "quarter_label": "2021-12 (Q4)",
      "revenue": 159943000,
      "gross_profit": 108945000,
      "operating_income": 36336000,
      "net_income": 3105000,
      "opex": 123607000,
      "cogs": 50998000,
      "rd": null,
      "sga": 13470000,
      "fcf": 65237000,
      "ocf": 81057000,
      "capex": -15820000,
      "gross_margin": 0.6811489092989378,
      "op_margin": 0.22718093320745517,
      "fcf_margin": 0.4078765560230832,
      "incr_op_margin_yoy": 3.2633248730964466,
      "rev_growth_yoy": 0.009951568192868463,
      "fcf_margin_change": 0.21031245911650362
    },
    {
      "date": "2022-03-31T00:00:00",
      "quarter_label": "2022-03 (Q1)",
      "revenue": 163412000,
      "gross_profit": 109680000,
      "operating_income": 35098000,
      "net_income": 3254000,
      "opex": 128314000,
      "cogs": 53732000,
      "rd": null,
      "sga": 15265000,
      "fcf": 14824000,
      "ocf": 35054000,
      "capex": -20230000,
      "gross_margin": 0.6711869385357256,
      "op_margin": 0.21478226813208331,
      "fcf_margin": 0.0907154921303209,
      "incr_op_margin_yoy": 0.3963383624343109,
      "rev_growth_yoy": 0.037450877070464024,
      "rev_growth_yoy_accel": 0.02749930887759556,
      "op_leverage_ratio": 0.5695579653076989,
      "fcf_margin_change": -0.31716106389276233
    },
    {
      "date": "2022-06-30T00:00:00",
      "quarter_label": "2022-06 (Q2)",
      "revenue": 171461000,
      "gross_profit": 116303000,
      "operating_income": 42399000,
      "net_income": 9086000,
      "opex": 129062000,
      "cogs": 55158000,
      "rd": null,
      "sga": 13914000,
      "fcf": 70640000,
      "ocf": 94228000,
      "capex": -23588000,
      "gross_margin": 0.6783058538093211,
      "op_margin": 0.24728072272995025,
      "fcf_margin": 0.4119887321315051,
      "incr_op_margin_yoy": 0.48687831398080406,
      "rev_growth_yoy": 0.09516357736871016,
      "rev_growth_yoy_accel": 0.057712700298246135,
      "op_leverage_ratio": 8.449488668188318,
      "fcf_margin_change": 0.3212732400011842
    },
    {
      "date": "2022-09-30T00:00:00",
      "quarter_label": "2022-09 (Q3)",
      "revenue": 179613000,
      "gross_profit": 120160000,
      "operating_income": 45103000,
      "net_income": 9612000,
      "opex": 134510000,
      "cogs": 59453000,
      "rd": null,
      "sga": 14663000,
      "fcf": 4966000,
      "ocf": 49209000,
      "capex": -44243000,
      "gross_margin": 0.6689938924242678,
      "op_margin": 0.25111211326574356,
      "fcf_margin": 0.027648332804418387,
      "incr_op_margin_yoy": 0.40369770323072524,
      "rev_growth_yoy": 0.1322977803274348,
      "rev_growth_yoy_accel": 0.037134202958724646,
      "op_leverage_ratio": 1.1263156292777983,
      "fcf_margin_change": -0.38434039932708675
    },
    {
      "date": "2022-12-31T00:00:00",
      "quarter_label": "2022-12 (Q4)",
      "revenue": 190112000,
      "gross_profit": 124119000,
      "operating_income": 46693000,
      "net_income": 8366000,
      "opex": 143419000,
      "cogs": 65993000,
      "rd": null,
      "sga": 17436000,
      "fcf": 35936000,
      "ocf": 82099000,
      "capex": -46163000,
      "gross_margin": 0.6528730432587107,
      "op_margin": 0.2456078522134321,
      "fcf_margin": 0.18902541659653257,
      "incr_op_margin_yoy": 0.3432994133050482,
      "rev_growth_yoy": 0.18862344710303044,
      "rev_growth_yoy_accel": 0.05632566677559564,
      "op_leverage_ratio": 0.8825428132027116,
      "fcf_margin_change": 0.16137708379211418
    },
    {
      "date": "2023-03-31T00:00:00",
      "quarter_label": "2023-03 (Q1)",
      "revenue": 197124000,
      "gross_profit": 130459000,
      "operating_income": 51057000,
      "net_income": 10941000,
      "opex": 146067000,
      "cogs": 66665000,
      "rd": null,
      "sga": 19101000,
      "fcf": 941000,
      "ocf": 42338000,
      "capex": -41397000,
      "gross_margin": 0.6618118544672389,
      "op_margin": 0.25900955743592863,
      "fcf_margin": 0.004773645015320306,
      "incr_op_margin_yoy": 0.4733922638822971,
      "rev_growth_yoy": 0.20630063887596994,
      "rev_growth_yoy_accel": 0.0176771917729395,
      "op_leverage_ratio": 1.9976577569031022,
      "fcf_margin_change": -0.18425177158121228
    },
    {
      "date": "2023-06-30T00:00:00",
      "quarter_label": "2023-06 (Q2)",
      "revenue": 206920000,
      "gross_profit": 136998000,
      "operating_income": 51427000,
      "net_income": 23584000,
      "opex": 155493000,
      "cogs": 69922000,
      "rd": null,
      "sga": 14950000,
      "fcf": 22866000,
      "ocf": 87871000,
      "capex": -65005000,
      "gross_margin": 0.662081964044075,
      "op_margin": 0.24853566595785812,
      "fcf_margin": 0.11050647593272762,
      "incr_op_margin_yoy": 0.25460390873967115,
      "rev_growth_yoy": 0.2068050460454564,
      "rev_growth_yoy_accel": 0.0005044071694864649,
      "op_leverage_ratio": 0.7700766364690901,
      "fcf_margin_change": 0.10573283091740732
    },
    {
      "date": "2023-09-30T00:00:00",
      "quarter_label": "2023-09 (Q3)",
      "revenue": 217085000,
      "gross_profit": 142157000,
      "operating_income": 60954000,
      "net_income": 20902000,
      "opex": 156131000,
      "cogs": 74928000,
      "rd": null,
      "sga": 20085000,
      "fcf": -2574000,
      "ocf": 50072000,
      "capex": -52646000,
      "gross_margin": 0.6548448764308912,
      "op_margin": 0.28078402469078934,
      "fcf_margin": -0.011857106663288574,
      "incr_op_margin_yoy": 0.4230091801878736,
      "rev_growth_yoy": 0.2086263243751844,
      "rev_growth_yoy_accel": 0.0018212783297280044,
      "op_leverage_ratio": 11.97278206197237,
      "fcf_margin_change": -0.1223635825960162
    },
    {
      "date": "2023-12-31T00:00:00",
      "quarter_label": "2023-12 (Q4)",
      "revenue": 225049000,
      "gross_profit": 151856000,
      "operating_income": 68543000,
      "net_income": 12841000,
      "opex": 156506000,
      "cogs": 73193000,
      "rd": null,
      "sga": 18578000,
      "fcf": 12130000,
      "ocf": 91604000,
      "capex": -79474000,
      "gross_margin": 0.674768605948038,
      "op_margin": 0.3045692271460882,
      "fcf_margin": 0.05389937302543002,
      "incr_op_margin_yoy": 0.6254114549045424,
      "rev_growth_yoy": 0.18377061942433934,
      "rev_growth_yoy_accel": -0.024855704950845076,
      "op_leverage_ratio": 15.274229406300144,
      "fcf_margin_change": 0.06575647968871859
    },
    {
      "date": "2024-03-31T00:00:00",
      "quarter_label": "2024-03 (Q1)",
      "revenue": 229276000,
      "gross_profit": 154204000,
      "operating_income": 66872000,
      "net_income": 23573000,
      "opex": 162404000,
      "cogs": 75072000,
      "rd": null,
      "sga": 22827000,
      "fcf": -32696000,
      "ocf": 65917000,
      "capex": -98613000,
      "gross_margin": 0.6725693051169769,
      "op_margin": 0.2916659397407491,
      "fcf_margin": -0.1426054187965596,
      "incr_op_margin_yoy": 0.49188230903209756,
      "rev_growth_yoy": 0.16310545646395164,
      "rev_growth_yoy_accel": -0.0206651629603877,
      "op_leverage_ratio": 0.49840384483782385,
      "fcf_margin_change": -0.19650479182198963
    },
    {
      "date": "2024-06-30T00:00:00",
      "quarter_label": "2024-06 (Q2)",
      "revenue": 235313000,
      "gross_profit": 157151000,
      "operating_income": 77372000,
      "net_income": 31238000,
      "opex": 157941000,
      "cogs": 78162000,
      "rd": null,
      "sga": 14173000,
      "fcf": 48204000,
      "ocf": 96741000,
      "capex": -48537000,
      "gross_margin": 0.667838155987982,
      "op_margin": 0.32880461342977224,
      "fcf_margin": 0.2048505607425004,
      "incr_op_margin_yoy": 0.9137815658789138,
      "rev_growth_yoy": 0.13721728204136865,
      "rev_growth_yoy_accel": -0.025888174422582982,
      "op_leverage_ratio": Infinity,
      "fcf_margin_change": 0.34745597953906004
    },
    {
      "date": "2024-09-30T00:00:00",
      "quarter_label": "2024-09 (Q3)",
      "revenue": 239968000,
      "gross_profit": 158154000,
      "operating_income": 75676000,
      "net_income": 19327000,
      "opex": 164292000,
      "cogs": 81814000,
      "rd": null,
      "sga": 15364000,
      "fcf": 19795000,
      "ocf": 48481000,
      "capex": -28686000,
      "gross_margin": 0.6590628750500067,
      "op_margin": 0.31535871449526603,
      "fcf_margin": 0.08249016535538072,
      "incr_op_margin_yoy": 0.6433596993401215,
      "rev_growth_yoy": 0.10541032314531175,
      "rev_growth_yoy_accel": -0.031806958896056906,
      "op_leverage_ratio": 0.4919563099487341,
      "fcf_margin_change": -0.1223603953871197
    },
    {
      "date": "2024-12-31T00:00:00",
      "quarter_label": "2024-12 (Q4)",
      "revenue": 245892000,
      "gross_profit": 168214000,
      "operating_income": 74529000,
      "net_income": 25437000,
      "opex": 171363000,
      "cogs": 77678000,
      "rd": null,
      "sga": 20302000,
      "fcf": 101179000,
      "ocf": 130195000,
      "capex": -29016000,
      "gross_margin": 0.684097083272331,
      "op_margin": 0.3030964813820702,
      "fcf_margin": 0.4114773965806126,
      "incr_op_margin_yoy": 0.28719474163987907,
      "rev_growth_yoy": 0.09261538598260823,
      "rev_growth_yoy_accel": -0.012794937162703524,
      "op_leverage_ratio": 0.5735843551591068,
      "fcf_margin_change": 0.3289872312252319
    },
    {
      "date": "2025-03-31T00:00:00",
      "quarter_label": "2025-03 (Q1)",
      "revenue": 245234000,
      "gross_profit": 163616000,
      "operating_income": 69391000,
      "net_income": 20512000,
      "opex": 175843000,
      "cogs": 81618000,
      "rd": null,
      "sga": 18862000,
      "fcf": 36283000,
      "ocf": 54651000,
      "capex": -18368000,
      "gross_margin": 0.6671831801463093,
      "op_margin": 0.28295831736219285,
      "fcf_margin": 0.14795256775161683,
      "incr_op_margin_yoy": 0.15785186113548064,
      "rev_growth_yoy": 0.06960170275126921,
      "rev_growth_yoy_accel": -0.02301368323133901,
      "fcf_margin_change": -0.26352482882899575
    },
    {
      "date": "2025-06-30T00:00:00",
      "quarter_label": "2025-06 (Q2)",
      "revenue": 250125000,
      "gross_profit": 163626000,
      "operating_income": 76608000,
      "net_income": 28559000,
      "opex": 173517000,
      "cogs": 86499000,
      "rd": null,
      "sga": 12896000,
      "fcf": 101075000,
      "ocf": 124244000,
      "capex": -23169000,
      "gross_margin": 0.6541769115442279,
      "op_margin": 0.30627886056971515,
      "fcf_margin": 0.40409795102448776,
      "incr_op_margin_yoy": -0.05157980016203079,
      "rev_growth_yoy": 0.06294594858762584,
      "rev_growth_yoy_accel": -0.0066557541636433765,
      "op_leverage_ratio": Infinity,
      "fcf_margin_change": 0.25614538327287095
    },
    {
      "date": "2025-09-30T00:00:00",
      "quarter_label": "2025-09 (Q3)",
      "revenue": 250256000,
      "gross_profit": 173305000,
      "operating_income": 83937000,
      "net_income": 34488000,
      "opex": 166319000,
      "cogs": 76951000,
      "rd": null,
      "sga": 16694000,
      "fcf": 51888000,
      "ocf": 75879000,
      "capex": -23991000,
      "gross_margin": 0.6925108688702768,
      "op_margin": 0.33540454574515693,
      "fcf_margin": 0.20733968416341667,
      "incr_op_margin_yoy": 0.8029743390357699,
      "rev_growth_yoy": 0.04287238298439792,
      "rev_growth_yoy_accel": -0.02007356560322792,
      "fcf_margin_change": -0.1967582668610711
    }
  ],
  "signals": [
    {
      "quarter": "2025-09 (Q3)",
      "signal": "GROSS MARGIN INFLECTION",
      "detail": "GM: +66.7% -> +65.4% -> +69.3% (reversal +3.8%)",
      "severity": "MEDIUM"
    },
    {
      "quarter": "2025-09 (Q3)",
      "signal": "INCREMENTAL MARGIN (YoY)",
      "detail": "YoY Incr OPM: +80.3% vs year-ago OPM: +31.5%",
      "severity": "HIGH"
    },
    {
      "quarter": "2025-06 (Q2)",
      "signal": "FCF MARGIN EXPANSION",
      "detail": "FCF margin: +14.8% -> +40.4% (+25.6%)",
      "severity": "MEDIUM"
    },
    {
      "quarter": "2024-12 (Q4)",
      "signal": "FCF MARGIN EXPANSION",
      "detail": "FCF margin: +8.2% -> +41.1% (+32.9%)",
      "severity": "MEDIUM"
    },
    {
      "quarter": "2024-12 (Q4)",
      "signal": "GROSS MARGIN INFLECTION",
      "detail": "GM: +66.8% -> +65.9% -> +68.4% (reversal +2.5%)",
      "severity": "MEDIUM"
    },
    {
      "quarter": "2024-09 (Q3)",
      "signal": "INCREMENTAL MARGIN (YoY)",
      "detail": "YoY Incr OPM: +64.3% vs year-ago OPM: +28.1%",
      "severity": "HIGH"
    },
    {
      "quarter": "2024-06 (Q2)",
      "signal": "FCF TURNED POSITIVE",
      "detail": "FCF margin: -14.3% -> +20.5%",
      "severity": "HIGH"
    },
    {
      "quarter": "2024-06 (Q2)",
      "signal": "INCREMENTAL MARGIN (YoY)",
      "detail": "YoY Incr OPM: +91.4% vs year-ago OPM: +24.9%",
      "severity": "HIGH"
    },
    {
      "quarter": "2024-03 (Q1)",
      "signal": "INCREMENTAL MARGIN (YoY)",
      "detail": "YoY Incr OPM: +49.2% vs year-ago OPM: +25.9%",
      "severity": "HIGH"
    },
    {
      "quarter": "2023-12 (Q4)",
      "signal": "FCF TURNED POSITIVE",
      "detail": "FCF margin: -1.2% -> +5.4%",
      "severity": "HIGH"
    },
    {
      "quarter": "2023-12 (Q4)",
      "signal": "OPERATING LEVERAGE",
      "detail": "Rev growth +3.7% vs OpEx growth +0.2% (leverage: 15.3x)",
      "severity": "MEDIUM"
    },
    {
      "quarter": "2023-12 (Q4)",
      "signal": "INCREMENTAL MARGIN (YoY)",
      "detail": "YoY Incr OPM: +62.5% vs year-ago OPM: +24.6%",
      "severity": "HIGH"
    },
    {
      "quarter": "2023-09 (Q3)",
      "signal": "OPERATING LEVERAGE",
      "detail": "Rev growth +4.9% vs OpEx growth +0.4% (leverage: 12.0x)",
      "severity": "MEDIUM"
    },
    {
      "quarter": "2023-09 (Q3)",
      "signal": "INCREMENTAL MARGIN (YoY)",
      "detail": "YoY Incr OPM: +42.3% vs year-ago OPM: +25.1%",
      "severity": "MEDIUM"
    },
    {
      "quarter": "2023-06 (Q2)",
      "signal": "FCF MARGIN EXPANSION",
      "detail": "FCF margin: +0.5% -> +11.1% (+10.6%)",
      "severity": "MEDIUM"
    },
    {
      "quarter": "2023-03 (Q1)",
      "signal": "OPERATING LEVERAGE",
      "detail": "Rev growth +3.7% vs OpEx growth +1.8% (leverage: 2.0x)",
      "severity": "MEDIUM"
    },
    {
      "quarter": "2023-03 (Q1)",
      "signal": "INCREMENTAL MARGIN (YoY)",
      "detail": "YoY Incr OPM: +47.3% vs year-ago OPM: +21.5%",
      "severity": "HIGH"
    },
    {
      "quarter": "2022-12 (Q4)",
      "signal": "FCF MARGIN EXPANSION",
      "detail": "FCF margin: +2.8% -> +18.9% (+16.1%)",
      "severity": "MEDIUM"
    },
    {
      "quarter": "2022-12 (Q4)",
      "signal": "YoY REVENUE GROWTH ACCELERATION",
      "detail": "YoY growth: +18.9% vs prior quarter YoY: +13.2% (accel: +5.6%)",
      "severity": "MEDIUM"
    },
    {
      "quarter": "2022-12 (Q4)",
      "signal": "INCREMENTAL MARGIN (YoY)",
      "detail": "YoY Incr OPM: +34.3% vs year-ago OPM: +22.7%",
      "severity": "MEDIUM"
    },
    {
      "quarter": "2022-09 (Q3)",
      "signal": "INCREMENTAL MARGIN (YoY)",
      "detail": "YoY Incr OPM: +40.4% vs year-ago OPM: +23.1%",
      "severity": "MEDIUM"
    },
    {
      "quarter": "2022-06 (Q2)",
      "signal": "FCF MARGIN EXPANSION",
      "detail": "FCF margin: +9.1% -> +41.2% (+32.1%)",
      "severity": "MEDIUM"
    },
    {
      "quarter": "2022-06 (Q2)",
      "signal": "OPERATING LEVERAGE",
      "detail": "Rev growth +4.9% vs OpEx growth +0.6% (leverage: 8.4x)",
      "severity": "MEDIUM"
    },
    {
      "quarter": "2022-06 (Q2)",
      "signal": "YoY REVENUE GROWTH ACCELERATION",
      "detail": "YoY growth: +9.5% vs prior quarter YoY: +3.7% (accel: +5.8%)",
      "severity": "MEDIUM"
    },
    {
      "quarter": "2022-06 (Q2)",
      "signal": "INCREMENTAL MARGIN (YoY)",
      "detail": "YoY Incr OPM: +48.7% vs year-ago OPM: +22.4%",
      "severity": "HIGH"
    },
    {
      "quarter": "2022-03 (Q1)",
      "signal": "INCREMENTAL MARGIN (YoY)",
      "detail": "YoY Incr OPM: +39.6% vs year-ago OPM: +20.8%",
      "severity": "MEDIUM"
    },
    {
      "quarter": "2021-12 (Q4)",
      "signal": "FCF MARGIN EXPANSION",
      "detail": "FCF margin: +19.8% -> +40.8% (+21.0%)",
      "severity": "MEDIUM"
    },
    {
      "quarter": "2021-12 (Q4)",
      "signal": "INCREMENTAL MARGIN (YoY)",
      "detail": "YoY Incr OPM: +326.3% vs year-ago OPM: +19.7%",
      "severity": "HIGH"
    },
    {
      "quarter": "2021-09 (Q3)",
      "signal": "OPERATING LEVERAGE",
      "detail": "Rev growth +1.3% vs OpEx growth +0.5% (leverage: 2.8x)",
      "severity": "MEDIUM"
    },
    {
      "quarter": "2021-06 (Q2)",
      "signal": "FCF MARGIN EXPANSION",
      "detail": "FCF margin: +21.2% -> +57.6% (+36.4%)",
      "severity": "MEDIUM"
    }
  ],
  "data_quality": {
    "n_quarters": 20,
    "coverage": {
      "revenue": [
        20,
        20
      ],
      "gross_profit": [
        20,
        20
      ],
      "op_income": [
        20,
        20
      ],
      "fcf": [
        20,
        20
      ]
    },
    "gaps": [],
    "warnings": []
  },
  "market_cap": null,
  "source": "SEC EDGAR",
  "last_updated": "2026-02-02T21:21:33.507427"
}