{
  "ticker": "USLM",
  "name": "UNITED STATES LIME & MINERALS INC",
  "quarters": [
    {
      "date": "2020-12-31T00:00:00",
      "quarter_label": "2020-12 (Q4)",
      "revenue": 40990000,
      "gross_profit": 13171000,
      "operating_income": 8462000,
      "net_income": 7254000,
      "opex": 4709000,
      "cogs": 27819000,
      "rd": null,
      "sga": 3159000,
      "fcf": 13156000,
      "ocf": 16668000,
      "capex": -3512000,
      "gross_margin": 0.32132227372529887,
      "op_margin": 0.20644059526713832,
      "fcf_margin": 0.3209563308123933
    },
    {
      "date": "2021-03-31T00:00:00",
      "quarter_label": "2021-03 (Q1)",
      "revenue": 41674000,
      "gross_profit": 11805000,
      "operating_income": 8738000,
      "net_income": 7031000,
      "opex": 3067000,
      "cogs": 29869000,
      "rd": null,
      "sga": 3067000,
      "fcf": 7079000,
      "ocf": 11622000,
      "capex": -4543000,
      "gross_margin": 0.283270144454576,
      "op_margin": 0.20967509718289581,
      "fcf_margin": 0.16986610356577242,
      "op_leverage_ratio": Infinity,
      "fcf_margin_change": -0.15109022724662086
    },
    {
      "date": "2021-06-30T00:00:00",
      "quarter_label": "2021-06 (Q2)",
      "revenue": 49162000,
      "gross_profit": 16795000,
      "operating_income": 13838000,
      "net_income": 11093000,
      "opex": 2957000,
      "cogs": 32367000,
      "rd": null,
      "sga": 2957000,
      "fcf": 2517000,
      "ocf": 15750000,
      "capex": -13233000,
      "gross_margin": 0.3416256458240104,
      "op_margin": 0.2814775639721736,
      "fcf_margin": 0.051198079817745414,
      "op_leverage_ratio": Infinity,
      "fcf_margin_change": -0.11866802374802701
    },
    {
      "date": "2021-09-30T00:00:00",
      "quarter_label": "2021-09 (Q3)",
      "revenue": 52311000,
      "gross_profit": 17341000,
      "operating_income": 14196000,
      "net_income": 11308000,
      "opex": 3145000,
      "cogs": 34970000,
      "rd": null,
      "sga": 3145000,
      "fcf": 10800000,
      "ocf": 16755000,
      "capex": -5955000,
      "gross_margin": 0.3314981552637113,
      "op_margin": 0.2713769570453633,
      "fcf_margin": 0.20645753283248267,
      "op_leverage_ratio": 1.007480371018266,
      "fcf_margin_change": 0.15525945301473726
    },
    {
      "date": "2021-12-31T00:00:00",
      "quarter_label": "2021-12 (Q4)",
      "revenue": 46108000,
      "gross_profit": 13319000,
      "operating_income": 9645000,
      "net_income": 7613000,
      "opex": 3674000,
      "cogs": 32789000,
      "rd": null,
      "sga": 3674000,
      "fcf": 5379000,
      "ocf": 11562000,
      "capex": -6183000,
      "gross_margin": 0.2888652728376854,
      "op_margin": 0.20918278823631473,
      "fcf_margin": 0.11666088314392296,
      "incr_op_margin_yoy": 0.2311449785072294,
      "rev_growth_yoy": 0.12485972188338619,
      "fcf_margin_change": -0.0897966496885597
    },
    {
      "date": "2022-03-31T00:00:00",
      "quarter_label": "2022-03 (Q1)",
      "revenue": 50909000,
      "gross_profit": 14467000,
      "operating_income": 10832000,
      "net_income": 8668000,
      "opex": 3635000,
      "cogs": 36442000,
      "rd": null,
      "sga": 3635000,
      "fcf": 2542000,
      "ocf": 8059000,
      "capex": -5517000,
      "gross_margin": 0.2841737217387888,
      "op_margin": 0.21277180852108665,
      "fcf_margin": 0.049932232021842896,
      "incr_op_margin_yoy": 0.22674607471575528,
      "rev_growth_yoy": 0.22160099822431253,
      "rev_growth_yoy_accel": 0.09674127634092634,
      "op_leverage_ratio": Infinity,
      "fcf_margin_change": -0.06672865112208007
    },
    {
      "date": "2022-06-30T00:00:00",
      "quarter_label": "2022-06 (Q2)",
      "revenue": 60492000,
      "gross_profit": 16481000,
      "operating_income": 12633000,
      "net_income": 10238000,
      "opex": 3848000,
      "cogs": 44011000,
      "rd": null,
      "sga": 3848000,
      "fcf": 8326000,
      "ocf": 14294000,
      "capex": -5968000,
      "gross_margin": 0.2724492494875355,
      "op_margin": 0.20883753223566753,
      "fcf_margin": 0.1376380347814587,
      "incr_op_margin_yoy": -0.10635481023830538,
      "rev_growth_yoy": 0.23046255237785282,
      "rev_growth_yoy_accel": 0.008861554153540285,
      "op_leverage_ratio": 3.212415654296901,
      "fcf_margin_change": 0.0877058027596158
    },
    {
      "date": "2022-09-30T00:00:00",
      "quarter_label": "2022-09 (Q3)",
      "revenue": 66457000,
      "gross_profit": 22590000,
      "operating_income": 19047000,
      "net_income": 15726000,
      "opex": 3543000,
      "cogs": 43867000,
      "rd": null,
      "sga": 3543000,
      "fcf": 14930000,
      "ocf": 21565000,
      "capex": -6635000,
      "gross_margin": 0.339919045397776,
      "op_margin": 0.28660637705584063,
      "fcf_margin": 0.22465654483350136,
      "incr_op_margin_yoy": 0.3429237947122862,
      "rev_growth_yoy": 0.2704211351341018,
      "rev_growth_yoy_accel": 0.039958582756249,
      "op_leverage_ratio": Infinity,
      "fcf_margin_change": 0.08701851005204267
    },
    {
      "date": "2022-12-31T00:00:00",
      "quarter_label": "2022-12 (Q4)",
      "revenue": 58292000,
      "gross_profit": 16804000,
      "operating_income": 12271000,
      "net_income": 10797000,
      "opex": 4533000,
      "cogs": 41488000,
      "rd": null,
      "sga": 4533000,
      "fcf": 11750000,
      "ocf": 20445000,
      "capex": -8695000,
      "gross_margin": 0.2882728333218967,
      "op_margin": 0.21050916077677898,
      "fcf_margin": 0.20157139916283537,
      "incr_op_margin_yoy": 0.2155285620485883,
      "rev_growth_yoy": 0.2642491541597987,
      "rev_growth_yoy_accel": -0.006171980974303104,
      "fcf_margin_change": -0.023085145670665996
    },
    {
      "date": "2023-03-31T00:00:00",
      "quarter_label": "2023-03 (Q1)",
      "revenue": 66777000,
      "gross_profit": 23992000,
      "operating_income": 19840000,
      "net_income": 17104000,
      "opex": 4152000,
      "cogs": 42785000,
      "rd": null,
      "sga": 4152000,
      "fcf": 15193000,
      "ocf": 20644000,
      "capex": -5451000,
      "gross_margin": 0.35928538269164534,
      "op_margin": 0.2971082857870225,
      "fcf_margin": 0.22751845695374157,
      "incr_op_margin_yoy": 0.5676833879505924,
      "rev_growth_yoy": 0.31169341373823883,
      "rev_growth_yoy_accel": 0.04744425957844012,
      "op_leverage_ratio": Infinity,
      "fcf_margin_change": 0.025947057790906197
    },
    {
      "date": "2023-06-30T00:00:00",
      "quarter_label": "2023-06 (Q2)",
      "revenue": 73983000,
      "gross_profit": 27131000,
      "operating_income": 22812000,
      "net_income": 19712000,
      "opex": 4319000,
      "cogs": 46852000,
      "rd": null,
      "sga": 4319000,
      "fcf": 9648000,
      "ocf": 19629000,
      "capex": -9981000,
      "gross_margin": 0.3667193814795291,
      "op_margin": 0.3083411053890759,
      "fcf_margin": 0.13040833705040347,
      "incr_op_margin_yoy": 0.7545030020013342,
      "rev_growth_yoy": 0.2230212259472327,
      "rev_growth_yoy_accel": -0.08867218779100614,
      "op_leverage_ratio": 2.682923115537199,
      "fcf_margin_change": -0.0971101199033381
    },
    {
      "date": "2023-09-30T00:00:00",
      "quarter_label": "2023-09 (Q3)",
      "revenue": 74878000,
      "gross_profit": 28155000,
      "operating_income": 23800000,
      "net_income": 20733000,
      "opex": 4355000,
      "cogs": 46723000,
      "rd": null,
      "sga": 4355000,
      "fcf": 19300000,
      "ocf": 24409000,
      "capex": -5109000,
      "gross_margin": 0.37601164561019257,
      "op_margin": 0.3178503699350944,
      "fcf_margin": 0.257752610913753,
      "incr_op_margin_yoy": 0.5644222776392352,
      "rev_growth_yoy": 0.12671351400153483,
      "rev_growth_yoy_accel": -0.09630771194569787,
      "op_leverage_ratio": 1.4513488083598785,
      "fcf_margin_change": 0.12734427386334954
    },
    {
      "date": "2023-12-31T00:00:00",
      "quarter_label": "2023-12 (Q4)",
      "revenue": 65692000,
      "gross_profit": 23589000,
      "operating_income": 18970000,
      "net_income": 17000000,
      "opex": 4619000,
      "cogs": 42103000,
      "rd": null,
      "sga": 4619000,
      "fcf": 13868000,
      "ocf": 27577000,
      "capex": -13709000,
      "gross_margin": 0.35908482006941483,
      "op_margin": 0.2887718443646106,
      "fcf_margin": 0.2111063752055045,
      "incr_op_margin_yoy": 0.9052702702702703,
      "rev_growth_yoy": 0.12694709394084952,
      "rev_growth_yoy_accel": 0.00023357993931469312,
      "fcf_margin_change": -0.046646235708248523
    },
    {
      "date": "2024-03-31T00:00:00",
      "quarter_label": "2024-03 (Q1)",
      "revenue": 71687000,
      "gross_profit": 30607000,
      "operating_income": 25759000,
      "net_income": 22439000,
      "opex": 4848000,
      "cogs": 41080000,
      "rd": null,
      "sga": 4848000,
      "fcf": 20343000,
      "ocf": 27167000,
      "capex": -6824000,
      "gross_margin": 0.4269532830220263,
      "op_margin": 0.35932595868149036,
      "fcf_margin": 0.28377530096112263,
      "incr_op_margin_yoy": 1.2054989816700612,
      "rev_growth_yoy": 0.07352831064588107,
      "rev_growth_yoy_accel": -0.05341878329496845,
      "op_leverage_ratio": 1.8407261543681286,
      "fcf_margin_change": 0.07266892575561815
    },
    {
      "date": "2024-06-30T00:00:00",
      "quarter_label": "2024-06 (Q2)",
      "revenue": 76545000,
      "gross_profit": 34822000,
      "operating_income": 29940000,
      "net_income": 26057000,
      "opex": 4882000,
      "cogs": 41723000,
      "rd": null,
      "sga": 4882000,
      "fcf": 16801000,
      "ocf": 21197000,
      "capex": -4396000,
      "gross_margin": 0.45492194134169445,
      "op_margin": 0.3911424652165393,
      "fcf_margin": 0.21949180220785158,
      "incr_op_margin_yoy": 2.782201405152225,
      "rev_growth_yoy": 0.03462957706500142,
      "rev_growth_yoy_accel": -0.03889873358087965,
      "op_leverage_ratio": 9.662751224891872,
      "fcf_margin_change": -0.06428349875327105
    },
    {
      "date": "2024-09-30T00:00:00",
      "quarter_label": "2024-09 (Q3)",
      "revenue": 89427000,
      "gross_profit": 43113000,
      "operating_income": 38137000,
      "net_income": 33353000,
      "opex": 4976000,
      "cogs": 46314000,
      "rd": null,
      "sga": 4976000,
      "fcf": 33899000,
      "ocf": 39050000,
      "capex": -5151000,
      "gross_margin": 0.4821027206548358,
      "op_margin": 0.42645957037583726,
      "fcf_margin": 0.37906896127567735,
      "incr_op_margin_yoy": 0.985428551790501,
      "rev_growth_yoy": 0.19430273244477683,
      "rev_growth_yoy_accel": 0.15967315537977542,
      "op_leverage_ratio": 8.740502249406898,
      "fcf_margin_change": 0.15957715906782577
    },
    {
      "date": "2024-12-31T00:00:00",
      "quarter_label": "2024-12 (Q4)",
      "revenue": 80062000,
      "gross_profit": 35439000,
      "operating_income": 31087000,
      "net_income": 26990000,
      "opex": 4352000,
      "cogs": 44623000,
      "rd": null,
      "sga": 4352000,
      "fcf": 27563000,
      "ocf": 38606000,
      "capex": -11043000,
      "gross_margin": 0.44264445055082313,
      "op_margin": 0.38828657790212584,
      "fcf_margin": 0.34427069021508333,
      "incr_op_margin_yoy": 0.8432150313152401,
      "rev_growth_yoy": 0.21874809718078306,
      "rev_growth_yoy_accel": 0.024445364736006225,
      "fcf_margin_change": -0.03479827106059402
    },
    {
      "date": "2025-03-31T00:00:00",
      "quarter_label": "2025-03 (Q1)",
      "revenue": 91253000,
      "gross_profit": 46156000,
      "operating_income": 39894000,
      "net_income": 34113000,
      "opex": 6262000,
      "cogs": 45097000,
      "rd": null,
      "sga": 6262000,
      "fcf": 24582000,
      "ocf": 39434000,
      "capex": -14852000,
      "gross_margin": 0.5058025489572946,
      "op_margin": 0.43718014750199996,
      "fcf_margin": 0.2693829243970061,
      "incr_op_margin_yoy": 0.722426658489216,
      "rev_growth_yoy": 0.27293651568624716,
      "rev_growth_yoy_accel": 0.0541884185054641,
      "op_leverage_ratio": 0.3184915983306654,
      "fcf_margin_change": -0.07488776581807721
    },
    {
      "date": "2025-06-30T00:00:00",
      "quarter_label": "2025-06 (Q2)",
      "revenue": 91518000,
      "gross_profit": 41878000,
      "operating_income": 35689000,
      "net_income": 30831000,
      "opex": 6189000,
      "cogs": 49640000,
      "rd": null,
      "sga": 6189000,
      "fcf": 20757000,
      "ocf": 34031000,
      "capex": -13274000,
      "gross_margin": 0.45759304180598354,
      "op_margin": 0.38996700102712034,
      "fcf_margin": 0.2268078410804432,
      "incr_op_margin_yoy": 0.3839577906899085,
      "rev_growth_yoy": 0.19561042524005487,
      "rev_growth_yoy_accel": -0.07732609044619229,
      "fcf_margin_change": -0.04257508331656293
    },
    {
      "date": "2025-09-30T00:00:00",
      "quarter_label": "2025-09 (Q3)",
      "revenue": 102016000,
      "gross_profit": 52189000,
      "operating_income": 46262000,
      "net_income": 38782000,
      "opex": 5927000,
      "cogs": 49827000,
      "rd": null,
      "sga": 5927000,
      "fcf": 31278000,
      "ocf": 45941000,
      "capex": -14663000,
      "gross_margin": 0.5115766154328732,
      "op_margin": 0.45347788582183185,
      "fcf_margin": 0.30659896486825594,
      "incr_op_margin_yoy": 0.6454047184049567,
      "rev_growth_yoy": 0.14077403916043252,
      "rev_growth_yoy_accel": -0.05483638607962235,
      "op_leverage_ratio": Infinity,
      "fcf_margin_change": 0.07979112378781275
    }
  ],
  "signals": [
    {
      "quarter": "2025-09 (Q3)",
      "signal": "FCF MARGIN EXPANSION",
      "detail": "FCF margin: +22.7% -> +30.7% (+8.0%)",
      "severity": "MEDIUM"
    },
    {
      "quarter": "2025-09 (Q3)",
      "signal": "GROSS MARGIN INFLECTION",
      "detail": "GM: +50.6% -> +45.8% -> +51.2% (reversal +5.4%)",
      "severity": "HIGH"
    },
    {
      "quarter": "2025-09 (Q3)",
      "signal": "YoY REVENUE GROWTH DECELERATION",
      "detail": "YoY growth: +14.1% vs prior quarter YoY: +19.6% (decel: -5.5%)",
      "severity": "WARNING"
    },
    {
      "quarter": "2025-09 (Q3)",
      "signal": "INCREMENTAL MARGIN (YoY)",
      "detail": "YoY Incr OPM: +64.5% vs year-ago OPM: +42.6%",
      "severity": "HIGH"
    },
    {
      "quarter": "2025-06 (Q2)",
      "signal": "YoY REVENUE GROWTH DECELERATION",
      "detail": "YoY growth: +19.6% vs prior quarter YoY: +27.3% (decel: -7.7%)",
      "severity": "WARNING"
    },
    {
      "quarter": "2025-03 (Q1)",
      "signal": "GROSS MARGIN INFLECTION",
      "detail": "GM: +48.2% -> +44.3% -> +50.6% (reversal +6.3%)",
      "severity": "HIGH"
    },
    {
      "quarter": "2025-03 (Q1)",
      "signal": "YoY REVENUE GROWTH ACCELERATION",
      "detail": "YoY growth: +27.3% vs prior quarter YoY: +21.9% (accel: +5.4%)",
      "severity": "MEDIUM"
    },
    {
      "quarter": "2025-03 (Q1)",
      "signal": "INCREMENTAL MARGIN (YoY)",
      "detail": "YoY Incr OPM: +72.2% vs year-ago OPM: +35.9%",
      "severity": "HIGH"
    },
    {
      "quarter": "2024-12 (Q4)",
      "signal": "INCREMENTAL MARGIN (YoY)",
      "detail": "YoY Incr OPM: +84.3% vs year-ago OPM: +28.9%",
      "severity": "HIGH"
    },
    {
      "quarter": "2024-09 (Q3)",
      "signal": "FCF MARGIN EXPANSION",
      "detail": "FCF margin: +21.9% -> +37.9% (+16.0%)",
      "severity": "MEDIUM"
    },
    {
      "quarter": "2024-09 (Q3)",
      "signal": "OPERATING LEVERAGE",
      "detail": "Rev growth +16.8% vs OpEx growth +1.9% (leverage: 8.7x)",
      "severity": "MEDIUM"
    },
    {
      "quarter": "2024-09 (Q3)",
      "signal": "YoY REVENUE GROWTH ACCELERATION",
      "detail": "YoY growth: +19.4% vs prior quarter YoY: +3.5% (accel: +16.0%)",
      "severity": "HIGH"
    },
    {
      "quarter": "2024-09 (Q3)",
      "signal": "INCREMENTAL MARGIN (YoY)",
      "detail": "YoY Incr OPM: +98.5% vs year-ago OPM: +31.8%",
      "severity": "HIGH"
    },
    {
      "quarter": "2024-06 (Q2)",
      "signal": "OPERATING LEVERAGE",
      "detail": "Rev growth +6.8% vs OpEx growth +0.7% (leverage: 9.7x)",
      "severity": "MEDIUM"
    },
    {
      "quarter": "2024-06 (Q2)",
      "signal": "INCREMENTAL MARGIN (YoY)",
      "detail": "YoY Incr OPM: +278.2% vs year-ago OPM: +30.8%",
      "severity": "HIGH"
    },
    {
      "quarter": "2024-03 (Q1)",
      "signal": "FCF MARGIN EXPANSION",
      "detail": "FCF margin: +21.1% -> +28.4% (+7.3%)",
      "severity": "MEDIUM"
    },
    {
      "quarter": "2024-03 (Q1)",
      "signal": "OPERATING LEVERAGE",
      "detail": "Rev growth +9.1% vs OpEx growth +5.0% (leverage: 1.8x)",
      "severity": "MEDIUM"
    },
    {
      "quarter": "2024-03 (Q1)",
      "signal": "GROSS MARGIN INFLECTION",
      "detail": "GM: +37.6% -> +35.9% -> +42.7% (reversal +6.8%)",
      "severity": "HIGH"
    },
    {
      "quarter": "2024-03 (Q1)",
      "signal": "YoY REVENUE GROWTH DECELERATION",
      "detail": "YoY growth: +7.4% vs prior quarter YoY: +12.7% (decel: -5.3%)",
      "severity": "WARNING"
    },
    {
      "quarter": "2024-03 (Q1)",
      "signal": "INCREMENTAL MARGIN (YoY)",
      "detail": "YoY Incr OPM: +120.5% vs year-ago OPM: +29.7%",
      "severity": "HIGH"
    },
    {
      "quarter": "2023-12 (Q4)",
      "signal": "INCREMENTAL MARGIN (YoY)",
      "detail": "YoY Incr OPM: +90.5% vs year-ago OPM: +21.1%",
      "severity": "HIGH"
    },
    {
      "quarter": "2023-09 (Q3)",
      "signal": "FCF MARGIN EXPANSION",
      "detail": "FCF margin: +13.0% -> +25.8% (+12.7%)",
      "severity": "MEDIUM"
    },
    {
      "quarter": "2023-09 (Q3)",
      "signal": "YoY REVENUE GROWTH DECELERATION",
      "detail": "YoY growth: +12.7% vs prior quarter YoY: +22.3% (decel: -9.6%)",
      "severity": "WARNING"
    },
    {
      "quarter": "2023-09 (Q3)",
      "signal": "INCREMENTAL MARGIN (YoY)",
      "detail": "YoY Incr OPM: +56.4% vs year-ago OPM: +28.7%",
      "severity": "HIGH"
    },
    {
      "quarter": "2023-06 (Q2)",
      "signal": "OPERATING LEVERAGE",
      "detail": "Rev growth +10.8% vs OpEx growth +4.0% (leverage: 2.7x)",
      "severity": "MEDIUM"
    },
    {
      "quarter": "2023-06 (Q2)",
      "signal": "YoY REVENUE GROWTH DECELERATION",
      "detail": "YoY growth: +22.3% vs prior quarter YoY: +31.2% (decel: -8.9%)",
      "severity": "WARNING"
    },
    {
      "quarter": "2023-06 (Q2)",
      "signal": "INCREMENTAL MARGIN (YoY)",
      "detail": "YoY Incr OPM: +75.5% vs year-ago OPM: +20.9%",
      "severity": "HIGH"
    },
    {
      "quarter": "2023-03 (Q1)",
      "signal": "GROSS MARGIN INFLECTION",
      "detail": "GM: +34.0% -> +28.8% -> +35.9% (reversal +7.1%)",
      "severity": "HIGH"
    },
    {
      "quarter": "2023-03 (Q1)",
      "signal": "INCREMENTAL MARGIN (YoY)",
      "detail": "YoY Incr OPM: +56.8% vs year-ago OPM: +21.3%",
      "severity": "HIGH"
    },
    {
      "quarter": "2022-09 (Q3)",
      "signal": "FCF MARGIN EXPANSION",
      "detail": "FCF margin: +13.8% -> +22.5% (+8.7%)",
      "severity": "MEDIUM"
    },
    {
      "quarter": "2022-09 (Q3)",
      "signal": "GROSS MARGIN INFLECTION",
      "detail": "GM: +28.4% -> +27.2% -> +34.0% (reversal +6.7%)",
      "severity": "HIGH"
    },
    {
      "quarter": "2022-06 (Q2)",
      "signal": "FCF MARGIN EXPANSION",
      "detail": "FCF margin: +5.0% -> +13.8% (+8.8%)",
      "severity": "MEDIUM"
    },
    {
      "quarter": "2022-06 (Q2)",
      "signal": "OPERATING LEVERAGE",
      "detail": "Rev growth +18.8% vs OpEx growth +5.9% (leverage: 3.2x)",
      "severity": "MEDIUM"
    },
    {
      "quarter": "2022-03 (Q1)",
      "signal": "YoY REVENUE GROWTH ACCELERATION",
      "detail": "YoY growth: +22.2% vs prior quarter YoY: +12.5% (accel: +9.7%)",
      "severity": "MEDIUM"
    },
    {
      "quarter": "2021-09 (Q3)",
      "signal": "FCF MARGIN EXPANSION",
      "detail": "FCF margin: +5.1% -> +20.6% (+15.5%)",
      "severity": "MEDIUM"
    },
    {
      "quarter": "2021-06 (Q2)",
      "signal": "GROSS MARGIN INFLECTION",
      "detail": "GM: +32.1% -> +28.3% -> +34.2% (reversal +5.8%)",
      "severity": "HIGH"
    }
  ],
  "data_quality": {
    "n_quarters": 20,
    "coverage": {
      "revenue": [
        20,
        20
      ],
      "gross_profit": [
        20,
        20
      ],
      "op_income": [
        20,
        20
      ],
      "fcf": [
        20,
        20
      ]
    },
    "gaps": [],
    "warnings": []
  },
  "market_cap": null,
  "source": "SEC EDGAR",
  "last_updated": "2026-02-02T21:16:44.062256"
}