{
  "ticker": "USNA",
  "name": "USANA HEALTH SCIENCES, INC.",
  "quarters": [
    {
      "date": "2021-01-02T00:00:00",
      "quarter_label": "2021-01 (Q1)",
      "revenue": 310521000,
      "gross_profit": 251501000,
      "operating_income": 52538000,
      "net_income": 39629000,
      "opex": 198963000,
      "cogs": 59020000,
      "rd": null,
      "sga": 69172000,
      "fcf": 46431000,
      "ocf": 47915000,
      "capex": -1484000,
      "gross_margin": 0.8099323395197104,
      "op_margin": 0.1691930658473984,
      "fcf_margin": 0.149526119006444
    },
    {
      "date": "2021-04-03T00:00:00",
      "quarter_label": "2021-04 (Q2)",
      "revenue": 307976000,
      "gross_profit": 250325000,
      "operating_income": 44197000,
      "net_income": 30621000,
      "opex": 206128000,
      "cogs": 57651000,
      "rd": null,
      "sga": 71633000,
      "fcf": 18062000,
      "ocf": 19659000,
      "capex": -1597000,
      "gross_margin": 0.8128068420915916,
      "op_margin": 0.1435079356833,
      "fcf_margin": 0.0586474270722394,
      "fcf_margin_change": -0.0908786919342046
    },
    {
      "date": "2021-07-03T00:00:00",
      "quarter_label": "2021-07 (Q3)",
      "revenue": 336837000,
      "gross_profit": 279823000,
      "operating_income": 53720000,
      "net_income": 38234000,
      "opex": 226103000,
      "cogs": 57014000,
      "rd": null,
      "sga": 72240000,
      "fcf": 37609000,
      "ocf": 39158000,
      "capex": -1549000,
      "gross_margin": 0.830737122109507,
      "op_margin": 0.1594836671743306,
      "fcf_margin": 0.11165341099701043,
      "op_leverage_ratio": 0.9670405876270188,
      "fcf_margin_change": 0.05300598392477103
    },
    {
      "date": "2021-10-02T00:00:00",
      "quarter_label": "2021-10 (Q4)",
      "revenue": 274352000,
      "gross_profit": 223637000,
      "operating_income": 40770000,
      "net_income": 27330000,
      "opex": 182867000,
      "cogs": 50715000,
      "rd": null,
      "sga": 66645000,
      "fcf": 31024000,
      "ocf": 37488000,
      "capex": -6464000,
      "gross_margin": 0.8151462354930892,
      "op_margin": 0.14860471219455298,
      "fcf_margin": 0.11308100542368928,
      "fcf_margin_change": 0.0014275944266788493
    },
    {
      "date": "2022-01-01T00:00:00",
      "quarter_label": "2022-01 (Q1)",
      "revenue": 267299000,
      "gross_profit": 214781000,
      "operating_income": 31505000,
      "net_income": 20320000,
      "opex": 183276000,
      "cogs": 52518000,
      "rd": null,
      "sga": 68589000,
      "fcf": 21769000,
      "ocf": 24922000,
      "capex": -3153000,
      "gross_margin": 0.8035233951492523,
      "op_margin": 0.11786426436312893,
      "fcf_margin": 0.08144063389687205,
      "incr_op_margin_yoy": 0.48662718060247095,
      "rev_growth_yoy": -0.13919187430157703,
      "fcf_margin_change": -0.03164037152681723
    },
    {
      "date": "2022-04-02T00:00:00",
      "quarter_label": "2022-04 (Q2)",
      "revenue": 272867000,
      "gross_profit": 221484000,
      "operating_income": 33067000,
      "net_income": 22469000,
      "opex": 188417000,
      "cogs": 51383000,
      "rd": null,
      "sga": 68797000,
      "fcf": 17912000,
      "ocf": 19701000,
      "capex": -1789000,
      "gross_margin": 0.8116921430587063,
      "op_margin": 0.12118358027903704,
      "fcf_margin": 0.06564370187673849,
      "incr_op_margin_yoy": 0.3170127317781765,
      "rev_growth_yoy": -0.1139991427903473,
      "rev_growth_yoy_accel": 0.025192731511229735,
      "op_leverage_ratio": 0.7426084497601897,
      "fcf_margin_change": -0.01579693202013356
    },
    {
      "date": "2022-07-02T00:00:00",
      "quarter_label": "2022-07 (Q3)",
      "revenue": 264474000,
      "gross_profit": 214957000,
      "operating_income": 29366000,
      "net_income": 19157000,
      "opex": 185591000,
      "cogs": 49517000,
      "rd": null,
      "sga": 66387000,
      "fcf": 12867000,
      "ocf": 14613000,
      "capex": -1746000,
      "gross_margin": 0.8127717658446577,
      "op_margin": 0.11103548931085853,
      "fcf_margin": 0.04865128519249529,
      "incr_op_margin_yoy": 0.3365532108950707,
      "rev_growth_yoy": -0.21483091228101425,
      "rev_growth_yoy_accel": -0.10083176949066695,
      "fcf_margin_change": -0.016992416684243193
    },
    {
      "date": "2022-10-01T00:00:00",
      "quarter_label": "2022-10 (Q4)",
      "revenue": 233300000,
      "gross_profit": 186740000,
      "operating_income": 22630000,
      "net_income": 14929000,
      "opex": 164110000,
      "cogs": 46560000,
      "rd": null,
      "sga": 66020000,
      "fcf": 25545000,
      "ocf": 29125000,
      "capex": -3580000,
      "gross_margin": 0.8004286326618089,
      "op_margin": 0.0969995713673382,
      "fcf_margin": 0.10949421345906558,
      "incr_op_margin_yoy": 0.44187859300399496,
      "rev_growth_yoy": -0.14963258879104216,
      "rev_growth_yoy_accel": 0.0651983234899721,
      "fcf_margin_change": 0.06084292826657029
    },
    {
      "date": "2022-12-31T00:00:00",
      "quarter_label": "2022-12 (Q4)",
      "revenue": 227960000,
      "gross_profit": 181530000,
      "operating_income": 22551000,
      "net_income": 12795000,
      "opex": 158979000,
      "cogs": 46430000,
      "rd": null,
      "sga": 61100000,
      "fcf": 37178000,
      "ocf": 40463000,
      "capex": -3285000,
      "gross_margin": 0.7963239164765749,
      "op_margin": 0.09892525004386735,
      "fcf_margin": 0.16309001579224425,
      "incr_op_margin_yoy": 0.22761127634154402,
      "rev_growth_yoy": -0.14717226776007392,
      "rev_growth_yoy_accel": 0.0024603210309682433,
      "fcf_margin_change": 0.05359580233317866
    },
    {
      "date": "2023-04-01T00:00:00",
      "quarter_label": "2023-04 (Q2)",
      "revenue": 248360000,
      "gross_profit": 199841000,
      "operating_income": 26845000,
      "net_income": 18383000,
      "opex": 172996000,
      "cogs": 48519000,
      "rd": null,
      "sga": 66926000,
      "fcf": 10726000,
      "ocf": 12833000,
      "capex": -2107000,
      "gross_margin": 0.80464245450153,
      "op_margin": 0.1080890642615558,
      "fcf_margin": 0.04318730874536963,
      "incr_op_margin_yoy": 0.25388664463214594,
      "rev_growth_yoy": -0.0898129858136015,
      "rev_growth_yoy_accel": 0.05735928194647241,
      "op_leverage_ratio": 1.0149770132858125,
      "fcf_margin_change": -0.11990270704687461
    },
    {
      "date": "2023-07-01T00:00:00",
      "quarter_label": "2023-07 (Q3)",
      "revenue": 238202000,
      "gross_profit": 194876000,
      "operating_income": 24400000,
      "net_income": 17292000,
      "opex": 170476000,
      "cogs": 43326000,
      "rd": null,
      "sga": 68096000,
      "fcf": 5942000,
      "ocf": 9551000,
      "capex": -3609000,
      "gross_margin": 0.8181123584184852,
      "op_margin": 0.10243406856365606,
      "fcf_margin": 0.0249452145657887,
      "incr_op_margin_yoy": 0.18902253349573692,
      "rev_growth_yoy": -0.09933679681178491,
      "rev_growth_yoy_accel": -0.009523810998183405,
      "fcf_margin_change": -0.018242094179580927
    },
    {
      "date": "2023-09-30T00:00:00",
      "quarter_label": "2023-09 (Q3)",
      "revenue": 213365000,
      "gross_profit": 170836000,
      "operating_income": 17607000,
      "net_income": 11347000,
      "opex": 153229000,
      "cogs": 42529000,
      "rd": null,
      "sga": 63303000,
      "fcf": 20780000,
      "ocf": 22234000,
      "capex": -1454000,
      "gross_margin": 0.8006748998195581,
      "op_margin": 0.08252056335387715,
      "fcf_margin": 0.09739179340566635,
      "incr_op_margin_yoy": 0.2519688989214949,
      "rev_growth_yoy": -0.08544792113159022,
      "rev_growth_yoy_accel": 0.013888875680194687,
      "fcf_margin_change": 0.07244657883987765
    },
    {
      "date": "2023-12-30T00:00:00",
      "quarter_label": "2023-12 (Q4)",
      "revenue": 221083000,
      "gross_profit": 178764000,
      "operating_income": 24219000,
      "net_income": 16766000,
      "opex": 154545000,
      "cogs": 42319000,
      "rd": null,
      "sga": 58664000,
      "fcf": 18699000,
      "ocf": 26023000,
      "capex": -7324000,
      "gross_margin": 0.8085832017839454,
      "op_margin": 0.10954709317315217,
      "fcf_margin": 0.08457909472912888,
      "incr_op_margin_yoy": -0.24254762250981532,
      "rev_growth_yoy": -0.030167573258466397,
      "rev_growth_yoy_accel": 0.055280347873123824,
      "op_leverage_ratio": 4.211789641977298,
      "fcf_margin_change": -0.012812698676537476
    },
    {
      "date": "2024-03-30T00:00:00",
      "quarter_label": "2024-03 (Q1)",
      "revenue": 227800000,
      "gross_profit": 184731000,
      "operating_income": 24673000,
      "net_income": 16537000,
      "opex": 160058000,
      "cogs": 43069000,
      "rd": null,
      "sga": 64300000,
      "fcf": 14482000,
      "ocf": 17683000,
      "capex": -3201000,
      "gross_margin": 0.8109350307287094,
      "op_margin": 0.1083099209833187,
      "fcf_margin": 0.06357330992098331,
      "incr_op_margin_yoy": 0.1056420233463035,
      "rev_growth_yoy": -0.08278305685295538,
      "rev_growth_yoy_accel": -0.05261548359448898,
      "op_leverage_ratio": 0.851700624258788,
      "fcf_margin_change": -0.021005784808145564
    },
    {
      "date": "2024-06-29T00:00:00",
      "quarter_label": "2024-06 (Q2)",
      "revenue": 212869000,
      "gross_profit": 172536000,
      "operating_income": 17840000,
      "net_income": 10432000,
      "opex": 154696000,
      "cogs": 40333000,
      "rd": null,
      "sga": 64325000,
      "fcf": 5319000,
      "ocf": 7990000,
      "capex": -2671000,
      "gross_margin": 0.8105266619376236,
      "op_margin": 0.08380741207033433,
      "fcf_margin": 0.02498719869966975,
      "incr_op_margin_yoy": 0.2589507756681009,
      "rev_growth_yoy": -0.10635091225094667,
      "rev_growth_yoy_accel": -0.02356785539799129,
      "fcf_margin_change": -0.03858611122131356
    },
    {
      "date": "2024-09-28T00:00:00",
      "quarter_label": "2024-09 (Q3)",
      "revenue": 200221000,
      "gross_profit": 160964000,
      "operating_income": 15601000,
      "net_income": 10607000,
      "opex": 145363000,
      "cogs": 39257000,
      "rd": null,
      "sga": 61295000,
      "fcf": 27135000,
      "ocf": 29534000,
      "capex": -2399000,
      "gross_margin": 0.8039316555206497,
      "op_margin": 0.07791889961592441,
      "fcf_margin": 0.1355252446047118,
      "incr_op_margin_yoy": 0.15261716372489348,
      "rev_growth_yoy": -0.06160335575188058,
      "rev_growth_yoy_accel": 0.044747556499066095,
      "fcf_margin_change": 0.11053804590504204
    },
    {
      "date": "2024-12-28T00:00:00",
      "quarter_label": "2024-12 (Q4)",
      "revenue": 213613000,
      "gross_profit": 175060000,
      "operating_income": 8210000,
      "net_income": 4454000,
      "opex": 166850000,
      "cogs": 38553000,
      "rd": null,
      "sga": 73348000,
      "fcf": 3983000,
      "ocf": 5785000,
      "capex": -1802000,
      "gross_margin": 0.8195194112717858,
      "op_margin": 0.0384339904406567,
      "fcf_margin": 0.018645868931198007,
      "incr_op_margin_yoy": 2.1431057563587683,
      "rev_growth_yoy": -0.03378821528566195,
      "rev_growth_yoy_accel": 0.02781514046621863,
      "op_leverage_ratio": 0.4524951285463807,
      "fcf_margin_change": -0.1168793756735138
    },
    {
      "date": "2025-03-29T00:00:00",
      "quarter_label": "2025-03 (Q1)",
      "revenue": 249539000,
      "gross_profit": 197094000,
      "operating_income": 15671000,
      "net_income": 9402000,
      "opex": 181423000,
      "cogs": 52445000,
      "rd": null,
      "sga": 91438000,
      "fcf": 12679000,
      "ocf": 15482000,
      "capex": -2803000,
      "gross_margin": 0.7898324510397172,
      "op_margin": 0.06279980283643037,
      "fcf_margin": 0.05080969307402851,
      "incr_op_margin_yoy": -0.4140944845669074,
      "rev_growth_yoy": 0.09543020193151888,
      "rev_growth_yoy_accel": 0.12921841721718083,
      "op_leverage_ratio": 1.9255661036697418,
      "fcf_margin_change": 0.032163824142830505
    },
    {
      "date": "2025-06-28T00:00:00",
      "quarter_label": "2025-06 (Q2)",
      "revenue": 235848000,
      "gross_profit": 185664000,
      "operating_income": 16718000,
      "net_income": 9655000,
      "opex": 168946000,
      "cogs": 50184000,
      "rd": null,
      "sga": 81906000,
      "fcf": 7191000,
      "ocf": 12218000,
      "capex": -5027000,
      "gross_margin": 0.7872188867406126,
      "op_margin": 0.07088463756317628,
      "fcf_margin": 0.030489976595095145,
      "incr_op_margin_yoy": -0.048827190043082815,
      "rev_growth_yoy": 0.10794902028947381,
      "rev_growth_yoy_accel": 0.01251881835795493,
      "fcf_margin_change": -0.020319716478933363
    },
    {
      "date": "2025-09-27T00:00:00",
      "quarter_label": "2025-09 (Q3)",
      "revenue": 213670000,
      "gross_profit": 164855000,
      "operating_income": 1224000,
      "net_income": -6522000,
      "opex": 163631000,
      "cogs": 48815000,
      "rd": null,
      "sga": 85947000,
      "fcf": -5159000,
      "ocf": -1961000,
      "capex": -3198000,
      "gross_margin": 0.7715402255815041,
      "op_margin": 0.0057284597744184955,
      "fcf_margin": -0.024144709130902792,
      "incr_op_margin_yoy": -1.069001412744442,
      "rev_growth_yoy": 0.06717077629219713,
      "rev_growth_yoy_accel": -0.040778243997276684,
      "fcf_margin_change": -0.05463468572599794
    }
  ],
  "signals": [
    {
      "quarter": "2025-03 (Q1)",
      "signal": "OPERATING LEVERAGE",
      "detail": "Rev growth +16.8% vs OpEx growth +8.7% (leverage: 1.9x)",
      "severity": "MEDIUM"
    },
    {
      "quarter": "2025-03 (Q1)",
      "signal": "YoY REVENUE GROWTH ACCELERATION",
      "detail": "YoY growth: +9.5% vs prior quarter YoY: -3.4% (accel: +12.9%)",
      "severity": "MEDIUM"
    },
    {
      "quarter": "2024-12 (Q4)",
      "signal": "INCREMENTAL MARGIN (YoY)",
      "detail": "YoY Incr OPM: +214.3% vs year-ago OPM: +11.0%",
      "severity": "HIGH"
    },
    {
      "quarter": "2024-09 (Q3)",
      "signal": "FCF MARGIN EXPANSION",
      "detail": "FCF margin: +2.5% -> +13.6% (+11.1%)",
      "severity": "MEDIUM"
    },
    {
      "quarter": "2024-06 (Q2)",
      "signal": "INCREMENTAL MARGIN (YoY)",
      "detail": "YoY Incr OPM: +25.9% vs year-ago OPM: +10.2%",
      "severity": "MEDIUM"
    },
    {
      "quarter": "2024-03 (Q1)",
      "signal": "YoY REVENUE GROWTH DECELERATION",
      "detail": "YoY growth: -8.3% vs prior quarter YoY: -3.0% (decel: -5.3%)",
      "severity": "WARNING"
    },
    {
      "quarter": "2023-12 (Q4)",
      "signal": "OPERATING LEVERAGE",
      "detail": "Rev growth +3.6% vs OpEx growth +0.9% (leverage: 4.2x)",
      "severity": "MEDIUM"
    },
    {
      "quarter": "2023-12 (Q4)",
      "signal": "YoY REVENUE GROWTH ACCELERATION",
      "detail": "YoY growth: -3.0% vs prior quarter YoY: -8.5% (accel: +5.5%)",
      "severity": "MEDIUM"
    },
    {
      "quarter": "2023-09 (Q3)",
      "signal": "FCF MARGIN EXPANSION",
      "detail": "FCF margin: +2.5% -> +9.7% (+7.2%)",
      "severity": "MEDIUM"
    },
    {
      "quarter": "2023-09 (Q3)",
      "signal": "INCREMENTAL MARGIN (YoY)",
      "detail": "YoY Incr OPM: +25.2% vs year-ago OPM: +9.7%",
      "severity": "MEDIUM"
    },
    {
      "quarter": "2023-04 (Q2)",
      "signal": "YoY REVENUE GROWTH ACCELERATION",
      "detail": "YoY growth: -9.0% vs prior quarter YoY: -14.7% (accel: +5.7%)",
      "severity": "MEDIUM"
    },
    {
      "quarter": "2023-04 (Q2)",
      "signal": "INCREMENTAL MARGIN (YoY)",
      "detail": "YoY Incr OPM: +25.4% vs year-ago OPM: +12.1%",
      "severity": "MEDIUM"
    },
    {
      "quarter": "2022-12 (Q4)",
      "signal": "FCF MARGIN EXPANSION",
      "detail": "FCF margin: +10.9% -> +16.3% (+5.4%)",
      "severity": "MEDIUM"
    },
    {
      "quarter": "2022-12 (Q4)",
      "signal": "INCREMENTAL MARGIN (YoY)",
      "detail": "YoY Incr OPM: +22.8% vs year-ago OPM: +11.8%",
      "severity": "MEDIUM"
    },
    {
      "quarter": "2022-10 (Q4)",
      "signal": "FCF MARGIN EXPANSION",
      "detail": "FCF margin: +4.9% -> +10.9% (+6.1%)",
      "severity": "MEDIUM"
    },
    {
      "quarter": "2022-10 (Q4)",
      "signal": "YoY REVENUE GROWTH ACCELERATION",
      "detail": "YoY growth: -15.0% vs prior quarter YoY: -21.5% (accel: +6.5%)",
      "severity": "MEDIUM"
    },
    {
      "quarter": "2022-10 (Q4)",
      "signal": "INCREMENTAL MARGIN (YoY)",
      "detail": "YoY Incr OPM: +44.2% vs year-ago OPM: +14.9%",
      "severity": "HIGH"
    },
    {
      "quarter": "2022-07 (Q3)",
      "signal": "YoY REVENUE GROWTH DECELERATION",
      "detail": "YoY growth: -21.5% vs prior quarter YoY: -11.4% (decel: -10.1%)",
      "severity": "WARNING"
    },
    {
      "quarter": "2022-07 (Q3)",
      "signal": "INCREMENTAL MARGIN (YoY)",
      "detail": "YoY Incr OPM: +33.7% vs year-ago OPM: +15.9%",
      "severity": "MEDIUM"
    },
    {
      "quarter": "2022-04 (Q2)",
      "signal": "INCREMENTAL MARGIN (YoY)",
      "detail": "YoY Incr OPM: +31.7% vs year-ago OPM: +14.4%",
      "severity": "MEDIUM"
    },
    {
      "quarter": "2022-01 (Q1)",
      "signal": "INCREMENTAL MARGIN (YoY)",
      "detail": "YoY Incr OPM: +48.7% vs year-ago OPM: +16.9%",
      "severity": "HIGH"
    },
    {
      "quarter": "2021-07 (Q3)",
      "signal": "FCF MARGIN EXPANSION",
      "detail": "FCF margin: +5.9% -> +11.2% (+5.3%)",
      "severity": "MEDIUM"
    }
  ],
  "data_quality": {
    "n_quarters": 20,
    "coverage": {
      "revenue": [
        20,
        20
      ],
      "gross_profit": [
        20,
        20
      ],
      "op_income": [
        20,
        20
      ],
      "fcf": [
        20,
        20
      ]
    },
    "gaps": [],
    "warnings": []
  },
  "market_cap": null,
  "source": "SEC EDGAR",
  "last_updated": "2026-02-02T22:33:59.732034"
}