{
  "ticker": "UTHR",
  "name": "United Therapeutics Corporation",
  "quarters": [
    {
      "date": "2020-12-31T00:00:00",
      "quarter_label": "2020-12 (Q4)",
      "revenue": 384900000,
      "gross_profit": 350100000,
      "operating_income": 65300000,
      "net_income": null,
      "opex": 319600000,
      "cogs": 34800000,
      "rd": 126100000,
      "sga": null,
      "fcf": 113900000,
      "ocf": 126200000,
      "capex": -12300000,
      "gross_margin": 0.9095869056897895,
      "op_margin": 0.16965445570277995,
      "fcf_margin": 0.2959210184463497
    },
    {
      "date": "2021-03-31T00:00:00",
      "quarter_label": "2021-03 (Q1)",
      "revenue": 379100000,
      "gross_profit": 356100000,
      "operating_income": -64800000,
      "net_income": 28300000,
      "opex": 443900000,
      "cogs": 23000000,
      "rd": 303700000,
      "sga": null,
      "fcf": 79200000,
      "ocf": 89800000,
      "capex": -10600000,
      "gross_margin": 0.9393299920865207,
      "op_margin": -0.17093115273015036,
      "fcf_margin": 0.20891585333685045,
      "fcf_margin_change": -0.08700516510949927
    },
    {
      "date": "2021-06-30T00:00:00",
      "quarter_label": "2021-06 (Q2)",
      "revenue": 446500000,
      "gross_profit": 409300000,
      "operating_income": 222200000,
      "net_income": 172600000,
      "opex": 224300000,
      "cogs": 37200000,
      "rd": 74300000,
      "sga": 112800000,
      "fcf": 131900000,
      "ocf": 148200000,
      "capex": -16300000,
      "gross_margin": 0.9166853303471445,
      "op_margin": 0.4976483762597984,
      "fcf_margin": 0.2954087346024636,
      "op_leverage_ratio": Infinity,
      "fcf_margin_change": 0.08649288126561314
    },
    {
      "date": "2021-09-30T00:00:00",
      "quarter_label": "2021-09 (Q3)",
      "revenue": 444700000,
      "gross_profit": 417000000,
      "operating_income": 228700000,
      "net_income": 162700000,
      "opex": 216000000,
      "cogs": 27700000,
      "rd": 79200000,
      "sga": 109100000,
      "fcf": 162300000,
      "ocf": 185600000,
      "capex": -23300000,
      "gross_margin": 0.9377108162806387,
      "op_margin": 0.51427928940859,
      "fcf_margin": 0.3649651450416011,
      "fcf_margin_change": 0.06955641043913752
    },
    {
      "date": "2021-12-31T00:00:00",
      "quarter_label": "2021-12 (Q4)",
      "revenue": 415200000,
      "gross_profit": 380600000,
      "operating_income": 169800000,
      "net_income": 112200000,
      "opex": 245400000,
      "cogs": 34600000,
      "rd": 82900000,
      "sga": 127900000,
      "fcf": 104000000,
      "ocf": 174600000,
      "capex": -70600000,
      "gross_margin": 0.9166666666666666,
      "op_margin": 0.40895953757225434,
      "fcf_margin": 0.2504816955684008,
      "incr_op_margin_yoy": 3.448844884488449,
      "rev_growth_yoy": 0.07872174590802807,
      "fcf_margin_change": -0.11448344947320033
    },
    {
      "date": "2022-03-31T00:00:00",
      "quarter_label": "2022-03 (Q1)",
      "revenue": 461900000,
      "gross_profit": 426000000,
      "operating_income": 288000000,
      "net_income": 239900000,
      "opex": 173900000,
      "cogs": 25900000,
      "rd": 69000000,
      "sga": 79000000,
      "fcf": 275200000,
      "ocf": 288700000,
      "capex": -13500000,
      "gross_margin": 0.9222775492530851,
      "op_margin": 0.623511582593635,
      "fcf_margin": 0.5957999567005845,
      "incr_op_margin_yoy": 4.260869565217392,
      "rev_growth_yoy": 0.21841202848852545,
      "rev_growth_yoy_accel": 0.13969028258049737,
      "op_leverage_ratio": Infinity,
      "fcf_margin_change": 0.3453182611321837
    },
    {
      "date": "2022-06-30T00:00:00",
      "quarter_label": "2022-06 (Q2)",
      "revenue": 466900000,
      "gross_profit": 437200000,
      "operating_income": 201800000,
      "net_income": 116000000,
      "opex": 265100000,
      "cogs": 29700000,
      "rd": 93900000,
      "sga": 141500000,
      "fcf": 110000000,
      "ocf": 127000000,
      "capex": -17000000,
      "gross_margin": 0.9363889483829514,
      "op_margin": 0.43221246519597345,
      "fcf_margin": 0.23559648747055043,
      "incr_op_margin_yoy": -1.0,
      "rev_growth_yoy": 0.04568868980963046,
      "rev_growth_yoy_accel": -0.172723338678895,
      "op_leverage_ratio": 0.0206408123578051,
      "fcf_margin_change": -0.3602034692300341
    },
    {
      "date": "2022-09-30T00:00:00",
      "quarter_label": "2022-09 (Q3)",
      "revenue": 516000000,
      "gross_profit": 478800000,
      "operating_income": 314300000,
      "net_income": 239300000,
      "opex": 201700000,
      "cogs": 37200000,
      "rd": 66100000,
      "sga": 98400000,
      "fcf": 189800000,
      "ocf": 258600000,
      "capex": -68800000,
      "gross_margin": 0.9279069767441861,
      "op_margin": 0.609108527131783,
      "fcf_margin": 0.3678294573643411,
      "incr_op_margin_yoy": 1.2005610098176718,
      "rev_growth_yoy": 0.16033280863503485,
      "rev_growth_yoy_accel": 0.1146441188254044,
      "op_leverage_ratio": Infinity,
      "fcf_margin_change": 0.13223296989379066
    },
    {
      "date": "2022-12-31T00:00:00",
      "quarter_label": "2022-12 (Q4)",
      "revenue": 491500000,
      "gross_profit": 442700000,
      "operating_income": 175600000,
      "net_income": 132100000,
      "opex": 315900000,
      "cogs": 58800000,
      "rd": 93900000,
      "sga": 163200000,
      "fcf": 88700000,
      "ocf": 128200000,
      "capex": -39500000,
      "gross_margin": 0.9007121057985757,
      "op_margin": 0.3572736520854527,
      "fcf_margin": 0.1804679552390641,
      "incr_op_margin_yoy": 0.07601572739187418,
      "rev_growth_yoy": 0.18376685934489403,
      "rev_growth_yoy_accel": 0.023434050709859183,
      "fcf_margin_change": -0.187361502125277
    },
    {
      "date": "2023-03-31T00:00:00",
      "quarter_label": "2023-03 (Q1)",
      "revenue": 506900000,
      "gross_profit": 454600000,
      "operating_income": 284400000,
      "net_income": 240900000,
      "opex": 222500000,
      "cogs": 52300000,
      "rd": 82900000,
      "sga": 87300000,
      "fcf": 333500000,
      "ocf": 374800000,
      "capex": -41300000,
      "gross_margin": 0.8968238311304004,
      "op_margin": 0.5610574077727363,
      "fcf_margin": 0.6579206944170448,
      "incr_op_margin_yoy": -0.08,
      "rev_growth_yoy": 0.09742368478025547,
      "rev_growth_yoy_accel": -0.08634317456463857,
      "op_leverage_ratio": Infinity,
      "fcf_margin_change": 0.4774527391779807
    },
    {
      "date": "2023-06-30T00:00:00",
      "quarter_label": "2023-06 (Q2)",
      "revenue": 596500000,
      "gross_profit": 532400000,
      "operating_income": 313400000,
      "net_income": 259200000,
      "opex": 283100000,
      "cogs": 64100000,
      "rd": 89000000,
      "sga": 130000000,
      "fcf": 61600000,
      "ocf": 106300000,
      "capex": -44700000,
      "gross_margin": 0.8925398155909472,
      "op_margin": 0.5253981559094719,
      "fcf_margin": 0.10326906957250628,
      "incr_op_margin_yoy": 0.8611111111111112,
      "rev_growth_yoy": 0.27757549796530306,
      "rev_growth_yoy_accel": 0.18015181318504758,
      "op_leverage_ratio": 0.6489976281115979,
      "fcf_margin_change": -0.5546516248445386
    },
    {
      "date": "2023-09-30T00:00:00",
      "quarter_label": "2023-09 (Q3)",
      "revenue": 609400000,
      "gross_profit": 539300000,
      "operating_income": 327000000,
      "net_income": 267600000,
      "opex": 282400000,
      "cogs": 70100000,
      "rd": 84700000,
      "sga": 127600000,
      "fcf": 280500000,
      "ocf": 346200000,
      "capex": -65700000,
      "gross_margin": 0.8849688217919265,
      "op_margin": 0.5365933705283886,
      "fcf_margin": 0.4602888086642599,
      "incr_op_margin_yoy": 0.13597430406852248,
      "rev_growth_yoy": 0.1810077519379845,
      "rev_growth_yoy_accel": -0.09656774602731857,
      "op_leverage_ratio": Infinity,
      "fcf_margin_change": 0.35701973909175366
    },
    {
      "date": "2023-12-31T00:00:00",
      "quarter_label": "2023-12 (Q4)",
      "revenue": 614700000,
      "gross_profit": 543700000,
      "operating_income": 260100000,
      "net_income": 217100000,
      "opex": 354600000,
      "cogs": 71000000,
      "rd": 151400000,
      "sga": 132200000,
      "fcf": 72000000,
      "ocf": 150700000,
      "capex": -78700000,
      "gross_margin": 0.8844965023588742,
      "op_margin": 0.42313323572474376,
      "fcf_margin": 0.1171303074670571,
      "incr_op_margin_yoy": 0.6858766233766234,
      "rev_growth_yoy": 0.25066124109867755,
      "rev_growth_yoy_accel": 0.06965348916069306,
      "fcf_margin_change": -0.3431585011972028
    },
    {
      "date": "2024-03-31T00:00:00",
      "quarter_label": "2024-03 (Q1)",
      "revenue": 677700000,
      "gross_profit": 604800000,
      "operating_income": 356300000,
      "net_income": 306600000,
      "opex": 321400000,
      "cogs": 72900000,
      "rd": 104100000,
      "sga": 144400000,
      "fcf": 338300000,
      "ocf": 376500000,
      "capex": -38200000,
      "gross_margin": 0.8924302788844621,
      "op_margin": 0.5257488564261472,
      "fcf_margin": 0.49918843145934777,
      "incr_op_margin_yoy": 0.42096018735363,
      "rev_growth_yoy": 0.3369500887749063,
      "rev_growth_yoy_accel": 0.08628884767622874,
      "op_leverage_ratio": Infinity,
      "fcf_margin_change": 0.38205812399229067
    },
    {
      "date": "2024-06-30T00:00:00",
      "quarter_label": "2024-06 (Q2)",
      "revenue": 714900000,
      "gross_profit": 637100000,
      "operating_income": 319900000,
      "net_income": 278100000,
      "opex": 395000000,
      "cogs": 77800000,
      "rd": 139600000,
      "sga": 177600000,
      "fcf": 187100000,
      "ocf": 232200000,
      "capex": -45100000,
      "gross_margin": 0.8911735907119877,
      "op_margin": 0.44747517135263676,
      "fcf_margin": 0.2617149251643586,
      "incr_op_margin_yoy": 0.05489864864864865,
      "rev_growth_yoy": 0.19849119865884327,
      "rev_growth_yoy_accel": -0.13845889011606302,
      "op_leverage_ratio": 0.23970302365417556,
      "fcf_margin_change": -0.23747350629498915
    },
    {
      "date": "2024-09-30T00:00:00",
      "quarter_label": "2024-09 (Q3)",
      "revenue": 748900000,
      "gross_profit": 665800000,
      "operating_income": 343100000,
      "net_income": 309100000,
      "opex": 405800000,
      "cogs": 83100000,
      "rd": 103500000,
      "sga": 219200000,
      "fcf": 300700000,
      "ocf": 377200000,
      "capex": -76500000,
      "gross_margin": 0.8890372546401388,
      "op_margin": 0.45813860328481776,
      "fcf_margin": 0.4015222326078248,
      "incr_op_margin_yoy": 0.11541218637992831,
      "rev_growth_yoy": 0.22891368559238595,
      "rev_growth_yoy_accel": 0.030422486933542686,
      "op_leverage_ratio": 1.7394300161120695,
      "fcf_margin_change": 0.1398073074434662
    },
    {
      "date": "2024-12-31T00:00:00",
      "quarter_label": "2024-12 (Q4)",
      "revenue": 735900000,
      "gross_profit": 660000000,
      "operating_income": 357700000,
      "net_income": 301300000,
      "opex": 378200000,
      "cogs": 75900000,
      "rd": 133800000,
      "sga": 168500000,
      "fcf": 254500000,
      "ocf": 341200000,
      "capex": -86700000,
      "gross_margin": 0.8968609865470852,
      "op_margin": 0.48607147710286724,
      "fcf_margin": 0.34583503193368664,
      "incr_op_margin_yoy": 0.8052805280528053,
      "rev_growth_yoy": 0.19716935090287946,
      "rev_growth_yoy_accel": -0.03174433468950649,
      "fcf_margin_change": -0.05568720067413818
    },
    {
      "date": "2025-03-31T00:00:00",
      "quarter_label": "2025-03 (Q1)",
      "revenue": 794400000,
      "gross_profit": 701900000,
      "operating_income": 382800000,
      "net_income": 322200000,
      "opex": 411600000,
      "cogs": 92500000,
      "rd": 149000000,
      "sga": 170100000,
      "fcf": 386300000,
      "ocf": 461200000,
      "capex": -74900000,
      "gross_margin": 0.8835599194360524,
      "op_margin": 0.4818731117824773,
      "fcf_margin": 0.48627895266868076,
      "incr_op_margin_yoy": 0.22707797772065125,
      "rev_growth_yoy": 0.17220008853474988,
      "rev_growth_yoy_accel": -0.024969262368129574,
      "op_leverage_ratio": 0.9001442691461757,
      "fcf_margin_change": 0.14044392073499412
    },
    {
      "date": "2025-06-30T00:00:00",
      "quarter_label": "2025-06 (Q2)",
      "revenue": 798600000,
      "gross_profit": 711000000,
      "operating_income": 364500000,
      "net_income": 309500000,
      "opex": 434100000,
      "cogs": 87600000,
      "rd": 134000000,
      "sga": 212500000,
      "fcf": 129500000,
      "ocf": 191700000,
      "capex": -62200000,
      "gross_margin": 0.8903080390683696,
      "op_margin": 0.4564237415477085,
      "fcf_margin": 0.1621587778612572,
      "incr_op_margin_yoy": 0.5328554360812425,
      "rev_growth_yoy": 0.117079311791859,
      "rev_growth_yoy_accel": -0.055120776742890884,
      "fcf_margin_change": -0.32412017480742356
    },
    {
      "date": "2025-09-30T00:00:00",
      "quarter_label": "2025-09 (Q3)",
      "revenue": 799500000,
      "gross_profit": 698600000,
      "operating_income": 388500000,
      "net_income": 338700000,
      "opex": 411000000,
      "cogs": 100900000,
      "rd": 127500000,
      "sga": 182600000,
      "fcf": 351600000,
      "ocf": 562100000,
      "capex": -210500000,
      "gross_margin": 0.8737961225766104,
      "op_margin": 0.48592870544090055,
      "fcf_margin": 0.4397748592870544,
      "incr_op_margin_yoy": 0.8972332015810277,
      "rev_growth_yoy": 0.06756576311924155,
      "rev_growth_yoy_accel": -0.04951354867261745,
      "fcf_margin_change": 0.2776160814257972
    }
  ],
  "signals": [
    {
      "quarter": "2025-09 (Q3)",
      "signal": "FCF MARGIN EXPANSION",
      "detail": "FCF margin: +16.2% -> +44.0% (+27.8%)",
      "severity": "MEDIUM"
    },
    {
      "quarter": "2025-09 (Q3)",
      "signal": "INCREMENTAL MARGIN (YoY)",
      "detail": "YoY Incr OPM: +89.7% vs year-ago OPM: +45.8%",
      "severity": "HIGH"
    },
    {
      "quarter": "2025-06 (Q2)",
      "signal": "YoY REVENUE GROWTH DECELERATION",
      "detail": "YoY growth: +11.7% vs prior quarter YoY: +17.2% (decel: -5.5%)",
      "severity": "WARNING"
    },
    {
      "quarter": "2025-03 (Q1)",
      "signal": "FCF MARGIN EXPANSION",
      "detail": "FCF margin: +34.6% -> +48.6% (+14.0%)",
      "severity": "MEDIUM"
    },
    {
      "quarter": "2024-12 (Q4)",
      "signal": "INCREMENTAL MARGIN (YoY)",
      "detail": "YoY Incr OPM: +80.5% vs year-ago OPM: +42.3%",
      "severity": "HIGH"
    },
    {
      "quarter": "2024-09 (Q3)",
      "signal": "FCF MARGIN EXPANSION",
      "detail": "FCF margin: +26.2% -> +40.2% (+14.0%)",
      "severity": "MEDIUM"
    },
    {
      "quarter": "2024-09 (Q3)",
      "signal": "OPERATING LEVERAGE",
      "detail": "Rev growth +4.8% vs OpEx growth +2.7% (leverage: 1.7x)",
      "severity": "MEDIUM"
    },
    {
      "quarter": "2024-06 (Q2)",
      "signal": "YoY REVENUE GROWTH DECELERATION",
      "detail": "YoY growth: +19.8% vs prior quarter YoY: +33.7% (decel: -13.8%)",
      "severity": "WARNING"
    },
    {
      "quarter": "2024-03 (Q1)",
      "signal": "FCF MARGIN EXPANSION",
      "detail": "FCF margin: +11.7% -> +49.9% (+38.2%)",
      "severity": "MEDIUM"
    },
    {
      "quarter": "2024-03 (Q1)",
      "signal": "YoY REVENUE GROWTH ACCELERATION",
      "detail": "YoY growth: +33.7% vs prior quarter YoY: +25.1% (accel: +8.6%)",
      "severity": "MEDIUM"
    },
    {
      "quarter": "2023-12 (Q4)",
      "signal": "YoY REVENUE GROWTH ACCELERATION",
      "detail": "YoY growth: +25.1% vs prior quarter YoY: +18.1% (accel: +7.0%)",
      "severity": "MEDIUM"
    },
    {
      "quarter": "2023-12 (Q4)",
      "signal": "INCREMENTAL MARGIN (YoY)",
      "detail": "YoY Incr OPM: +68.6% vs year-ago OPM: +35.7%",
      "severity": "HIGH"
    },
    {
      "quarter": "2023-09 (Q3)",
      "signal": "FCF MARGIN EXPANSION",
      "detail": "FCF margin: +10.3% -> +46.0% (+35.7%)",
      "severity": "MEDIUM"
    },
    {
      "quarter": "2023-09 (Q3)",
      "signal": "YoY REVENUE GROWTH DECELERATION",
      "detail": "YoY growth: +18.1% vs prior quarter YoY: +27.8% (decel: -9.7%)",
      "severity": "WARNING"
    },
    {
      "quarter": "2023-06 (Q2)",
      "signal": "YoY REVENUE GROWTH ACCELERATION",
      "detail": "YoY growth: +27.8% vs prior quarter YoY: +9.7% (accel: +18.0%)",
      "severity": "HIGH"
    },
    {
      "quarter": "2023-06 (Q2)",
      "signal": "INCREMENTAL MARGIN (YoY)",
      "detail": "YoY Incr OPM: +86.1% vs year-ago OPM: +43.2%",
      "severity": "HIGH"
    },
    {
      "quarter": "2023-03 (Q1)",
      "signal": "FCF MARGIN EXPANSION",
      "detail": "FCF margin: +18.0% -> +65.8% (+47.7%)",
      "severity": "MEDIUM"
    },
    {
      "quarter": "2023-03 (Q1)",
      "signal": "YoY REVENUE GROWTH DECELERATION",
      "detail": "YoY growth: +9.7% vs prior quarter YoY: +18.4% (decel: -8.6%)",
      "severity": "WARNING"
    },
    {
      "quarter": "2022-09 (Q3)",
      "signal": "FCF MARGIN EXPANSION",
      "detail": "FCF margin: +23.6% -> +36.8% (+13.2%)",
      "severity": "MEDIUM"
    },
    {
      "quarter": "2022-09 (Q3)",
      "signal": "YoY REVENUE GROWTH ACCELERATION",
      "detail": "YoY growth: +16.0% vs prior quarter YoY: +4.6% (accel: +11.5%)",
      "severity": "MEDIUM"
    },
    {
      "quarter": "2022-09 (Q3)",
      "signal": "INCREMENTAL MARGIN (YoY)",
      "detail": "YoY Incr OPM: +120.1% vs year-ago OPM: +51.4%",
      "severity": "HIGH"
    },
    {
      "quarter": "2022-06 (Q2)",
      "signal": "YoY REVENUE GROWTH DECELERATION",
      "detail": "YoY growth: +4.6% vs prior quarter YoY: +21.8% (decel: -17.3%)",
      "severity": "WARNING"
    },
    {
      "quarter": "2022-03 (Q1)",
      "signal": "FCF MARGIN EXPANSION",
      "detail": "FCF margin: +25.0% -> +59.6% (+34.5%)",
      "severity": "MEDIUM"
    },
    {
      "quarter": "2022-03 (Q1)",
      "signal": "YoY REVENUE GROWTH ACCELERATION",
      "detail": "YoY growth: +21.8% vs prior quarter YoY: +7.9% (accel: +14.0%)",
      "severity": "MEDIUM"
    },
    {
      "quarter": "2022-03 (Q1)",
      "signal": "OP MARGIN TURNED POSITIVE (YoY)",
      "detail": "Op margin: -17.1% (year-ago) -> +62.4%",
      "severity": "HIGH"
    },
    {
      "quarter": "2021-12 (Q4)",
      "signal": "INCREMENTAL MARGIN (YoY)",
      "detail": "YoY Incr OPM: +344.9% vs year-ago OPM: +17.0%",
      "severity": "HIGH"
    },
    {
      "quarter": "2021-09 (Q3)",
      "signal": "FCF MARGIN EXPANSION",
      "detail": "FCF margin: +29.5% -> +36.5% (+7.0%)",
      "severity": "MEDIUM"
    },
    {
      "quarter": "2021-09 (Q3)",
      "signal": "GROSS MARGIN INFLECTION",
      "detail": "GM: +93.9% -> +91.7% -> +93.8% (reversal +2.1%)",
      "severity": "MEDIUM"
    },
    {
      "quarter": "2021-06 (Q2)",
      "signal": "FCF MARGIN EXPANSION",
      "detail": "FCF margin: +20.9% -> +29.5% (+8.6%)",
      "severity": "MEDIUM"
    },
    {
      "quarter": "2021-06 (Q2)",
      "signal": "OP MARGIN TURNED POSITIVE (QoQ)",
      "detail": "Op margin: -17.1% -> +49.8%",
      "severity": "HIGH"
    }
  ],
  "data_quality": {
    "n_quarters": 20,
    "coverage": {
      "revenue": [
        20,
        20
      ],
      "gross_profit": [
        20,
        20
      ],
      "op_income": [
        20,
        20
      ],
      "fcf": [
        20,
        20
      ]
    },
    "gaps": [],
    "warnings": []
  },
  "market_cap": null,
  "source": "SEC EDGAR",
  "last_updated": "2026-02-02T20:17:09.276009"
}