{
  "ticker": "UTMD",
  "name": "UTAH MEDICAL PRODUCTS, INC.",
  "quarters": [
    {
      "date": "2020-12-31T00:00:00",
      "quarter_label": "2020-12 (Q4)",
      "revenue": 12010000,
      "gross_profit": 7265000,
      "operating_income": 4280000,
      "net_income": null,
      "opex": 2985000,
      "cogs": 4745000,
      "rd": 111000,
      "sga": null,
      "fcf": 5724000,
      "ocf": 5778000,
      "capex": -54000,
      "gross_margin": 0.6049125728559533,
      "op_margin": 0.3563696919233972,
      "fcf_margin": 0.47660283097418815
    },
    {
      "date": "2021-03-31T00:00:00",
      "quarter_label": "2021-03 (Q1)",
      "revenue": 10964000,
      "gross_profit": 6947000,
      "operating_income": 3888000,
      "net_income": null,
      "opex": 3059000,
      "cogs": 4017000,
      "rd": 130000,
      "sga": 2929000,
      "fcf": 5523000,
      "ocf": 5533000,
      "capex": -10000,
      "gross_margin": 0.6336191171105436,
      "op_margin": 0.35461510397665086,
      "fcf_margin": 0.5037395111273258,
      "fcf_margin_change": 0.027136680153137693
    },
    {
      "date": "2021-06-30T00:00:00",
      "quarter_label": "2021-06 (Q2)",
      "revenue": 12604000,
      "gross_profit": 7785000,
      "operating_income": 4765000,
      "net_income": null,
      "opex": 3020000,
      "cogs": 4819000,
      "rd": 128000,
      "sga": 2892000,
      "fcf": 4480000,
      "ocf": 4692000,
      "capex": -212000,
      "gross_margin": 0.6176610599809584,
      "op_margin": 0.37805458584576324,
      "fcf_margin": 0.35544271659790544,
      "op_leverage_ratio": Infinity,
      "fcf_margin_change": -0.1482967945294204
    },
    {
      "date": "2021-09-30T00:00:00",
      "quarter_label": "2021-09 (Q3)",
      "revenue": 12572000,
      "gross_profit": 8073000,
      "operating_income": 5098000,
      "net_income": null,
      "opex": 2975000,
      "cogs": 4499000,
      "rd": 127000,
      "sga": 2848000,
      "fcf": 5914000,
      "ocf": 5991000,
      "capex": -77000,
      "gross_margin": 0.642141266306077,
      "op_margin": 0.40550429525930637,
      "fcf_margin": 0.4704104358892778,
      "fcf_margin_change": 0.11496771929137234
    },
    {
      "date": "2021-12-31T00:00:00",
      "quarter_label": "2021-12 (Q4)",
      "revenue": 12914000,
      "gross_profit": 8112000,
      "operating_income": 5130000,
      "net_income": null,
      "opex": 2982000,
      "cogs": 4801000,
      "rd": 141000,
      "sga": null,
      "fcf": 4734000,
      "ocf": 4987000,
      "capex": -253000,
      "gross_margin": 0.6281554901657116,
      "op_margin": 0.39724330184296114,
      "fcf_margin": 0.36657890661297815,
      "rev_growth_yoy": 0.07527060782681098,
      "op_leverage_ratio": 11.561406299713651,
      "fcf_margin_change": -0.10383152927629963
    },
    {
      "date": "2022-03-31T00:00:00",
      "quarter_label": "2022-03 (Q1)",
      "revenue": 12323000,
      "gross_profit": 7533000,
      "operating_income": 4522000,
      "net_income": null,
      "opex": 3011000,
      "cogs": 4790000,
      "rd": 123000,
      "sga": 2888000,
      "fcf": 4809000,
      "ocf": 5046000,
      "capex": -237000,
      "gross_margin": 0.6112959506613649,
      "op_margin": 0.36695609835267384,
      "fcf_margin": 0.3902458816846547,
      "incr_op_margin_yoy": 0.4665194996320824,
      "rev_growth_yoy": 0.12395111273257935,
      "rev_growth_yoy_accel": 0.04868050490576836,
      "fcf_margin_change": 0.023666975071676533
    },
    {
      "date": "2022-06-30T00:00:00",
      "quarter_label": "2022-06 (Q2)",
      "revenue": 13428000,
      "gross_profit": 8151000,
      "operating_income": 5057000,
      "net_income": null,
      "opex": 3094000,
      "cogs": 5277000,
      "rd": 135000,
      "sga": 2959000,
      "fcf": 4619000,
      "ocf": 4832000,
      "capex": -213000,
      "gross_margin": 0.6070151921358355,
      "op_margin": 0.3766011319630623,
      "fcf_margin": 0.3439827226690497,
      "rev_growth_yoy": 0.06537607108854332,
      "rev_growth_yoy_accel": -0.05857504164403603,
      "op_leverage_ratio": 3.252958274712092,
      "fcf_margin_change": -0.04626315901560496
    },
    {
      "date": "2022-09-30T00:00:00",
      "quarter_label": "2022-09 (Q3)",
      "revenue": 12955000,
      "gross_profit": 8186000,
      "operating_income": 5141000,
      "net_income": null,
      "opex": 3045000,
      "cogs": 4769000,
      "rd": 112000,
      "sga": 2933000,
      "fcf": 5268000,
      "ocf": 5589000,
      "capex": -321000,
      "gross_margin": 0.6318795831725202,
      "op_margin": 0.3968351987649556,
      "fcf_margin": 0.40663836356619065,
      "rev_growth_yoy": 0.030464524339802738,
      "rev_growth_yoy_accel": -0.034911546748740585,
      "fcf_margin_change": 0.06265564089714093
    },
    {
      "date": "2022-12-31T00:00:00",
      "quarter_label": "2022-12 (Q4)",
      "revenue": 13575000,
      "gross_profit": 8327000,
      "operating_income": 5070000,
      "net_income": null,
      "opex": 3257000,
      "cogs": 5247000,
      "rd": 123000,
      "sga": null,
      "fcf": 5642000,
      "ocf": 5680000,
      "capex": -38000,
      "gross_margin": 0.6134069981583794,
      "op_margin": 0.3734806629834254,
      "fcf_margin": 0.4156169429097606,
      "rev_growth_yoy": 0.051184760724794796,
      "rev_growth_yoy_accel": 0.02072023638499206,
      "op_leverage_ratio": 0.6873939543994815,
      "fcf_margin_change": 0.008978579343569937
    },
    {
      "date": "2023-03-31T00:00:00",
      "quarter_label": "2023-03 (Q1)",
      "revenue": 12520000,
      "gross_profit": 7843000,
      "operating_income": 4439000,
      "net_income": null,
      "opex": 3404000,
      "cogs": 4677000,
      "rd": 144000,
      "sga": 3260000,
      "fcf": 6872000,
      "ocf": 6915000,
      "capex": -43000,
      "gross_margin": 0.6264376996805112,
      "op_margin": 0.35455271565495206,
      "fcf_margin": 0.5488817891373802,
      "rev_growth_yoy": 0.01598636695609835,
      "rev_growth_yoy_accel": -0.03519839376869645,
      "fcf_margin_change": 0.13326484622761958
    },
    {
      "date": "2023-06-30T00:00:00",
      "quarter_label": "2023-06 (Q2)",
      "revenue": 12866000,
      "gross_profit": 7739000,
      "operating_income": 4425000,
      "net_income": null,
      "opex": 3314000,
      "cogs": 5127000,
      "rd": 133000,
      "sga": 3181000,
      "fcf": 4593000,
      "ocf": 4913000,
      "capex": -320000,
      "gross_margin": 0.601507850147676,
      "op_margin": 0.3439297372920877,
      "fcf_margin": 0.35698740867402456,
      "rev_growth_yoy": -0.041852844801906465,
      "rev_growth_yoy_accel": -0.05783921175800481,
      "op_leverage_ratio": Infinity,
      "fcf_margin_change": -0.1918943804633556
    },
    {
      "date": "2023-09-30T00:00:00",
      "quarter_label": "2023-09 (Q3)",
      "revenue": 12505000,
      "gross_profit": 7359000,
      "operating_income": 3969000,
      "net_income": null,
      "opex": 3390000,
      "cogs": 5146000,
      "rd": 138000,
      "sga": 3252000,
      "fcf": 4935000,
      "ocf": 5121000,
      "capex": -186000,
      "gross_margin": 0.588484606157537,
      "op_margin": 0.3173930427828868,
      "fcf_margin": 0.39464214314274293,
      "rev_growth_yoy": -0.03473562331146276,
      "rev_growth_yoy_accel": 0.0071172214904437064,
      "fcf_margin_change": 0.037654734468718365
    },
    {
      "date": "2023-12-31T00:00:00",
      "quarter_label": "2023-12 (Q4)",
      "revenue": 12333000,
      "gross_profit": 7098000,
      "operating_income": 3944000,
      "net_income": null,
      "opex": 3154000,
      "cogs": 5235000,
      "rd": 146000,
      "sga": null,
      "fcf": 5242000,
      "ocf": 5332000,
      "capex": -90000,
      "gross_margin": 0.5755290683531987,
      "op_margin": 0.31979242682234654,
      "fcf_margin": 0.4250385145544474,
      "incr_op_margin_yoy": 0.9066022544283414,
      "rev_growth_yoy": -0.09149171270718232,
      "rev_growth_yoy_accel": -0.05675608939571956,
      "fcf_margin_change": 0.03039637141170448
    },
    {
      "date": "2024-03-31T00:00:00",
      "quarter_label": "2024-03 (Q1)",
      "revenue": 11340000,
      "gross_profit": 6766000,
      "operating_income": 3883000,
      "net_income": null,
      "opex": 2883000,
      "cogs": 4574000,
      "rd": 266000,
      "sga": 2617000,
      "fcf": 5254000,
      "ocf": 5276000,
      "capex": -22000,
      "gross_margin": 0.5966490299823634,
      "op_margin": 0.3424162257495591,
      "fcf_margin": 0.46331569664903,
      "incr_op_margin_yoy": 0.4711864406779661,
      "rev_growth_yoy": -0.09424920127795527,
      "rev_growth_yoy_accel": -0.002757488570772959,
      "fcf_margin_change": 0.038277182094582585
    },
    {
      "date": "2024-06-30T00:00:00",
      "quarter_label": "2024-06 (Q2)",
      "revenue": 10400000,
      "gross_profit": 6253000,
      "operating_income": 3438000,
      "net_income": null,
      "opex": 2815000,
      "cogs": 4147000,
      "rd": 255000,
      "sga": 2560000,
      "fcf": 2652000,
      "ocf": 2762000,
      "capex": -110000,
      "gross_margin": 0.60125,
      "op_margin": 0.3305769230769231,
      "fcf_margin": 0.255,
      "incr_op_margin_yoy": 0.4002433090024331,
      "rev_growth_yoy": -0.1916679620705736,
      "rev_growth_yoy_accel": -0.09741876079261833,
      "fcf_margin_change": -0.20831569664903
    },
    {
      "date": "2024-09-30T00:00:00",
      "quarter_label": "2024-09 (Q3)",
      "revenue": 10005000,
      "gross_profit": 5802000,
      "operating_income": 3343000,
      "net_income": null,
      "opex": 2459000,
      "cogs": 4203000,
      "rd": 172000,
      "sga": 2287000,
      "fcf": 3767000,
      "ocf": 3856000,
      "capex": -89000,
      "gross_margin": 0.5799100449775112,
      "op_margin": 0.33413293353323337,
      "fcf_margin": 0.37651174412793603,
      "incr_op_margin_yoy": 0.2504,
      "rev_growth_yoy": -0.19992003198720512,
      "rev_growth_yoy_accel": -0.008252069916631521,
      "fcf_margin_change": 0.12151174412793603
    },
    {
      "date": "2024-12-31T00:00:00",
      "quarter_label": "2024-12 (Q4)",
      "revenue": 9157000,
      "gross_profit": 5323000,
      "operating_income": 2930000,
      "net_income": null,
      "opex": 2393000,
      "cogs": 3835000,
      "rd": 121000,
      "sga": null,
      "fcf": 2928000,
      "ocf": 2937000,
      "capex": -9000,
      "gross_margin": 0.5813039204979797,
      "op_margin": 0.31997379054275416,
      "fcf_margin": 0.319755378399039,
      "incr_op_margin_yoy": 0.31926952141057935,
      "rev_growth_yoy": -0.2575204735263115,
      "rev_growth_yoy_accel": -0.0576004415391064,
      "fcf_margin_change": -0.05675636572889703
    },
    {
      "date": "2025-03-31T00:00:00",
      "quarter_label": "2025-03 (Q1)",
      "revenue": 9710000,
      "gross_profit": 5538000,
      "operating_income": 3153000,
      "net_income": null,
      "opex": 2385000,
      "cogs": 4172000,
      "rd": 154000,
      "sga": 2231000,
      "fcf": 4280000,
      "ocf": 4464000,
      "capex": -184000,
      "gross_margin": 0.5703398558187436,
      "op_margin": 0.3247167868177137,
      "fcf_margin": 0.4407826982492276,
      "incr_op_margin_yoy": 0.44785276073619634,
      "rev_growth_yoy": -0.1437389770723104,
      "rev_growth_yoy_accel": 0.11378149645400112,
      "op_leverage_ratio": Infinity,
      "fcf_margin_change": 0.12102731985018861
    },
    {
      "date": "2025-06-30T00:00:00",
      "quarter_label": "2025-06 (Q2)",
      "revenue": 9953000,
      "gross_profit": 5595000,
      "operating_income": 3196000,
      "net_income": null,
      "opex": 2399000,
      "cogs": 4358000,
      "rd": 135000,
      "sga": 2264000,
      "fcf": 2822000,
      "ocf": 2873000,
      "capex": -51000,
      "gross_margin": 0.5621420677182759,
      "op_margin": 0.32110921330252185,
      "fcf_margin": 0.28353260323520546,
      "rev_growth_yoy": -0.04298076923076923,
      "rev_growth_yoy_accel": 0.10075820784154116,
      "op_leverage_ratio": 4.263314697660732,
      "fcf_margin_change": -0.15725009501402215
    },
    {
      "date": "2025-09-30T00:00:00",
      "quarter_label": "2025-09 (Q3)",
      "revenue": 9812000,
      "gross_profit": 5604000,
      "operating_income": 2611000,
      "net_income": null,
      "opex": 2993000,
      "cogs": 4208000,
      "rd": 167000,
      "sga": 2826000,
      "fcf": 3851000,
      "ocf": 3878000,
      "capex": -27000,
      "gross_margin": 0.5711373827965757,
      "op_margin": 0.2661027313493681,
      "fcf_margin": 0.3924785976355483,
      "rev_growth_yoy": -0.019290354822588705,
      "rev_growth_yoy_accel": 0.023690414408180527,
      "fcf_margin_change": 0.10894599440034286
    }
  ],
  "signals": [
    {
      "quarter": "2025-09 (Q3)",
      "signal": "FCF MARGIN EXPANSION",
      "detail": "FCF margin: +28.4% -> +39.2% (+10.9%)",
      "severity": "MEDIUM"
    },
    {
      "quarter": "2025-06 (Q2)",
      "signal": "OPERATING LEVERAGE",
      "detail": "Rev growth +2.5% vs OpEx growth +0.6% (leverage: 4.3x)",
      "severity": "MEDIUM"
    },
    {
      "quarter": "2025-06 (Q2)",
      "signal": "YoY REVENUE GROWTH ACCELERATION",
      "detail": "YoY growth: -4.3% vs prior quarter YoY: -14.4% (accel: +10.1%)",
      "severity": "MEDIUM"
    },
    {
      "quarter": "2025-03 (Q1)",
      "signal": "FCF MARGIN EXPANSION",
      "detail": "FCF margin: +32.0% -> +44.1% (+12.1%)",
      "severity": "MEDIUM"
    },
    {
      "quarter": "2025-03 (Q1)",
      "signal": "YoY REVENUE GROWTH ACCELERATION",
      "detail": "YoY growth: -14.4% vs prior quarter YoY: -25.8% (accel: +11.4%)",
      "severity": "MEDIUM"
    },
    {
      "quarter": "2025-03 (Q1)",
      "signal": "INCREMENTAL MARGIN (YoY)",
      "detail": "YoY Incr OPM: +44.8% vs year-ago OPM: +34.2%",
      "severity": "MEDIUM"
    },
    {
      "quarter": "2024-12 (Q4)",
      "signal": "YoY REVENUE GROWTH DECELERATION",
      "detail": "YoY growth: -25.8% vs prior quarter YoY: -20.0% (decel: -5.8%)",
      "severity": "WARNING"
    },
    {
      "quarter": "2024-09 (Q3)",
      "signal": "FCF MARGIN EXPANSION",
      "detail": "FCF margin: +25.5% -> +37.7% (+12.2%)",
      "severity": "MEDIUM"
    },
    {
      "quarter": "2024-06 (Q2)",
      "signal": "YoY REVENUE GROWTH DECELERATION",
      "detail": "YoY growth: -19.2% vs prior quarter YoY: -9.4% (decel: -9.7%)",
      "severity": "WARNING"
    },
    {
      "quarter": "2024-03 (Q1)",
      "signal": "GROSS MARGIN INFLECTION",
      "detail": "GM: +58.8% -> +57.6% -> +59.7% (reversal +2.1%)",
      "severity": "MEDIUM"
    },
    {
      "quarter": "2024-03 (Q1)",
      "signal": "INCREMENTAL MARGIN (YoY)",
      "detail": "YoY Incr OPM: +47.1% vs year-ago OPM: +35.5%",
      "severity": "MEDIUM"
    },
    {
      "quarter": "2023-12 (Q4)",
      "signal": "YoY REVENUE GROWTH DECELERATION",
      "detail": "YoY growth: -9.1% vs prior quarter YoY: -3.5% (decel: -5.7%)",
      "severity": "WARNING"
    },
    {
      "quarter": "2023-12 (Q4)",
      "signal": "INCREMENTAL MARGIN (YoY)",
      "detail": "YoY Incr OPM: +90.7% vs year-ago OPM: +37.3%",
      "severity": "HIGH"
    },
    {
      "quarter": "2023-06 (Q2)",
      "signal": "YoY REVENUE GROWTH DECELERATION",
      "detail": "YoY growth: -4.2% vs prior quarter YoY: +1.6% (decel: -5.8%)",
      "severity": "WARNING"
    },
    {
      "quarter": "2023-03 (Q1)",
      "signal": "FCF MARGIN EXPANSION",
      "detail": "FCF margin: +41.6% -> +54.9% (+13.3%)",
      "severity": "MEDIUM"
    },
    {
      "quarter": "2022-09 (Q3)",
      "signal": "FCF MARGIN EXPANSION",
      "detail": "FCF margin: +34.4% -> +40.7% (+6.3%)",
      "severity": "MEDIUM"
    },
    {
      "quarter": "2022-09 (Q3)",
      "signal": "GROSS MARGIN INFLECTION",
      "detail": "GM: +61.1% -> +60.7% -> +63.2% (reversal +2.5%)",
      "severity": "MEDIUM"
    },
    {
      "quarter": "2022-06 (Q2)",
      "signal": "OPERATING LEVERAGE",
      "detail": "Rev growth +9.0% vs OpEx growth +2.8% (leverage: 3.3x)",
      "severity": "MEDIUM"
    },
    {
      "quarter": "2022-06 (Q2)",
      "signal": "YoY REVENUE GROWTH DECELERATION",
      "detail": "YoY growth: +6.5% vs prior quarter YoY: +12.4% (decel: -5.9%)",
      "severity": "WARNING"
    },
    {
      "quarter": "2022-03 (Q1)",
      "signal": "INCREMENTAL MARGIN (YoY)",
      "detail": "YoY Incr OPM: +46.7% vs year-ago OPM: +35.5%",
      "severity": "MEDIUM"
    },
    {
      "quarter": "2021-12 (Q4)",
      "signal": "OPERATING LEVERAGE",
      "detail": "Rev growth +2.7% vs OpEx growth +0.2% (leverage: 11.6x)",
      "severity": "MEDIUM"
    },
    {
      "quarter": "2021-09 (Q3)",
      "signal": "FCF MARGIN EXPANSION",
      "detail": "FCF margin: +35.5% -> +47.0% (+11.5%)",
      "severity": "MEDIUM"
    },
    {
      "quarter": "2021-09 (Q3)",
      "signal": "GROSS MARGIN INFLECTION",
      "detail": "GM: +63.4% -> +61.8% -> +64.2% (reversal +2.4%)",
      "severity": "MEDIUM"
    }
  ],
  "data_quality": {
    "n_quarters": 20,
    "coverage": {
      "revenue": [
        20,
        20
      ],
      "gross_profit": [
        20,
        20
      ],
      "op_income": [
        20,
        20
      ],
      "fcf": [
        20,
        20
      ]
    },
    "gaps": [],
    "warnings": []
  },
  "market_cap": null,
  "source": "SEC EDGAR",
  "last_updated": "2026-02-02T23:00:59.171209"
}