{
  "ticker": "UUU",
  "name": "UNIVERSAL SAFETY PRODUCTS, INC",
  "quarters": [
    {
      "date": "2020-12-31T00:00:00",
      "quarter_label": "2020-12 (Q4)",
      "revenue": 5124750,
      "gross_profit": 1520323,
      "operating_income": 92404,
      "net_income": 78318,
      "opex": 1427919,
      "cogs": null,
      "rd": 106608,
      "sga": 1321311,
      "fcf": 1593307,
      "ocf": 1593307,
      "capex": null,
      "gross_margin": 0.29666286160300503,
      "op_margin": 0.018030928337967704,
      "fcf_margin": 0.3109043367969169
    },
    {
      "date": "2021-03-31T00:00:00",
      "quarter_label": "2021-03 (Q1)",
      "revenue": 2997338,
      "gross_profit": 938215,
      "operating_income": -663245,
      "net_income": -456838,
      "opex": 1601460,
      "cogs": null,
      "rd": 139269,
      "sga": 1462191,
      "fcf": -439203,
      "ocf": -439203,
      "capex": null,
      "gross_margin": 0.3130160829375933,
      "op_margin": -0.22127801402444436,
      "fcf_margin": -0.14653102186006384,
      "fcf_margin_change": -0.45743535865698076
    },
    {
      "date": "2021-06-30T00:00:00",
      "quarter_label": "2021-06 (Q2)",
      "revenue": 4667998,
      "gross_profit": 1258325,
      "operating_income": 24130,
      "net_income": 14641,
      "opex": 1234195,
      "cogs": 3409673,
      "rd": 101056,
      "sga": 1133139,
      "fcf": -196612,
      "ocf": -196612,
      "capex": null,
      "gross_margin": 0.2695641686221802,
      "op_margin": 0.005169239575509673,
      "fcf_margin": -0.042119126871948104,
      "op_leverage_ratio": Infinity,
      "fcf_margin_change": 0.10441189498811573
    },
    {
      "date": "2021-09-30T00:00:00",
      "quarter_label": "2021-09 (Q3)",
      "revenue": 5272223,
      "gross_profit": 1576178,
      "operating_income": 122005,
      "net_income": 107696,
      "opex": 1454173,
      "cogs": 3696045,
      "rd": 97070,
      "sga": 1357103,
      "fcf": -2189965,
      "ocf": -2189965,
      "capex": null,
      "gross_margin": 0.2989589021556941,
      "op_margin": 0.02314109247655116,
      "fcf_margin": -0.41537791553961206,
      "op_leverage_ratio": 0.7262272863796585,
      "fcf_margin_change": -0.37325878866766393
    },
    {
      "date": "2021-12-31T00:00:00",
      "quarter_label": "2021-12 (Q4)",
      "revenue": 5319014,
      "gross_profit": 1716623,
      "operating_income": 49507,
      "net_income": 35351,
      "opex": 1667116,
      "cogs": null,
      "rd": 97370,
      "sga": 1569746,
      "fcf": 274669,
      "ocf": 274669,
      "capex": null,
      "gross_margin": 0.32273331109863596,
      "op_margin": 0.009307552113982027,
      "fcf_margin": 0.05163908198023168,
      "rev_growth_yoy": 0.03790701985462706,
      "fcf_margin_change": 0.4670169975198437
    },
    {
      "date": "2022-03-31T00:00:00",
      "quarter_label": "2022-03 (Q1)",
      "revenue": 4290550,
      "gross_profit": 1481107,
      "operating_income": -125952,
      "net_income": -235838,
      "opex": 1607059,
      "cogs": null,
      "rd": 142704,
      "sga": 1464355,
      "fcf": 251857,
      "ocf": 251857,
      "capex": null,
      "gross_margin": 0.3452021302630199,
      "op_margin": -0.029355677011105804,
      "fcf_margin": 0.05870039971565417,
      "incr_op_margin_yoy": 0.4154717092015849,
      "rev_growth_yoy": 0.4314535097476494,
      "rev_growth_yoy_accel": 0.3935464898930223,
      "fcf_margin_change": 0.007061317735422491
    },
    {
      "date": "2022-06-30T00:00:00",
      "quarter_label": "2022-06 (Q2)",
      "revenue": 4635304,
      "gross_profit": 1421223,
      "operating_income": -50642,
      "net_income": -106138,
      "opex": 1471865,
      "cogs": 3214081,
      "rd": 89262,
      "sga": 1382603,
      "fcf": -562395,
      "ocf": -562395,
      "capex": null,
      "gross_margin": 0.3066083691598221,
      "op_margin": -0.010925281276050072,
      "fcf_margin": -0.12132861188823861,
      "rev_growth_yoy": -0.00700385904192761,
      "rev_growth_yoy_accel": -0.43845736878957703,
      "op_leverage_ratio": Infinity,
      "fcf_margin_change": -0.18002901160389279
    },
    {
      "date": "2022-09-30T00:00:00",
      "quarter_label": "2022-09 (Q3)",
      "revenue": 5857141,
      "gross_profit": 1561615,
      "operating_income": 269127,
      "net_income": 200602,
      "opex": 1292488,
      "cogs": 4295526,
      "rd": 103245,
      "sga": 1189243,
      "fcf": 183554,
      "ocf": 183554,
      "capex": null,
      "gross_margin": 0.26661727965913745,
      "op_margin": 0.045948526764167025,
      "fcf_margin": 0.031338497741474895,
      "rev_growth_yoy": 0.11094333452890745,
      "rev_growth_yoy_accel": 0.11794719357083507,
      "op_leverage_ratio": Infinity,
      "fcf_margin_change": 0.1526671096297135
    },
    {
      "date": "2022-12-31T00:00:00",
      "quarter_label": "2022-12 (Q4)",
      "revenue": 5758661,
      "gross_profit": 1698239,
      "operating_income": 418067,
      "net_income": 341312,
      "opex": 1280172,
      "cogs": 4060422,
      "rd": 101670,
      "sga": 1178502,
      "fcf": 726111,
      "ocf": 726111,
      "capex": null,
      "gross_margin": 0.2949017141311149,
      "op_margin": 0.07259795289217406,
      "fcf_margin": 0.12609024910478323,
      "rev_growth_yoy": 0.08265573281062993,
      "rev_growth_yoy_accel": -0.028287601718277516,
      "fcf_margin_change": 0.09475175136330832
    },
    {
      "date": "2023-03-31T00:00:00",
      "quarter_label": "2023-03 (Q1)",
      "revenue": 5927767,
      "gross_profit": 1668642,
      "operating_income": 336022,
      "net_income": 284635,
      "opex": 1332620,
      "cogs": 4259125,
      "rd": 108515,
      "sga": 1224105,
      "fcf": 1144673,
      "ocf": 1144673,
      "capex": null,
      "gross_margin": 0.2814958820075081,
      "op_margin": 0.05668610119122428,
      "fcf_margin": 0.1931035750899116,
      "incr_op_margin_yoy": 0.28217029263683435,
      "rev_growth_yoy": 0.381586742958362,
      "rev_growth_yoy_accel": 0.29893101014773205,
      "op_leverage_ratio": 0.7167651740404272,
      "fcf_margin_change": 0.06701332598512838
    },
    {
      "date": "2023-06-30T00:00:00",
      "quarter_label": "2023-06 (Q2)",
      "revenue": 6698771,
      "gross_profit": 1708200,
      "operating_income": 220298,
      "net_income": 165130,
      "opex": 1487902,
      "cogs": 4990571,
      "rd": null,
      "sga": 1422939,
      "fcf": 178366,
      "ocf": 178366,
      "capex": null,
      "gross_margin": 0.2550019996205274,
      "op_margin": 0.03288633094040683,
      "fcf_margin": 0.026626675251325952,
      "incr_op_margin_yoy": 0.13130328713761838,
      "rev_growth_yoy": 0.445163251428601,
      "rev_growth_yoy_accel": 0.06357650847023905,
      "op_leverage_ratio": 1.1162223583446764,
      "fcf_margin_change": -0.16647689983858566
    },
    {
      "date": "2023-09-30T00:00:00",
      "quarter_label": "2023-09 (Q3)",
      "revenue": 3717455,
      "gross_profit": 1308178,
      "operating_income": -157588,
      "net_income": -186425,
      "opex": 1465766,
      "cogs": 2409277,
      "rd": null,
      "sga": 1334351,
      "fcf": 472153,
      "ocf": 472153,
      "capex": null,
      "gross_margin": 0.35190150250641905,
      "op_margin": -0.04239136721224601,
      "fcf_margin": 0.12700974187986136,
      "incr_op_margin_yoy": 0.19942879469230532,
      "rev_growth_yoy": -0.3653123597331872,
      "rev_growth_yoy_accel": -0.8104756111617882,
      "fcf_margin_change": 0.10038306662853541
    },
    {
      "date": "2023-12-31T00:00:00",
      "quarter_label": "2023-12 (Q4)",
      "revenue": 4654978,
      "gross_profit": 1501907,
      "operating_income": 113740,
      "net_income": 102176,
      "opex": 1388167,
      "cogs": 3153071,
      "rd": null,
      "sga": 1310872,
      "fcf": -424557,
      "ocf": -424557,
      "capex": null,
      "gross_margin": 0.322645348699822,
      "op_margin": 0.02443405747567443,
      "fcf_margin": -0.09120494232196157,
      "incr_op_margin_yoy": 0.27573768917343117,
      "rev_growth_yoy": -0.19165618535281032,
      "rev_growth_yoy_accel": 0.1736561743803769,
      "op_leverage_ratio": Infinity,
      "fcf_margin_change": -0.21821468420182294
    },
    {
      "date": "2024-03-31T00:00:00",
      "quarter_label": "2024-03 (Q1)",
      "revenue": 4831469,
      "gross_profit": 1289728,
      "operating_income": -441255,
      "net_income": -476671,
      "opex": 1730983,
      "cogs": 3541741,
      "rd": null,
      "sga": 1577422,
      "fcf": 378114,
      "ocf": 378114,
      "capex": null,
      "gross_margin": 0.26694324231408706,
      "op_margin": -0.09132936587195323,
      "fcf_margin": 0.07826066978800858,
      "incr_op_margin_yoy": 0.7090015670921592,
      "rev_growth_yoy": -0.1849428292306361,
      "rev_growth_yoy_accel": 0.006713356122174219,
      "op_leverage_ratio": 0.15352728285564568,
      "fcf_margin_change": 0.16946561210997013
    },
    {
      "date": "2024-06-30T00:00:00",
      "quarter_label": "2024-06 (Q2)",
      "revenue": 4598516,
      "gross_profit": 1087704,
      "operating_income": -397318,
      "net_income": -442206,
      "opex": 1485022,
      "cogs": 3510812,
      "rd": null,
      "sga": 1397421,
      "fcf": -1198108,
      "ocf": -1198108,
      "capex": null,
      "gross_margin": 0.23653369913250274,
      "op_margin": -0.08640135208836938,
      "fcf_margin": -0.2605423140856746,
      "incr_op_margin_yoy": 0.29406714898905134,
      "rev_growth_yoy": -0.31352840692718115,
      "rev_growth_yoy_accel": -0.12858557769654505,
      "fcf_margin_change": -0.33880298387368313
    },
    {
      "date": "2024-09-30T00:00:00",
      "quarter_label": "2024-09 (Q3)",
      "revenue": 7203269,
      "gross_profit": 1997943,
      "operating_income": 678220,
      "net_income": 576978,
      "opex": 1319723,
      "cogs": 5205326,
      "rd": null,
      "sga": 1209352,
      "fcf": -2080055,
      "ocf": -2080055,
      "capex": null,
      "gross_margin": 0.27736615139598425,
      "op_margin": 0.09415447347586214,
      "fcf_margin": -0.28876542025572,
      "incr_op_margin_yoy": 0.2397741244943075,
      "rev_growth_yoy": 0.9376882840545481,
      "rev_growth_yoy_accel": 1.2512166909817293,
      "op_leverage_ratio": Infinity,
      "fcf_margin_change": -0.02822310617004542
    },
    {
      "date": "2024-12-31T00:00:00",
      "quarter_label": "2024-12 (Q4)",
      "revenue": 5535148,
      "gross_profit": 1022011,
      "operating_income": -870830,
      "net_income": -936639,
      "opex": 1892841,
      "cogs": 4513137,
      "rd": null,
      "sga": 1762446,
      "fcf": 2541164,
      "ocf": 2541164,
      "capex": null,
      "gross_margin": 0.18464023003540284,
      "op_margin": -0.15732731988376825,
      "fcf_margin": 0.45909594467934733,
      "rev_growth_yoy": 0.18908145215723898,
      "rev_growth_yoy_accel": -0.7486068318973091,
      "fcf_margin_change": 0.7478613649350674
    },
    {
      "date": "2025-03-31T00:00:00",
      "quarter_label": "2025-03 (Q1)",
      "revenue": 6226621,
      "gross_profit": 2723747,
      "operating_income": 991977,
      "net_income": 1302551,
      "opex": 1731770,
      "cogs": 3502874,
      "rd": null,
      "sga": 1635288,
      "fcf": -311613,
      "ocf": -311613,
      "capex": null,
      "gross_margin": 0.4374358098878991,
      "op_margin": 0.1593122497739946,
      "fcf_margin": -0.05004528138134632,
      "incr_op_margin_yoy": 1.0272945170132,
      "rev_growth_yoy": 0.28876352099123476,
      "rev_growth_yoy_accel": 0.09968206883399577,
      "op_leverage_ratio": Infinity,
      "fcf_margin_change": -0.5091412260606937
    },
    {
      "date": "2025-06-30T00:00:00",
      "quarter_label": "2025-06 (Q2)",
      "revenue": 3824247,
      "gross_profit": 694135,
      "operating_income": -531175,
      "net_income": 1810321,
      "opex": 1225310,
      "cogs": 3130112,
      "rd": null,
      "sga": 1113303,
      "fcf": 2752110,
      "ocf": 2752110,
      "capex": null,
      "gross_margin": 0.18150893496157544,
      "op_margin": -0.1388966246165585,
      "fcf_margin": 0.7196475541459535,
      "rev_growth_yoy": -0.16837366663506226,
      "rev_growth_yoy_accel": -0.457137187626297,
      "fcf_margin_change": 0.7696928355272998
    },
    {
      "date": "2025-09-30T00:00:00",
      "quarter_label": "2025-09 (Q3)",
      "revenue": 759999,
      "gross_profit": 459142,
      "operating_income": -928727,
      "net_income": -999780,
      "opex": 1387869,
      "cogs": 300857,
      "rd": null,
      "sga": 1311187,
      "fcf": 1188663,
      "ocf": 1188663,
      "capex": null,
      "gross_margin": 0.6041350054407967,
      "op_margin": -1.2220108184352874,
      "fcf_margin": 1.5640323210951594,
      "incr_op_margin_yoy": 0.24939929569923347,
      "rev_growth_yoy": -0.894492486675147,
      "rev_growth_yoy_accel": -0.7261188200400848,
      "fcf_margin_change": 0.844384766949206
    }
  ],
  "signals": [
    {
      "quarter": "2025-09 (Q3)",
      "signal": "FCF MARGIN EXPANSION",
      "detail": "FCF margin: +72.0% -> +156.4% (+84.4%)",
      "severity": "MEDIUM"
    },
    {
      "quarter": "2025-09 (Q3)",
      "signal": "GROSS MARGIN INFLECTION",
      "detail": "GM: +43.7% -> +18.2% -> +60.4% (reversal +42.3%)",
      "severity": "HIGH"
    },
    {
      "quarter": "2025-09 (Q3)",
      "signal": "YoY REVENUE GROWTH DECELERATION",
      "detail": "YoY growth: -89.4% vs prior quarter YoY: -16.8% (decel: -72.6%)",
      "severity": "WARNING"
    },
    {
      "quarter": "2025-06 (Q2)",
      "signal": "FCF TURNED POSITIVE",
      "detail": "FCF margin: -5.0% -> +72.0%",
      "severity": "HIGH"
    },
    {
      "quarter": "2025-06 (Q2)",
      "signal": "YoY REVENUE GROWTH DECELERATION",
      "detail": "YoY growth: -16.8% vs prior quarter YoY: +28.9% (decel: -45.7%)",
      "severity": "WARNING"
    },
    {
      "quarter": "2025-03 (Q1)",
      "signal": "GROSS MARGIN INFLECTION",
      "detail": "GM: +27.7% -> +18.5% -> +43.7% (reversal +25.3%)",
      "severity": "HIGH"
    },
    {
      "quarter": "2025-03 (Q1)",
      "signal": "YoY REVENUE GROWTH ACCELERATION",
      "detail": "YoY growth: +28.9% vs prior quarter YoY: +18.9% (accel: +10.0%)",
      "severity": "MEDIUM"
    },
    {
      "quarter": "2025-03 (Q1)",
      "signal": "OP MARGIN TURNED POSITIVE (YoY)",
      "detail": "Op margin: -9.1% (year-ago) -> +15.9%",
      "severity": "HIGH"
    },
    {
      "quarter": "2025-03 (Q1)",
      "signal": "OP MARGIN TURNED POSITIVE (QoQ)",
      "detail": "Op margin: -15.7% -> +15.9%",
      "severity": "HIGH"
    },
    {
      "quarter": "2024-12 (Q4)",
      "signal": "FCF TURNED POSITIVE",
      "detail": "FCF margin: -28.9% -> +45.9%",
      "severity": "HIGH"
    },
    {
      "quarter": "2024-12 (Q4)",
      "signal": "YoY REVENUE GROWTH DECELERATION",
      "detail": "YoY growth: +18.9% vs prior quarter YoY: +93.8% (decel: -74.9%)",
      "severity": "WARNING"
    },
    {
      "quarter": "2024-09 (Q3)",
      "signal": "GROSS MARGIN INFLECTION",
      "detail": "GM: +26.7% -> +23.7% -> +27.7% (reversal +4.1%)",
      "severity": "MEDIUM"
    },
    {
      "quarter": "2024-09 (Q3)",
      "signal": "YoY REVENUE GROWTH ACCELERATION",
      "detail": "YoY growth: +93.8% vs prior quarter YoY: -31.4% (accel: +125.1%)",
      "severity": "HIGH"
    },
    {
      "quarter": "2024-09 (Q3)",
      "signal": "OP MARGIN TURNED POSITIVE (YoY)",
      "detail": "Op margin: -4.2% (year-ago) -> +9.4%",
      "severity": "HIGH"
    },
    {
      "quarter": "2024-09 (Q3)",
      "signal": "OP MARGIN TURNED POSITIVE (QoQ)",
      "detail": "Op margin: -8.6% -> +9.4%",
      "severity": "HIGH"
    },
    {
      "quarter": "2024-06 (Q2)",
      "signal": "YoY REVENUE GROWTH DECELERATION",
      "detail": "YoY growth: -31.4% vs prior quarter YoY: -18.5% (decel: -12.9%)",
      "severity": "WARNING"
    },
    {
      "quarter": "2024-03 (Q1)",
      "signal": "FCF TURNED POSITIVE",
      "detail": "FCF margin: -9.1% -> +7.8%",
      "severity": "HIGH"
    },
    {
      "quarter": "2023-12 (Q4)",
      "signal": "YoY REVENUE GROWTH ACCELERATION",
      "detail": "YoY growth: -19.2% vs prior quarter YoY: -36.5% (accel: +17.4%)",
      "severity": "HIGH"
    },
    {
      "quarter": "2023-12 (Q4)",
      "signal": "INCREMENTAL MARGIN (YoY)",
      "detail": "YoY Incr OPM: +27.6% vs year-ago OPM: +7.3%",
      "severity": "HIGH"
    },
    {
      "quarter": "2023-12 (Q4)",
      "signal": "OP MARGIN TURNED POSITIVE (QoQ)",
      "detail": "Op margin: -4.2% -> +2.4%",
      "severity": "HIGH"
    },
    {
      "quarter": "2023-09 (Q3)",
      "signal": "FCF MARGIN EXPANSION",
      "detail": "FCF margin: +2.7% -> +12.7% (+10.0%)",
      "severity": "MEDIUM"
    },
    {
      "quarter": "2023-09 (Q3)",
      "signal": "GROSS MARGIN INFLECTION",
      "detail": "GM: +28.1% -> +25.5% -> +35.2% (reversal +9.7%)",
      "severity": "HIGH"
    },
    {
      "quarter": "2023-09 (Q3)",
      "signal": "YoY REVENUE GROWTH DECELERATION",
      "detail": "YoY growth: -36.5% vs prior quarter YoY: +44.5% (decel: -81.0%)",
      "severity": "WARNING"
    },
    {
      "quarter": "2023-06 (Q2)",
      "signal": "YoY REVENUE GROWTH ACCELERATION",
      "detail": "YoY growth: +44.5% vs prior quarter YoY: +38.2% (accel: +6.4%)",
      "severity": "MEDIUM"
    },
    {
      "quarter": "2023-06 (Q2)",
      "signal": "OP MARGIN TURNED POSITIVE (YoY)",
      "detail": "Op margin: -1.1% (year-ago) -> +3.3%",
      "severity": "HIGH"
    },
    {
      "quarter": "2023-03 (Q1)",
      "signal": "FCF MARGIN EXPANSION",
      "detail": "FCF margin: +12.6% -> +19.3% (+6.7%)",
      "severity": "MEDIUM"
    },
    {
      "quarter": "2023-03 (Q1)",
      "signal": "YoY REVENUE GROWTH ACCELERATION",
      "detail": "YoY growth: +38.2% vs prior quarter YoY: +8.3% (accel: +29.9%)",
      "severity": "HIGH"
    },
    {
      "quarter": "2023-03 (Q1)",
      "signal": "OP MARGIN TURNED POSITIVE (YoY)",
      "detail": "Op margin: -2.9% (year-ago) -> +5.7%",
      "severity": "HIGH"
    },
    {
      "quarter": "2022-12 (Q4)",
      "signal": "FCF MARGIN EXPANSION",
      "detail": "FCF margin: +3.1% -> +12.6% (+9.5%)",
      "severity": "MEDIUM"
    },
    {
      "quarter": "2022-12 (Q4)",
      "signal": "GROSS MARGIN INFLECTION",
      "detail": "GM: +30.7% -> +26.7% -> +29.5% (reversal +2.8%)",
      "severity": "MEDIUM"
    },
    {
      "quarter": "2022-09 (Q3)",
      "signal": "FCF TURNED POSITIVE",
      "detail": "FCF margin: -12.1% -> +3.1%",
      "severity": "HIGH"
    },
    {
      "quarter": "2022-09 (Q3)",
      "signal": "YoY REVENUE GROWTH ACCELERATION",
      "detail": "YoY growth: +11.1% vs prior quarter YoY: -0.7% (accel: +11.8%)",
      "severity": "MEDIUM"
    },
    {
      "quarter": "2022-09 (Q3)",
      "signal": "OP MARGIN TURNED POSITIVE (QoQ)",
      "detail": "Op margin: -1.1% -> +4.6%",
      "severity": "HIGH"
    },
    {
      "quarter": "2022-06 (Q2)",
      "signal": "YoY REVENUE GROWTH DECELERATION",
      "detail": "YoY growth: -0.7% vs prior quarter YoY: +43.1% (decel: -43.8%)",
      "severity": "WARNING"
    },
    {
      "quarter": "2022-03 (Q1)",
      "signal": "YoY REVENUE GROWTH ACCELERATION",
      "detail": "YoY growth: +43.1% vs prior quarter YoY: +3.8% (accel: +39.4%)",
      "severity": "HIGH"
    },
    {
      "quarter": "2021-12 (Q4)",
      "signal": "FCF TURNED POSITIVE",
      "detail": "FCF margin: -41.5% -> +5.2%",
      "severity": "HIGH"
    },
    {
      "quarter": "2021-09 (Q3)",
      "signal": "GROSS MARGIN INFLECTION",
      "detail": "GM: +31.3% -> +27.0% -> +29.9% (reversal +2.9%)",
      "severity": "MEDIUM"
    },
    {
      "quarter": "2021-06 (Q2)",
      "signal": "FCF MARGIN EXPANSION",
      "detail": "FCF margin: -14.7% -> -4.2% (+10.4%)",
      "severity": "MEDIUM"
    },
    {
      "quarter": "2021-06 (Q2)",
      "signal": "OP MARGIN TURNED POSITIVE (QoQ)",
      "detail": "Op margin: -22.1% -> +0.5%",
      "severity": "HIGH"
    }
  ],
  "data_quality": {
    "n_quarters": 20,
    "coverage": {
      "revenue": [
        20,
        20
      ],
      "gross_profit": [
        20,
        20
      ],
      "op_income": [
        20,
        20
      ],
      "fcf": [
        20,
        20
      ]
    },
    "gaps": [],
    "warnings": []
  },
  "market_cap": null,
  "source": "SEC EDGAR",
  "last_updated": "2026-02-03T00:08:17.909881"
}