{
  "ticker": "UUUU",
  "name": "Energy Fuels Inc.",
  "quarters": [
    {
      "date": "2020-12-31T00:00:00",
      "quarter_label": "2020-12 (Q4)",
      "revenue": 384000,
      "gross_profit": 384000,
      "operating_income": -1003000,
      "net_income": -5080000,
      "opex": 1387000,
      "cogs": 0,
      "rd": null,
      "sga": null,
      "fcf": -6902000,
      "ocf": -6902000,
      "capex": null,
      "gross_margin": 1.0,
      "op_margin": -2.6119791666666665,
      "fcf_margin": -17.973958333333332
    },
    {
      "date": "2021-03-31T00:00:00",
      "quarter_label": "2021-03 (Q1)",
      "revenue": 353000,
      "gross_profit": 353000,
      "operating_income": -8847000,
      "net_income": -10910000,
      "opex": 9200000,
      "cogs": 0,
      "rd": null,
      "sga": null,
      "fcf": -8446000,
      "ocf": -8446000,
      "capex": null,
      "gross_margin": 1.0,
      "op_margin": -25.062322946175637,
      "fcf_margin": -23.926345609065155,
      "fcf_margin_change": -5.952387275731823
    },
    {
      "date": "2021-06-30T00:00:00",
      "quarter_label": "2021-06 (Q2)",
      "revenue": 456000,
      "gross_profit": 456000,
      "operating_income": -8342000,
      "net_income": -10791000,
      "opex": 8798000,
      "cogs": 0,
      "rd": null,
      "sga": null,
      "fcf": -8052000,
      "ocf": -8052000,
      "capex": null,
      "gross_margin": 1.0,
      "op_margin": -18.29385964912281,
      "fcf_margin": -17.657894736842106,
      "op_leverage_ratio": Infinity,
      "fcf_margin_change": 6.268450872223049
    },
    {
      "date": "2021-09-30T00:00:00",
      "quarter_label": "2021-09 (Q3)",
      "revenue": 715000,
      "gross_profit": -13000,
      "operating_income": -8381000,
      "net_income": -7957000,
      "opex": 8368000,
      "cogs": 728000,
      "rd": null,
      "sga": 2973000,
      "fcf": -5485000,
      "ocf": -5485000,
      "capex": null,
      "gross_margin": -0.01818181818181818,
      "op_margin": -11.721678321678322,
      "fcf_margin": -7.671328671328672,
      "op_leverage_ratio": Infinity,
      "fcf_margin_change": 9.986566065513435
    },
    {
      "date": "2021-12-31T00:00:00",
      "quarter_label": "2021-12 (Q4)",
      "revenue": 1660000,
      "gross_profit": 574000,
      "operating_income": -9855000,
      "net_income": 31106000,
      "opex": 10429000,
      "cogs": 1086000,
      "rd": null,
      "sga": 5141000,
      "fcf": -7311000,
      "ocf": -7311000,
      "capex": null,
      "gross_margin": 0.3457831325301205,
      "op_margin": -5.936746987951807,
      "fcf_margin": -4.40421686746988,
      "incr_op_margin_yoy": -6.93730407523511,
      "rev_growth_yoy": 3.3229166666666665,
      "op_leverage_ratio": 5.366232021253855,
      "fcf_margin_change": 3.267111803858792
    },
    {
      "date": "2022-03-31T00:00:00",
      "quarter_label": "2022-03 (Q1)",
      "revenue": 2937000,
      "gross_profit": 45000,
      "operating_income": -10213000,
      "net_income": -14730000,
      "opex": 10258000,
      "cogs": 2892000,
      "rd": null,
      "sga": 5216000,
      "fcf": -10548000,
      "ocf": -10548000,
      "capex": null,
      "gross_margin": 0.015321756894790603,
      "op_margin": -3.477357848144365,
      "fcf_margin": -3.5914198161389175,
      "incr_op_margin_yoy": -0.5286377708978328,
      "rev_growth_yoy": 7.3201133144475925,
      "rev_growth_yoy_accel": 3.997196647780926,
      "op_leverage_ratio": Infinity,
      "fcf_margin_change": 0.8127970513309624
    },
    {
      "date": "2022-06-30T00:00:00",
      "quarter_label": "2022-06 (Q2)",
      "revenue": 6467000,
      "gross_profit": 3048000,
      "operating_income": -6707000,
      "net_income": -18059000,
      "opex": 9755000,
      "cogs": 3419000,
      "rd": null,
      "sga": 4703000,
      "fcf": -10810000,
      "ocf": -10810000,
      "capex": null,
      "gross_margin": 0.471315911550951,
      "op_margin": -1.0371114890985,
      "fcf_margin": -1.6715633214782744,
      "incr_op_margin_yoy": 0.27200133089336215,
      "rev_growth_yoy": 13.182017543859649,
      "rev_growth_yoy_accel": 5.8619042294120565,
      "op_leverage_ratio": Infinity,
      "fcf_margin_change": 1.9198564946606431
    },
    {
      "date": "2022-09-30T00:00:00",
      "quarter_label": "2022-09 (Q3)",
      "revenue": 2933000,
      "gross_profit": 1404000,
      "operating_income": -13664000,
      "net_income": -9254000,
      "opex": 15068000,
      "cogs": 1529000,
      "rd": null,
      "sga": 7075000,
      "fcf": -8095000,
      "ocf": -8095000,
      "capex": null,
      "gross_margin": 0.478690760313672,
      "op_margin": -4.658711217183771,
      "fcf_margin": -2.7599727241732017,
      "incr_op_margin_yoy": -2.3818755635707847,
      "rev_growth_yoy": 3.1020979020979023,
      "rev_growth_yoy_accel": -10.079919641761746,
      "fcf_margin_change": -1.0884094026949274
    },
    {
      "date": "2022-12-31T00:00:00",
      "quarter_label": "2022-12 (Q4)",
      "revenue": 178000,
      "gross_profit": 174000,
      "operating_income": -14354000,
      "net_income": -17901000,
      "opex": 14528000,
      "cogs": 4000,
      "rd": null,
      "sga": 8492000,
      "fcf": -20249000,
      "ocf": -20249000,
      "capex": null,
      "gross_margin": 0.9775280898876404,
      "op_margin": -80.64044943820225,
      "fcf_margin": -113.75842696629213,
      "incr_op_margin_yoy": 3.0357624831309042,
      "rev_growth_yoy": -0.8927710843373494,
      "rev_growth_yoy_accel": -3.9948689864352516,
      "fcf_margin_change": -110.99845424211894
    },
    {
      "date": "2023-03-31T00:00:00",
      "quarter_label": "2023-03 (Q1)",
      "revenue": 19613000,
      "gross_profit": 11347000,
      "operating_income": -405000,
      "net_income": 114264000,
      "opex": 11752000,
      "cogs": 8266000,
      "rd": null,
      "sga": 6023000,
      "fcf": -2579000,
      "ocf": -2579000,
      "capex": null,
      "gross_margin": 0.5785448427063682,
      "op_margin": -0.02064956916331005,
      "fcf_margin": -0.13149441696833733,
      "incr_op_margin_yoy": 0.5881506356440394,
      "rev_growth_yoy": 5.677902621722846,
      "rev_growth_yoy_accel": 6.570673706060195,
      "op_leverage_ratio": Infinity,
      "fcf_margin_change": 113.6269325493238
    },
    {
      "date": "2023-06-30T00:00:00",
      "quarter_label": "2023-06 (Q2)",
      "revenue": 6863000,
      "gross_profit": 2496000,
      "operating_income": -10663000,
      "net_income": -4885000,
      "opex": 13159000,
      "cogs": 4367000,
      "rd": null,
      "sga": 7458000,
      "fcf": -1490000,
      "ocf": -1490000,
      "capex": null,
      "gross_margin": 0.3636893486813347,
      "op_margin": -1.553693719947545,
      "fcf_margin": -0.21710622176890573,
      "rev_growth_yoy": 0.061233957012525125,
      "rev_growth_yoy_accel": -5.616668664710321,
      "fcf_margin_change": -0.0856118048005684
    },
    {
      "date": "2023-09-30T00:00:00",
      "quarter_label": "2023-09 (Q3)",
      "revenue": 10987000,
      "gross_profit": 5439000,
      "operating_income": -6944000,
      "net_income": 10469000,
      "opex": 12383000,
      "cogs": 5548000,
      "rd": null,
      "sga": 7304000,
      "fcf": -6913000,
      "ocf": -6913000,
      "capex": null,
      "gross_margin": 0.4950395922453809,
      "op_margin": -0.6320196595977063,
      "fcf_margin": -0.6291981432602166,
      "incr_op_margin_yoy": 0.8343680158927241,
      "rev_growth_yoy": 2.7459938629389704,
      "rev_growth_yoy_accel": 2.684759905926445,
      "op_leverage_ratio": Infinity,
      "fcf_margin_change": -0.4120919214913109
    },
    {
      "date": "2023-12-31T00:00:00",
      "quarter_label": "2023-12 (Q4)",
      "revenue": 465000,
      "gross_profit": 465000,
      "operating_income": -14356000,
      "net_income": -20093000,
      "opex": 14821000,
      "cogs": 0,
      "rd": null,
      "sga": 7131000,
      "fcf": -4427000,
      "ocf": -4427000,
      "capex": null,
      "gross_margin": 1.0,
      "op_margin": -30.873118279569894,
      "fcf_margin": -9.520430107526881,
      "rev_growth_yoy": 1.6123595505617978,
      "rev_growth_yoy_accel": -1.1336343123771726,
      "fcf_margin_change": -8.891231964266664
    },
    {
      "date": "2024-03-31T00:00:00",
      "quarter_label": "2024-03 (Q1)",
      "revenue": 25426000,
      "gross_profit": 14374000,
      "operating_income": 2021000,
      "net_income": 3638000,
      "opex": 23405000,
      "cogs": 11052000,
      "rd": null,
      "sga": 7939000,
      "fcf": 8841000,
      "ocf": 8841000,
      "capex": null,
      "gross_margin": 0.565326830803115,
      "op_margin": 0.07948556595610792,
      "fcf_margin": 0.3477149374655864,
      "incr_op_margin_yoy": 0.41734044383278857,
      "rev_growth_yoy": 0.29638505073165755,
      "rev_growth_yoy_accel": -1.3159744998301401,
      "op_leverage_ratio": 92.6823049133672,
      "fcf_margin_change": 9.868145044992467
    },
    {
      "date": "2024-06-30T00:00:00",
      "quarter_label": "2024-06 (Q2)",
      "revenue": 8719000,
      "gross_profit": 5038000,
      "operating_income": -9044000,
      "net_income": -6419000,
      "opex": 17763000,
      "cogs": 3681000,
      "rd": null,
      "sga": 7083000,
      "fcf": -9675000,
      "ocf": -9675000,
      "capex": null,
      "gross_margin": 0.5778185571739879,
      "op_margin": -1.0372749168482625,
      "fcf_margin": -1.109645601559812,
      "incr_op_margin_yoy": 0.8723060344827587,
      "rev_growth_yoy": 0.2704356695322745,
      "rev_growth_yoy_accel": -0.02594938119938306,
      "fcf_margin_change": -1.4573605390253983
    },
    {
      "date": "2024-09-30T00:00:00",
      "quarter_label": "2024-09 (Q3)",
      "revenue": 4047000,
      "gross_profit": 2200000,
      "operating_income": -11913000,
      "net_income": -12079000,
      "opex": 15960000,
      "cogs": 1847000,
      "rd": null,
      "sga": 7060000,
      "fcf": -7154000,
      "ocf": -7154000,
      "capex": null,
      "gross_margin": 0.5436125525080306,
      "op_margin": -2.943661971830986,
      "fcf_margin": -1.767729182110205,
      "incr_op_margin_yoy": 0.7159942363112392,
      "rev_growth_yoy": -0.6316555929735141,
      "rev_growth_yoy_accel": -0.9020912625057886,
      "fcf_margin_change": -0.6580835805503931
    },
    {
      "date": "2024-12-31T00:00:00",
      "quarter_label": "2024-12 (Q4)",
      "revenue": 39922000,
      "gross_profit": 584000,
      "operating_income": -28579000,
      "net_income": -32905000,
      "opex": 68501000,
      "cogs": 39338000,
      "rd": null,
      "sga": 15268000,
      "fcf": -35985000,
      "ocf": -35985000,
      "capex": null,
      "gross_margin": 0.01462852562496869,
      "op_margin": -0.7158709483492811,
      "fcf_margin": -0.9013826962577025,
      "incr_op_margin_yoy": -0.36046835795929744,
      "rev_growth_yoy": 84.85376344086022,
      "rev_growth_yoy_accel": 85.48541903383374,
      "op_leverage_ratio": 2.692732784671716,
      "fcf_margin_change": 0.8663464858525025
    },
    {
      "date": "2025-03-31T00:00:00",
      "quarter_label": "2025-03 (Q1)",
      "revenue": 16898000,
      "gross_profit": -1226000,
      "operating_income": -26193000,
      "net_income": -26297000,
      "opex": 43091000,
      "cogs": 18124000,
      "rd": null,
      "sga": 15341000,
      "fcf": -18831000,
      "ocf": -18831000,
      "capex": null,
      "gross_margin": -0.07255296484791099,
      "op_margin": -1.5500650964611196,
      "fcf_margin": -1.1143922357675464,
      "incr_op_margin_yoy": 3.3083958724202627,
      "rev_growth_yoy": -0.3354047038464564,
      "rev_growth_yoy_accel": -85.18916814470667,
      "fcf_margin_change": -0.21300953950984391
    },
    {
      "date": "2025-06-30T00:00:00",
      "quarter_label": "2025-06 (Q2)",
      "revenue": 4212000,
      "gross_profit": 557000,
      "operating_income": -26175000,
      "net_income": -21812000,
      "opex": 30387000,
      "cogs": 3655000,
      "rd": null,
      "sga": 14835000,
      "fcf": -25942000,
      "ocf": -25942000,
      "capex": null,
      "gross_margin": 0.1322412155745489,
      "op_margin": -6.214387464387465,
      "fcf_margin": -6.1590693257359925,
      "incr_op_margin_yoy": 3.8009762591524296,
      "rev_growth_yoy": -0.5169170776465191,
      "rev_growth_yoy_accel": -0.1815123738000627,
      "fcf_margin_change": -5.044677089968446
    },
    {
      "date": "2025-09-30T00:00:00",
      "quarter_label": "2025-09 (Q3)",
      "revenue": 17710000,
      "gross_profit": 4926000,
      "operating_income": -26666000,
      "net_income": -16736000,
      "opex": 44376000,
      "cogs": 12784000,
      "rd": null,
      "sga": 15676000,
      "fcf": -28496000,
      "ocf": -28496000,
      "capex": null,
      "gross_margin": 0.27814793901750423,
      "op_margin": -1.5057029926595145,
      "fcf_margin": -1.6090344438170525,
      "incr_op_margin_yoy": -1.0797775012808315,
      "rev_growth_yoy": 3.3760810476896466,
      "rev_growth_yoy_accel": 3.892998125336166,
      "op_leverage_ratio": 6.961169632875974,
      "fcf_margin_change": 4.55003488191894
    }
  ],
  "signals": [
    {
      "quarter": "2025-09 (Q3)",
      "signal": "FCF MARGIN EXPANSION",
      "detail": "FCF margin: -615.9% -> -160.9% (+455.0%)",
      "severity": "MEDIUM"
    },
    {
      "quarter": "2025-09 (Q3)",
      "signal": "OPERATING LEVERAGE",
      "detail": "Rev growth +320.5% vs OpEx growth +46.0% (leverage: 7.0x)",
      "severity": "MEDIUM"
    },
    {
      "quarter": "2025-09 (Q3)",
      "signal": "YoY REVENUE GROWTH ACCELERATION",
      "detail": "YoY growth: +337.6% vs prior quarter YoY: -51.7% (accel: +389.3%)",
      "severity": "HIGH"
    },
    {
      "quarter": "2025-06 (Q2)",
      "signal": "GROSS MARGIN INFLECTION",
      "detail": "GM: +1.5% -> -7.3% -> +13.2% (reversal +20.5%)",
      "severity": "HIGH"
    },
    {
      "quarter": "2025-06 (Q2)",
      "signal": "YoY REVENUE GROWTH DECELERATION",
      "detail": "YoY growth: -51.7% vs prior quarter YoY: -33.5% (decel: -18.2%)",
      "severity": "WARNING"
    },
    {
      "quarter": "2025-03 (Q1)",
      "signal": "YoY REVENUE GROWTH DECELERATION",
      "detail": "YoY growth: -33.5% vs prior quarter YoY: +8485.4% (decel: -8518.9%)",
      "severity": "WARNING"
    },
    {
      "quarter": "2024-12 (Q4)",
      "signal": "FCF MARGIN EXPANSION",
      "detail": "FCF margin: -176.8% -> -90.1% (+86.6%)",
      "severity": "MEDIUM"
    },
    {
      "quarter": "2024-12 (Q4)",
      "signal": "OPERATING LEVERAGE",
      "detail": "Rev growth +886.5% vs OpEx growth +329.2% (leverage: 2.7x)",
      "severity": "MEDIUM"
    },
    {
      "quarter": "2024-12 (Q4)",
      "signal": "YoY REVENUE GROWTH ACCELERATION",
      "detail": "YoY growth: +8485.4% vs prior quarter YoY: -63.2% (accel: +8548.5%)",
      "severity": "HIGH"
    },
    {
      "quarter": "2024-09 (Q3)",
      "signal": "YoY REVENUE GROWTH DECELERATION",
      "detail": "YoY growth: -63.2% vs prior quarter YoY: +27.0% (decel: -90.2%)",
      "severity": "WARNING"
    },
    {
      "quarter": "2024-03 (Q1)",
      "signal": "FCF TURNED POSITIVE",
      "detail": "FCF margin: -952.0% -> +34.8%",
      "severity": "HIGH"
    },
    {
      "quarter": "2024-03 (Q1)",
      "signal": "OPERATING LEVERAGE",
      "detail": "Rev growth +5368.0% vs OpEx growth +57.9% (leverage: 92.7x)",
      "severity": "MEDIUM"
    },
    {
      "quarter": "2024-03 (Q1)",
      "signal": "YoY REVENUE GROWTH DECELERATION",
      "detail": "YoY growth: +29.6% vs prior quarter YoY: +161.2% (decel: -131.6%)",
      "severity": "WARNING"
    },
    {
      "quarter": "2024-03 (Q1)",
      "signal": "OP MARGIN TURNED POSITIVE (YoY)",
      "detail": "Op margin: -2.1% (year-ago) -> +7.9%",
      "severity": "HIGH"
    },
    {
      "quarter": "2024-03 (Q1)",
      "signal": "OP MARGIN TURNED POSITIVE (QoQ)",
      "detail": "Op margin: -3087.3% -> +7.9%",
      "severity": "HIGH"
    },
    {
      "quarter": "2023-12 (Q4)",
      "signal": "YoY REVENUE GROWTH DECELERATION",
      "detail": "YoY growth: +161.2% vs prior quarter YoY: +274.6% (decel: -113.4%)",
      "severity": "WARNING"
    },
    {
      "quarter": "2023-09 (Q3)",
      "signal": "GROSS MARGIN INFLECTION",
      "detail": "GM: +57.9% -> +36.4% -> +49.5% (reversal +13.1%)",
      "severity": "HIGH"
    },
    {
      "quarter": "2023-09 (Q3)",
      "signal": "YoY REVENUE GROWTH ACCELERATION",
      "detail": "YoY growth: +274.6% vs prior quarter YoY: +6.1% (accel: +268.5%)",
      "severity": "HIGH"
    },
    {
      "quarter": "2023-06 (Q2)",
      "signal": "YoY REVENUE GROWTH DECELERATION",
      "detail": "YoY growth: +6.1% vs prior quarter YoY: +567.8% (decel: -561.7%)",
      "severity": "WARNING"
    },
    {
      "quarter": "2023-03 (Q1)",
      "signal": "FCF MARGIN EXPANSION",
      "detail": "FCF margin: -11375.8% -> -13.1% (+11362.7%)",
      "severity": "MEDIUM"
    },
    {
      "quarter": "2023-03 (Q1)",
      "signal": "YoY REVENUE GROWTH ACCELERATION",
      "detail": "YoY growth: +567.8% vs prior quarter YoY: -89.3% (accel: +657.1%)",
      "severity": "HIGH"
    },
    {
      "quarter": "2022-12 (Q4)",
      "signal": "YoY REVENUE GROWTH DECELERATION",
      "detail": "YoY growth: -89.3% vs prior quarter YoY: +310.2% (decel: -399.5%)",
      "severity": "WARNING"
    },
    {
      "quarter": "2022-09 (Q3)",
      "signal": "YoY REVENUE GROWTH DECELERATION",
      "detail": "YoY growth: +310.2% vs prior quarter YoY: +1318.2% (decel: -1008.0%)",
      "severity": "WARNING"
    },
    {
      "quarter": "2022-06 (Q2)",
      "signal": "FCF MARGIN EXPANSION",
      "detail": "FCF margin: -359.1% -> -167.2% (+192.0%)",
      "severity": "MEDIUM"
    },
    {
      "quarter": "2022-06 (Q2)",
      "signal": "GROSS MARGIN INFLECTION",
      "detail": "GM: +34.6% -> +1.5% -> +47.1% (reversal +45.6%)",
      "severity": "HIGH"
    },
    {
      "quarter": "2022-06 (Q2)",
      "signal": "YoY REVENUE GROWTH ACCELERATION",
      "detail": "YoY growth: +1318.2% vs prior quarter YoY: +732.0% (accel: +586.2%)",
      "severity": "HIGH"
    },
    {
      "quarter": "2022-03 (Q1)",
      "signal": "FCF MARGIN EXPANSION",
      "detail": "FCF margin: -440.4% -> -359.1% (+81.3%)",
      "severity": "MEDIUM"
    },
    {
      "quarter": "2022-03 (Q1)",
      "signal": "YoY REVENUE GROWTH ACCELERATION",
      "detail": "YoY growth: +732.0% vs prior quarter YoY: +332.3% (accel: +399.7%)",
      "severity": "HIGH"
    },
    {
      "quarter": "2021-12 (Q4)",
      "signal": "FCF MARGIN EXPANSION",
      "detail": "FCF margin: -767.1% -> -440.4% (+326.7%)",
      "severity": "MEDIUM"
    },
    {
      "quarter": "2021-12 (Q4)",
      "signal": "OPERATING LEVERAGE",
      "detail": "Rev growth +132.2% vs OpEx growth +24.6% (leverage: 5.4x)",
      "severity": "MEDIUM"
    },
    {
      "quarter": "2021-12 (Q4)",
      "signal": "GROSS MARGIN INFLECTION",
      "detail": "GM: +100.0% -> -1.8% -> +34.6% (reversal +36.4%)",
      "severity": "HIGH"
    },
    {
      "quarter": "2021-09 (Q3)",
      "signal": "FCF MARGIN EXPANSION",
      "detail": "FCF margin: -1765.8% -> -767.1% (+998.7%)",
      "severity": "MEDIUM"
    },
    {
      "quarter": "2021-06 (Q2)",
      "signal": "FCF MARGIN EXPANSION",
      "detail": "FCF margin: -2392.6% -> -1765.8% (+626.8%)",
      "severity": "MEDIUM"
    }
  ],
  "data_quality": {
    "n_quarters": 20,
    "coverage": {
      "revenue": [
        20,
        20
      ],
      "gross_profit": [
        20,
        20
      ],
      "op_income": [
        20,
        20
      ],
      "fcf": [
        20,
        20
      ]
    },
    "gaps": [],
    "warnings": []
  },
  "market_cap": null,
  "source": "SEC EDGAR",
  "last_updated": "2026-02-02T20:58:19.426131"
}