{
  "ticker": "UVV",
  "name": "UNIVERSAL CORPORATION",
  "sector": "Consumer Defensive",
  "industry": "Tobacco",
  "quarters": [
    {
      "date": "2021-03-31T00:00:00",
      "quarter_label": "2021-03 (Q1)",
      "revenue": 609137000,
      "gross_profit": 115527000,
      "operating_income": 62745000,
      "net_income": 39361000,
      "opex": 52782000,
      "cogs": 493610000,
      "rd": null,
      "sga": 58637000,
      "fcf": 149431000,
      "ocf": 181791000,
      "capex": -32360000,
      "gross_margin": 0.18965684238521055,
      "op_margin": 0.10300638444225191,
      "fcf_margin": 0.2453159141539588
    },
    {
      "date": "2021-06-30T00:00:00",
      "quarter_label": "2021-06 (Q2)",
      "revenue": 349613000,
      "gross_profit": 62057000,
      "operating_income": 10605000,
      "net_income": 6357000,
      "opex": 51452000,
      "cogs": 287556000,
      "rd": null,
      "sga": 49844000,
      "fcf": -141351000,
      "ocf": -126923000,
      "capex": -14428000,
      "gross_margin": 0.17750198076158497,
      "op_margin": 0.030333540228767237,
      "fcf_margin": -0.4043070480788758,
      "fcf_margin_change": -0.6496229622328346
    },
    {
      "date": "2021-09-30T00:00:00",
      "quarter_label": "2021-09 (Q3)",
      "revenue": 453247000,
      "gross_profit": 91975000,
      "operating_income": 29813000,
      "net_income": 19510000,
      "opex": 62162000,
      "cogs": 361272000,
      "rd": null,
      "sga": 65402000,
      "fcf": 1935000,
      "ocf": 6152000,
      "capex": -4217000,
      "gross_margin": 0.20292467462553532,
      "op_margin": 0.06577649714173509,
      "fcf_margin": 0.004269195383532599,
      "op_leverage_ratio": 1.424057345114662,
      "fcf_margin_change": 0.4085762434624084
    },
    {
      "date": "2021-12-31T00:00:00",
      "quarter_label": "2021-12 (Q4)",
      "revenue": 647680000,
      "gross_profit": 126509000,
      "operating_income": 62773000,
      "net_income": 34940000,
      "opex": 63736000,
      "cogs": 521171000,
      "rd": null,
      "sga": 60267000,
      "fcf": 48009000,
      "ocf": 69195000,
      "capex": -21186000,
      "gross_margin": 0.19532639575098815,
      "op_margin": 0.09691977519762845,
      "fcf_margin": 0.07412456768774704,
      "op_leverage_ratio": 16.941633794604655,
      "fcf_margin_change": 0.06985537230421444
    },
    {
      "date": "2022-03-31T00:00:00",
      "quarter_label": "2022-03 (Q1)",
      "revenue": 640610000,
      "gross_profit": 115934000,
      "operating_income": 57124000,
      "net_income": 25770000,
      "opex": 58810000,
      "cogs": 524676000,
      "rd": null,
      "sga": 65173000,
      "fcf": 83086000,
      "ocf": 96458000,
      "capex": -13372000,
      "gross_margin": 0.18097438379044972,
      "op_margin": 0.08917125864410484,
      "fcf_margin": 0.12969825634941695,
      "incr_op_margin_yoy": -0.17859752803990722,
      "rev_growth_yoy": 0.051668179736249806,
      "fcf_margin_change": 0.05557368866166991
    },
    {
      "date": "2022-06-30T00:00:00",
      "quarter_label": "2022-06 (Q2)",
      "revenue": 429122000,
      "gross_profit": 79018000,
      "operating_income": 13266000,
      "net_income": 6830000,
      "opex": 65752000,
      "cogs": 350104000,
      "rd": null,
      "sga": 66452000,
      "fcf": -240841000,
      "ocf": -225771000,
      "capex": -15070000,
      "gross_margin": 0.1841387763852704,
      "op_margin": 0.030914285447961185,
      "fcf_margin": -0.5612413253107508,
      "incr_op_margin_yoy": 0.03346790929328755,
      "rev_growth_yoy": 0.2274200330079259,
      "rev_growth_yoy_accel": 0.17575185327167608,
      "fcf_margin_change": -0.6909395816601678
    },
    {
      "date": "2022-09-30T00:00:00",
      "quarter_label": "2022-09 (Q3)",
      "revenue": 650004000,
      "gross_profit": 109279000,
      "operating_income": 37886000,
      "net_income": 21855000,
      "opex": 71393000,
      "cogs": 540725000,
      "rd": null,
      "sga": 72373000,
      "fcf": -131995000,
      "ocf": -120477000,
      "capex": -11518000,
      "gross_margin": 0.16812050387382232,
      "op_margin": 0.05828579516433745,
      "fcf_margin": -0.20306798112011618,
      "incr_op_margin_yoy": 0.04103030641857723,
      "rev_growth_yoy": 0.4341054656732422,
      "rev_growth_yoy_accel": 0.2066854326653163,
      "op_leverage_ratio": 5.999739763732446,
      "fcf_margin_change": 0.3581733441906346
    },
    {
      "date": "2022-12-31T00:00:00",
      "quarter_label": "2022-12 (Q4)",
      "revenue": 790143000,
      "gross_profit": 140604000,
      "operating_income": 77526000,
      "net_income": 41660000,
      "opex": 63078000,
      "cogs": 649539000,
      "rd": null,
      "sga": 67974000,
      "fcf": 149556000,
      "ocf": 162398000,
      "capex": -12842000,
      "gross_margin": 0.1779475360789123,
      "op_margin": 0.0981164169017507,
      "fcf_margin": 0.18927713084846667,
      "incr_op_margin_yoy": 0.10355671297108723,
      "rev_growth_yoy": 0.2199589303359684,
      "rev_growth_yoy_accel": -0.21414653533727382,
      "op_leverage_ratio": null,
      "fcf_margin_change": 0.39234511196858285
    },
    {
      "date": "2023-03-31T00:00:00",
      "quarter_label": "2023-03 (Q1)",
      "revenue": 680549000,
      "gross_profit": 109378000,
      "operating_income": 52394000,
      "net_income": 53707000,
      "opex": 56984000,
      "cogs": 571171000,
      "rd": null,
      "sga": 70414000,
      "fcf": 158049000,
      "ocf": 173293000,
      "capex": -15244000,
      "gross_margin": 0.1607202420398825,
      "op_margin": 0.07698784363800402,
      "fcf_margin": 0.23223750236941057,
      "incr_op_margin_yoy": -0.11843060667517964,
      "rev_growth_yoy": 0.06234526466961177,
      "rev_growth_yoy_accel": -0.15761366566635662,
      "fcf_margin_change": 0.042960371520943896
    },
    {
      "date": "2023-06-30T00:00:00",
      "quarter_label": "2023-06 (Q2)",
      "revenue": 516370000,
      "gross_profit": 85160000,
      "operating_income": 11035000,
      "net_income": -2064000,
      "opex": 74125000,
      "cogs": 431210000,
      "rd": null,
      "sga": 75477000,
      "fcf": -121851000,
      "ocf": -103891000,
      "capex": -17960000,
      "gross_margin": 0.16492050274028314,
      "op_margin": 0.021370335224741948,
      "fcf_margin": -0.23597614113910567,
      "incr_op_margin_yoy": -0.025570786722904824,
      "rev_growth_yoy": 0.2033174714882947,
      "rev_growth_yoy_accel": 0.14097220681868294,
      "fcf_margin_change": -0.46821364350851624
    },
    {
      "date": "2023-09-30T00:00:00",
      "quarter_label": "2023-09 (Q3)",
      "revenue": 635807000,
      "gross_profit": 129040000,
      "operating_income": 55312000,
      "net_income": 28128000,
      "opex": 73728000,
      "cogs": 506767000,
      "rd": null,
      "sga": 73806000,
      "fcf": 99755000,
      "ocf": 114425000,
      "capex": -14670000,
      "gross_margin": 0.20295467020652494,
      "op_margin": 0.08699495287091838,
      "fcf_margin": 0.15689509552427072,
      "incr_op_margin_yoy": -1.2274424174121292,
      "rev_growth_yoy": -0.021841404052898136,
      "rev_growth_yoy_accel": -0.22515887554119285,
      "op_leverage_ratio": null,
      "fcf_margin_change": 0.3928712366633764
    },
    {
      "date": "2023-12-31T00:00:00",
      "quarter_label": "2023-12 (Q4)",
      "revenue": 813133000,
      "gross_profit": 158577000,
      "operating_income": 87464000,
      "net_income": 53216000,
      "opex": 71113000,
      "cogs": 654556000,
      "rd": null,
      "sga": 78563000,
      "fcf": -72373000,
      "ocf": -57271000,
      "capex": -15102000,
      "gross_margin": 0.19501975691553533,
      "op_margin": 0.10756419921464262,
      "fcf_margin": -0.08900511970366472,
      "incr_op_margin_yoy": 0.43227490213136144,
      "rev_growth_yoy": 0.02909599907864779,
      "rev_growth_yoy_accel": 0.050937403131545926,
      "op_leverage_ratio": null,
      "fcf_margin_change": -0.24590021522793543
    },
    {
      "date": "2024-03-31T00:00:00",
      "quarter_label": "2024-03 (Q1)",
      "revenue": 756334000,
      "gross_profit": 136392000,
      "operating_income": 68198000,
      "net_income": 40318000,
      "opex": 68194000,
      "cogs": 619942000,
      "rd": null,
      "sga": 82720000,
      "fcf": -46176000,
      "ocf": -27895000,
      "capex": -18281000,
      "gross_margin": 0.1803330274719899,
      "op_margin": 0.09016915807037632,
      "fcf_margin": -0.061052392197098106,
      "incr_op_margin_yoy": 0.20853730949396318,
      "rev_growth_yoy": 0.11135862369939563,
      "rev_growth_yoy_accel": 0.08226262462074783,
      "fcf_margin_change": 0.02795272750656661
    },
    {
      "date": "2024-06-30T00:00:00",
      "quarter_label": "2024-06 (Q2)",
      "revenue": 596403000,
      "gross_profit": 95274000,
      "operating_income": 17225000,
      "net_income": 130000,
      "opex": 78049000,
      "cogs": 501129000,
      "rd": null,
      "sga": 78696000,
      "fcf": -85193000,
      "ocf": -62444000,
      "capex": -22749000,
      "gross_margin": 0.15974768738587833,
      "op_margin": 0.028881477792700574,
      "fcf_margin": -0.14284468723329694,
      "incr_op_margin_yoy": 0.07734309597291117,
      "rev_growth_yoy": 0.15499157580804462,
      "rev_growth_yoy_accel": 0.043632952108648995,
      "fcf_margin_change": -0.08179229503619884
    },
    {
      "date": "2024-09-30T00:00:00",
      "quarter_label": "2024-09 (Q3)",
      "revenue": 708368000,
      "gross_profit": 140751000,
      "operating_income": 68736000,
      "net_income": 25940000,
      "opex": 72015000,
      "cogs": 567617000,
      "rd": null,
      "sga": 63836000,
      "fcf": -1016000,
      "ocf": 15031000,
      "capex": -16047000,
      "gross_margin": 0.19869756962482776,
      "op_margin": 0.09703430985024733,
      "fcf_margin": -0.001434282745691505,
      "incr_op_margin_yoy": 0.18500296302421412,
      "rev_growth_yoy": 0.11412425468735009,
      "rev_growth_yoy_accel": -0.040867321120694536,
      "op_leverage_ratio": null,
      "fcf_margin_change": 0.14141040448760542
    },
    {
      "date": "2024-12-31T00:00:00",
      "quarter_label": "2024-12 (Q4)",
      "revenue": 927981000,
      "gross_profit": 184376000,
      "operating_income": 104076000,
      "net_income": 59639000,
      "opex": 80300000,
      "cogs": 743605000,
      "rd": null,
      "sga": 89512000,
      "fcf": 199552000,
      "ocf": 215641000,
      "capex": -16089000,
      "gross_margin": 0.19868510238894976,
      "op_margin": 0.11215315830819812,
      "fcf_margin": 0.21503888549442285,
      "incr_op_margin_yoy": 0.14464335469490108,
      "rev_growth_yoy": 0.14124134674155397,
      "rev_growth_yoy_accel": 0.027117092054203887,
      "op_leverage_ratio": 2.6948187651025868,
      "fcf_margin_change": 0.21647316824011437
    },
    {
      "date": "2025-03-31T00:00:00",
      "quarter_label": "2025-03 (Q1)",
      "revenue": 690172000,
      "gross_profit": 103896000,
      "operating_income": 42760000,
      "net_income": 9338000,
      "opex": 61136000,
      "cogs": 586276000,
      "rd": null,
      "sga": 73243000,
      "fcf": 151030000,
      "ocf": 158746000,
      "capex": -7716000,
      "gross_margin": 0.1505363880308097,
      "op_margin": 0.061955570495470694,
      "fcf_margin": 0.21882950916583113,
      "incr_op_margin_yoy": 0.3844805175176083,
      "rev_growth_yoy": -0.08747722567014043,
      "rev_growth_yoy_accel": -0.2287185724116944,
      "fcf_margin_change": 0.003790623671408283
    },
    {
      "date": "2025-06-30T00:00:00",
      "quarter_label": "2025-06 (Q2)",
      "revenue": 592641000,
      "gross_profit": 113006000,
      "operating_income": 33813000,
      "net_income": 8497000,
      "opex": 79193000,
      "cogs": 479635000,
      "rd": null,
      "sga": 79192000,
      "fcf": -217156000,
      "ocf": -205103000,
      "capex": -12053000,
      "gross_margin": 0.19068204866015007,
      "op_margin": 0.05705477683791705,
      "fcf_margin": -0.36642081799942966,
      "incr_op_margin_yoy": -4.409356725146199,
      "rev_growth_yoy": -0.006307815353041484,
      "rev_growth_yoy_accel": 0.08116941031709896,
      "fcf_margin_change": -0.5852503271652608
    },
    {
      "date": "2025-09-30T00:00:00",
      "quarter_label": "2025-09 (Q3)",
      "revenue": 749428000,
      "gross_profit": 135081000,
      "operating_income": 67649000,
      "net_income": 34169000,
      "opex": 67432000,
      "cogs": 614347000,
      "rd": null,
      "sga": 72181000,
      "fcf": 23699000,
      "ocf": 32745000,
      "capex": -9046000,
      "gross_margin": 0.18024546720965856,
      "op_margin": 0.0902675106881515,
      "fcf_margin": 0.03162278431016722,
      "incr_op_margin_yoy": -0.026473453482708232,
      "rev_growth_yoy": 0.0579642219863122,
      "rev_growth_yoy_accel": 0.06427203733935369,
      "op_leverage_ratio": null,
      "fcf_margin_change": 0.3980436023095969
    },
    {
      "date": "2025-12-31T00:00:00",
      "quarter_label": "2025-12 (Q4)",
      "revenue": 853155000,
      "gross_profit": 151455000,
      "operating_income": 81950000,
      "net_income": 33249000,
      "opex": 69505000,
      "cogs": 701700000,
      "rd": null,
      "sga": 76927000,
      "fcf": 95115000,
      "ocf": 114319000,
      "capex": -19204000,
      "gross_margin": 0.1775234277475957,
      "op_margin": 0.0960552302922681,
      "fcf_margin": 0.11148618949663308,
      "incr_op_margin_yoy": 0.2956993558388795,
      "rev_growth_yoy": -0.08063311641078859,
      "rev_growth_yoy_accel": -0.13859733839710078,
      "op_leverage_ratio": 4.502239988473885,
      "fcf_margin_change": 0.07986340518646587
    }
  ],
  "signals": [
    {
      "quarter": "2025-12 (Q4)",
      "signal": "FCF MARGIN EXPANSION",
      "detail": "FCF margin: +3.2% -> +11.1% (+8.0%)",
      "severity": "MEDIUM"
    },
    {
      "quarter": "2025-12 (Q4)",
      "signal": "OPERATING LEVERAGE",
      "detail": "Rev growth +13.8% vs OpEx growth +3.1% (leverage: 4.5x)",
      "severity": "MEDIUM"
    },
    {
      "quarter": "2025-12 (Q4)",
      "signal": "YoY REVENUE GROWTH DECELERATION",
      "detail": "YoY growth: -8.1% vs prior quarter YoY: +5.8% (decel: -13.9%)",
      "severity": "WARNING"
    },
    {
      "quarter": "2025-12 (Q4)",
      "signal": "INCREMENTAL MARGIN (YoY)",
      "detail": "YoY Incr OPM: +29.6% vs year-ago OPM: +11.2%",
      "severity": "MEDIUM"
    },
    {
      "quarter": "2025-09 (Q3)",
      "signal": "FCF TURNED POSITIVE",
      "detail": "FCF margin: -36.6% -> +3.2%",
      "severity": "HIGH"
    },
    {
      "quarter": "2025-09 (Q3)",
      "signal": "YoY REVENUE GROWTH ACCELERATION",
      "detail": "YoY growth: +5.8% vs prior quarter YoY: -0.6% (accel: +6.4%)",
      "severity": "MEDIUM"
    },
    {
      "quarter": "2025-06 (Q2)",
      "signal": "GROSS MARGIN INFLECTION",
      "detail": "GM: +19.9% -> +15.1% -> +19.1% (reversal +4.0%)",
      "severity": "MEDIUM"
    },
    {
      "quarter": "2025-06 (Q2)",
      "signal": "YoY REVENUE GROWTH ACCELERATION",
      "detail": "YoY growth: -0.6% vs prior quarter YoY: -8.7% (accel: +8.1%)",
      "severity": "MEDIUM"
    },
    {
      "quarter": "2025-03 (Q1)",
      "signal": "YoY REVENUE GROWTH DECELERATION",
      "detail": "YoY growth: -8.7% vs prior quarter YoY: +14.1% (decel: -22.9%)",
      "severity": "WARNING"
    },
    {
      "quarter": "2025-03 (Q1)",
      "signal": "INCREMENTAL MARGIN (YoY)",
      "detail": "YoY Incr OPM: +38.4% vs year-ago OPM: +9.0%",
      "severity": "HIGH"
    },
    {
      "quarter": "2024-12 (Q4)",
      "signal": "FCF TURNED POSITIVE",
      "detail": "FCF margin: -0.1% -> +21.5%",
      "severity": "HIGH"
    },
    {
      "quarter": "2024-12 (Q4)",
      "signal": "OPERATING LEVERAGE",
      "detail": "Rev growth +31.0% vs OpEx growth +11.5% (leverage: 2.7x)",
      "severity": "MEDIUM"
    },
    {
      "quarter": "2024-09 (Q3)",
      "signal": "FCF MARGIN EXPANSION",
      "detail": "FCF margin: -14.3% -> -0.1% (+14.1%)",
      "severity": "MEDIUM"
    },
    {
      "quarter": "2024-09 (Q3)",
      "signal": "GROSS MARGIN INFLECTION",
      "detail": "GM: +18.0% -> +16.0% -> +19.9% (reversal +3.9%)",
      "severity": "MEDIUM"
    },
    {
      "quarter": "2024-03 (Q1)",
      "signal": "YoY REVENUE GROWTH ACCELERATION",
      "detail": "YoY growth: +11.1% vs prior quarter YoY: +2.9% (accel: +8.2%)",
      "severity": "MEDIUM"
    },
    {
      "quarter": "2024-03 (Q1)",
      "signal": "INCREMENTAL MARGIN (YoY)",
      "detail": "YoY Incr OPM: +20.9% vs year-ago OPM: +7.7%",
      "severity": "MEDIUM"
    },
    {
      "quarter": "2023-12 (Q4)",
      "signal": "YoY REVENUE GROWTH ACCELERATION",
      "detail": "YoY growth: +2.9% vs prior quarter YoY: -2.2% (accel: +5.1%)",
      "severity": "MEDIUM"
    },
    {
      "quarter": "2023-12 (Q4)",
      "signal": "INCREMENTAL MARGIN (YoY)",
      "detail": "YoY Incr OPM: +43.2% vs year-ago OPM: +9.8%",
      "severity": "HIGH"
    },
    {
      "quarter": "2023-09 (Q3)",
      "signal": "FCF TURNED POSITIVE",
      "detail": "FCF margin: -23.6% -> +15.7%",
      "severity": "HIGH"
    },
    {
      "quarter": "2023-09 (Q3)",
      "signal": "YoY REVENUE GROWTH DECELERATION",
      "detail": "YoY growth: -2.2% vs prior quarter YoY: +20.3% (decel: -22.5%)",
      "severity": "WARNING"
    },
    {
      "quarter": "2023-06 (Q2)",
      "signal": "YoY REVENUE GROWTH ACCELERATION",
      "detail": "YoY growth: +20.3% vs prior quarter YoY: +6.2% (accel: +14.1%)",
      "severity": "MEDIUM"
    },
    {
      "quarter": "2023-03 (Q1)",
      "signal": "YoY REVENUE GROWTH DECELERATION",
      "detail": "YoY growth: +6.2% vs prior quarter YoY: +22.0% (decel: -15.8%)",
      "severity": "WARNING"
    },
    {
      "quarter": "2022-12 (Q4)",
      "signal": "FCF TURNED POSITIVE",
      "detail": "FCF margin: -20.3% -> +18.9%",
      "severity": "HIGH"
    },
    {
      "quarter": "2022-12 (Q4)",
      "signal": "YoY REVENUE GROWTH DECELERATION",
      "detail": "YoY growth: +22.0% vs prior quarter YoY: +43.4% (decel: -21.4%)",
      "severity": "WARNING"
    },
    {
      "quarter": "2022-09 (Q3)",
      "signal": "FCF MARGIN EXPANSION",
      "detail": "FCF margin: -56.1% -> -20.3% (+35.8%)",
      "severity": "MEDIUM"
    },
    {
      "quarter": "2022-09 (Q3)",
      "signal": "OPERATING LEVERAGE",
      "detail": "Rev growth +51.5% vs OpEx growth +8.6% (leverage: 6.0x)",
      "severity": "MEDIUM"
    },
    {
      "quarter": "2022-09 (Q3)",
      "signal": "YoY REVENUE GROWTH ACCELERATION",
      "detail": "YoY growth: +43.4% vs prior quarter YoY: +22.7% (accel: +20.7%)",
      "severity": "HIGH"
    },
    {
      "quarter": "2022-06 (Q2)",
      "signal": "YoY REVENUE GROWTH ACCELERATION",
      "detail": "YoY growth: +22.7% vs prior quarter YoY: +5.2% (accel: +17.6%)",
      "severity": "HIGH"
    },
    {
      "quarter": "2022-03 (Q1)",
      "signal": "FCF MARGIN EXPANSION",
      "detail": "FCF margin: +7.4% -> +13.0% (+5.6%)",
      "severity": "MEDIUM"
    },
    {
      "quarter": "2021-12 (Q4)",
      "signal": "FCF MARGIN EXPANSION",
      "detail": "FCF margin: +0.4% -> +7.4% (+7.0%)",
      "severity": "MEDIUM"
    },
    {
      "quarter": "2021-12 (Q4)",
      "signal": "OPERATING LEVERAGE",
      "detail": "Rev growth +42.9% vs OpEx growth +2.5% (leverage: 16.9x)",
      "severity": "MEDIUM"
    },
    {
      "quarter": "2021-09 (Q3)",
      "signal": "FCF TURNED POSITIVE",
      "detail": "FCF margin: -40.4% -> +0.4%",
      "severity": "HIGH"
    },
    {
      "quarter": "2021-09 (Q3)",
      "signal": "GROSS MARGIN INFLECTION",
      "detail": "GM: +19.0% -> +17.8% -> +20.3% (reversal +2.5%)",
      "severity": "MEDIUM"
    }
  ],
  "data_quality": {
    "n_quarters": 20,
    "coverage": {
      "revenue": [
        20,
        20
      ],
      "gross_profit": [
        20,
        20
      ],
      "op_income": [
        20,
        20
      ],
      "fcf": [
        20,
        20
      ]
    },
    "gaps": [],
    "warnings": []
  },
  "market_cap": null,
  "source": "SEC EDGAR",
  "last_updated": "2026-02-24T11:06:20.512724"
}