{
  "ticker": "VASO",
  "name": "VASO CORPORATION",
  "quarters": [
    {
      "date": "2020-12-31T00:00:00",
      "quarter_label": "2020-12 (Q4)",
      "revenue": 18691000,
      "gross_profit": 11076000,
      "operating_income": 1302000,
      "net_income": 1176000,
      "opex": 9774000,
      "cogs": 7615000,
      "rd": 206000,
      "sga": 9568000,
      "fcf": 835000,
      "ocf": 1200000,
      "capex": -365000,
      "gross_margin": 0.5925846664169921,
      "op_margin": 0.06965919426461933,
      "fcf_margin": 0.04467390722807769
    },
    {
      "date": "2021-03-31T00:00:00",
      "quarter_label": "2021-03 (Q1)",
      "revenue": 16519000,
      "gross_profit": 8559000,
      "operating_income": -539000,
      "net_income": -643000,
      "opex": 9098000,
      "cogs": 7960000,
      "rd": 144000,
      "sga": 8954000,
      "fcf": 5416000,
      "ocf": 5475000,
      "capex": -59000,
      "gross_margin": 0.5181306374477874,
      "op_margin": -0.03262909377080937,
      "fcf_margin": 0.3278648828621587,
      "fcf_margin_change": 0.283190975634081
    },
    {
      "date": "2021-06-30T00:00:00",
      "quarter_label": "2021-06 (Q2)",
      "revenue": 16131000,
      "gross_profit": 8640000,
      "operating_income": -722000,
      "net_income": 2780000,
      "opex": 9362000,
      "cogs": 7491000,
      "rd": 170000,
      "sga": 9192000,
      "fcf": 53000,
      "ocf": 118000,
      "capex": -65000,
      "gross_margin": 0.5356146550120885,
      "op_margin": -0.0447585394581861,
      "fcf_margin": 0.003285599156902858,
      "fcf_margin_change": -0.32457928370525585
    },
    {
      "date": "2021-09-30T00:00:00",
      "quarter_label": "2021-09 (Q3)",
      "revenue": 18429000,
      "gross_profit": 10260000,
      "operating_income": 636000,
      "net_income": 651000,
      "opex": 9624000,
      "cogs": 8169000,
      "rd": 123000,
      "sga": 9501000,
      "fcf": -149000,
      "ocf": -149000,
      "capex": null,
      "gross_margin": 0.5567312388083998,
      "op_margin": 0.034510825329643495,
      "fcf_margin": -0.008085083292636606,
      "op_leverage_ratio": 5.09044885836905,
      "fcf_margin_change": -0.011370682449539465
    },
    {
      "date": "2021-12-31T00:00:00",
      "quarter_label": "2021-12 (Q4)",
      "revenue": 24500000,
      "gross_profit": 15674000,
      "operating_income": 3443000,
      "net_income": 3312000,
      "opex": 12231000,
      "cogs": 8826000,
      "rd": 1284000,
      "sga": 10947000,
      "fcf": 2371000,
      "ocf": 2371000,
      "capex": null,
      "gross_margin": 0.6397551020408163,
      "op_margin": 0.14053061224489796,
      "fcf_margin": 0.09677551020408164,
      "incr_op_margin_yoy": 0.3685660182475469,
      "rev_growth_yoy": 0.31079128992563265,
      "op_leverage_ratio": 1.216110521760464,
      "fcf_margin_change": 0.10486059349671824
    },
    {
      "date": "2022-03-31T00:00:00",
      "quarter_label": "2022-03 (Q1)",
      "revenue": 17009000,
      "gross_profit": 9767000,
      "operating_income": -354000,
      "net_income": -344000,
      "opex": 10121000,
      "cogs": 7242000,
      "rd": 122000,
      "sga": 9999000,
      "fcf": -625000,
      "ocf": -625000,
      "capex": null,
      "gross_margin": 0.574225410077018,
      "op_margin": -0.020812511023575755,
      "fcf_margin": -0.03674525251337527,
      "rev_growth_yoy": 0.02966281251891761,
      "rev_growth_yoy_accel": -0.28112847740671504,
      "fcf_margin_change": -0.13352076271745691
    },
    {
      "date": "2022-06-30T00:00:00",
      "quarter_label": "2022-06 (Q2)",
      "revenue": 19502000,
      "gross_profit": 11336000,
      "operating_income": 1562000,
      "net_income": 1495000,
      "opex": 9774000,
      "cogs": 8166000,
      "rd": 170000,
      "sga": 9604000,
      "fcf": 10193000,
      "ocf": 10356000,
      "capex": -163000,
      "gross_margin": 0.5812737155163573,
      "op_margin": 0.08009434929750794,
      "fcf_margin": 0.522664342118757,
      "incr_op_margin_yoy": 0.6775437555621477,
      "rev_growth_yoy": 0.2089765048664063,
      "rev_growth_yoy_accel": 0.17931369234748867,
      "op_leverage_ratio": Infinity,
      "fcf_margin_change": 0.5594095946321322
    },
    {
      "date": "2022-09-30T00:00:00",
      "quarter_label": "2022-09 (Q3)",
      "revenue": 20035000,
      "gross_profit": 12536000,
      "operating_income": 2428000,
      "net_income": 2498000,
      "opex": 10108000,
      "cogs": 7459000,
      "rd": 130000,
      "sga": 9978000,
      "fcf": 2945000,
      "ocf": 2945000,
      "capex": null,
      "gross_margin": 0.6257050162216122,
      "op_margin": 0.12118792113800848,
      "fcf_margin": 0.14699276266533567,
      "incr_op_margin_yoy": 1.115815691158157,
      "rev_growth_yoy": 0.08714526018774757,
      "rev_growth_yoy_accel": -0.12183124467865872,
      "op_leverage_ratio": 0.7997862341157087,
      "fcf_margin_change": -0.37567157945342133
    },
    {
      "date": "2022-12-31T00:00:00",
      "quarter_label": "2022-12 (Q4)",
      "revenue": 23470000,
      "gross_profit": 14840000,
      "operating_income": 3398000,
      "net_income": 8224000,
      "opex": 11442000,
      "cogs": 8581000,
      "rd": 183000,
      "sga": 11259000,
      "fcf": 1740000,
      "ocf": 1740000,
      "capex": null,
      "gross_margin": 0.6322965487856839,
      "op_margin": 0.1447805709416276,
      "fcf_margin": 0.07413719642096293,
      "incr_op_margin_yoy": 0.043689320388349516,
      "rev_growth_yoy": -0.04204081632653061,
      "rev_growth_yoy_accel": -0.1291860765142782,
      "op_leverage_ratio": 1.2991126099041816,
      "fcf_margin_change": -0.07285556624437274
    },
    {
      "date": "2023-03-31T00:00:00",
      "quarter_label": "2023-03 (Q1)",
      "revenue": 19221000,
      "gross_profit": 11710000,
      "operating_income": 410000,
      "net_income": 454000,
      "opex": 11300000,
      "cogs": 7511000,
      "rd": 157000,
      "sga": 11143000,
      "fcf": -1941000,
      "ocf": -1941000,
      "capex": null,
      "gross_margin": 0.6092294885801988,
      "op_margin": 0.021330836064720877,
      "fcf_margin": -0.1009832995161542,
      "incr_op_margin_yoy": 0.3453887884267631,
      "rev_growth_yoy": 0.13004879769533775,
      "rev_growth_yoy_accel": 0.17208961402186837,
      "fcf_margin_change": -0.17512049593711715
    },
    {
      "date": "2023-06-30T00:00:00",
      "quarter_label": "2023-06 (Q2)",
      "revenue": 20437000,
      "gross_profit": 12787000,
      "operating_income": 1908000,
      "net_income": 2072000,
      "opex": 10879000,
      "cogs": 7650000,
      "rd": 217000,
      "sga": 10662000,
      "fcf": 7960000,
      "ocf": 7960000,
      "capex": null,
      "gross_margin": 0.625678915692127,
      "op_margin": 0.09336008220384596,
      "fcf_margin": 0.38948965112296324,
      "rev_growth_yoy": 0.04794380063583222,
      "rev_growth_yoy_accel": -0.08210499705950552,
      "op_leverage_ratio": Infinity,
      "fcf_margin_change": 0.49047295063911744
    },
    {
      "date": "2023-09-30T00:00:00",
      "quarter_label": "2023-09 (Q3)",
      "revenue": 19449000,
      "gross_profit": 12043000,
      "operating_income": 907000,
      "net_income": 1198000,
      "opex": 11136000,
      "cogs": 7406000,
      "rd": 209000,
      "sga": 10927000,
      "fcf": 841000,
      "ocf": 841000,
      "capex": null,
      "gross_margin": 0.6192092138413287,
      "op_margin": 0.04663478842099851,
      "fcf_margin": 0.043241297753097846,
      "rev_growth_yoy": -0.029248814574494634,
      "rev_growth_yoy_accel": -0.07719261521032686,
      "fcf_margin_change": -0.34624835336986537
    },
    {
      "date": "2023-12-31T00:00:00",
      "quarter_label": "2023-12 (Q4)",
      "revenue": 21917000,
      "gross_profit": 14053000,
      "operating_income": 970000,
      "net_income": 1081000,
      "opex": 13083000,
      "cogs": 7864000,
      "rd": 171000,
      "sga": 12912000,
      "fcf": -1564000,
      "ocf": -1564000,
      "capex": null,
      "gross_margin": 0.6411917689464799,
      "op_margin": 0.0442578820093991,
      "fcf_margin": -0.07136013140484555,
      "incr_op_margin_yoy": 1.5634256278171281,
      "rev_growth_yoy": -0.06616957818491692,
      "rev_growth_yoy_accel": -0.03692076361042229,
      "op_leverage_ratio": 0.725790283480932,
      "fcf_margin_change": -0.1146014291579434
    },
    {
      "date": "2024-03-31T00:00:00",
      "quarter_label": "2024-03 (Q1)",
      "revenue": 18738000,
      "gross_profit": 10918000,
      "operating_income": -1468000,
      "net_income": -1173000,
      "opex": 12386000,
      "cogs": 7820000,
      "rd": 191000,
      "sga": 12195000,
      "fcf": -1070000,
      "ocf": -1070000,
      "capex": null,
      "gross_margin": 0.5826662397267585,
      "op_margin": -0.07834347315615327,
      "fcf_margin": -0.057103212722809264,
      "rev_growth_yoy": -0.02512876541282972,
      "rev_growth_yoy_accel": 0.0410408127720872,
      "fcf_margin_change": 0.014256918682036289
    },
    {
      "date": "2024-06-30T00:00:00",
      "quarter_label": "2024-06 (Q2)",
      "revenue": 20226000,
      "gross_profit": 12151000,
      "operating_income": 996000,
      "net_income": 1155000,
      "opex": 11155000,
      "cogs": 8075000,
      "rd": 205000,
      "sga": 10841000,
      "fcf": 2788000,
      "ocf": 2788000,
      "capex": null,
      "gross_margin": 0.6007613962226837,
      "op_margin": 0.04924354790863245,
      "fcf_margin": 0.13784238109364186,
      "rev_growth_yoy": -0.010324411606400156,
      "rev_growth_yoy_accel": 0.014804353806429563,
      "op_leverage_ratio": Infinity,
      "fcf_margin_change": 0.19494559381645113
    },
    {
      "date": "2024-09-30T00:00:00",
      "quarter_label": "2024-09 (Q3)",
      "revenue": 20769000,
      "gross_profit": 11756000,
      "operating_income": -1393000,
      "net_income": -1181000,
      "opex": 13149000,
      "cogs": 9013000,
      "rd": 191000,
      "sga": 11409000,
      "fcf": 1930000,
      "ocf": 1930000,
      "capex": null,
      "gross_margin": 0.5660359189176176,
      "op_margin": -0.0670711156049882,
      "fcf_margin": 0.09292695844768646,
      "incr_op_margin_yoy": -1.7424242424242424,
      "rev_growth_yoy": 0.06786981335801326,
      "rev_growth_yoy_accel": 0.07819422496441342,
      "op_leverage_ratio": 0.15018765879364582,
      "fcf_margin_change": -0.0449154226459554
    },
    {
      "date": "2024-12-31T00:00:00",
      "quarter_label": "2024-12 (Q4)",
      "revenue": 27035000,
      "gross_profit": 17226000,
      "operating_income": 2151000,
      "net_income": 2150000,
      "opex": 15075000,
      "cogs": 9809000,
      "rd": 264000,
      "sga": 14668000,
      "fcf": -367000,
      "ocf": -367000,
      "capex": null,
      "gross_margin": 0.6371740336600703,
      "op_margin": 0.0795635287590161,
      "fcf_margin": -0.013574995376363972,
      "incr_op_margin_yoy": 0.23075420085971082,
      "rev_growth_yoy": 0.23351736095268513,
      "rev_growth_yoy_accel": 0.16564754759467187,
      "op_leverage_ratio": 2.0597345162609804,
      "fcf_margin_change": -0.10650195382405044
    },
    {
      "date": "2025-03-31T00:00:00",
      "quarter_label": "2025-03 (Q1)",
      "revenue": 19462000,
      "gross_profit": 11358000,
      "operating_income": -1218000,
      "net_income": -1075000,
      "opex": 12576000,
      "cogs": 8104000,
      "rd": 178000,
      "sga": 12398000,
      "fcf": -566000,
      "ocf": -566000,
      "capex": null,
      "gross_margin": 0.5835988079334087,
      "op_margin": -0.06258349604357209,
      "fcf_margin": -0.029082314253416914,
      "rev_growth_yoy": 0.038638061692816736,
      "rev_growth_yoy_accel": -0.1948792992598684,
      "fcf_margin_change": -0.015507318877052942
    },
    {
      "date": "2025-06-30T00:00:00",
      "quarter_label": "2025-06 (Q2)",
      "revenue": 19957000,
      "gross_profit": 11797000,
      "operating_income": -421000,
      "net_income": -197000,
      "opex": 12218000,
      "cogs": 8160000,
      "rd": 167000,
      "sga": 12051000,
      "fcf": 6795000,
      "ocf": 6795000,
      "capex": null,
      "gross_margin": 0.5911209099564063,
      "op_margin": -0.021095355013278548,
      "fcf_margin": 0.34048203637821317,
      "rev_growth_yoy": -0.013299713240383664,
      "rev_growth_yoy_accel": -0.0519377749332004,
      "op_leverage_ratio": Infinity,
      "fcf_margin_change": 0.36956435063163007
    },
    {
      "date": "2025-09-30T00:00:00",
      "quarter_label": "2025-09 (Q3)",
      "revenue": 22657000,
      "gross_profit": 13896000,
      "operating_income": 1538000,
      "net_income": 1711000,
      "opex": 12358000,
      "cogs": 8761000,
      "rd": 146000,
      "sga": 12212000,
      "fcf": 2783000,
      "ocf": 2783000,
      "capex": null,
      "gross_margin": 0.6133203866354769,
      "op_margin": 0.0678818908063733,
      "fcf_margin": 0.12283179591296288,
      "incr_op_margin_yoy": 1.552436440677966,
      "rev_growth_yoy": 0.09090471375607877,
      "rev_growth_yoy_accel": 0.10420442699646243,
      "op_leverage_ratio": 11.807027967272493,
      "fcf_margin_change": -0.21765024046525028
    }
  ],
  "signals": [
    {
      "quarter": "2025-09 (Q3)",
      "signal": "OPERATING LEVERAGE",
      "detail": "Rev growth +13.5% vs OpEx growth +1.1% (leverage: 11.8x)",
      "severity": "MEDIUM"
    },
    {
      "quarter": "2025-09 (Q3)",
      "signal": "YoY REVENUE GROWTH ACCELERATION",
      "detail": "YoY growth: +9.1% vs prior quarter YoY: -1.3% (accel: +10.4%)",
      "severity": "MEDIUM"
    },
    {
      "quarter": "2025-09 (Q3)",
      "signal": "OP MARGIN TURNED POSITIVE (YoY)",
      "detail": "Op margin: -6.7% (year-ago) -> +6.8%",
      "severity": "HIGH"
    },
    {
      "quarter": "2025-09 (Q3)",
      "signal": "OP MARGIN TURNED POSITIVE (QoQ)",
      "detail": "Op margin: -2.1% -> +6.8%",
      "severity": "HIGH"
    },
    {
      "quarter": "2025-06 (Q2)",
      "signal": "FCF TURNED POSITIVE",
      "detail": "FCF margin: -2.9% -> +34.0%",
      "severity": "HIGH"
    },
    {
      "quarter": "2025-06 (Q2)",
      "signal": "YoY REVENUE GROWTH DECELERATION",
      "detail": "YoY growth: -1.3% vs prior quarter YoY: +3.9% (decel: -5.2%)",
      "severity": "WARNING"
    },
    {
      "quarter": "2025-03 (Q1)",
      "signal": "YoY REVENUE GROWTH DECELERATION",
      "detail": "YoY growth: +3.9% vs prior quarter YoY: +23.4% (decel: -19.5%)",
      "severity": "WARNING"
    },
    {
      "quarter": "2024-12 (Q4)",
      "signal": "OPERATING LEVERAGE",
      "detail": "Rev growth +30.2% vs OpEx growth +14.6% (leverage: 2.1x)",
      "severity": "MEDIUM"
    },
    {
      "quarter": "2024-12 (Q4)",
      "signal": "GROSS MARGIN INFLECTION",
      "detail": "GM: +60.1% -> +56.6% -> +63.7% (reversal +7.1%)",
      "severity": "HIGH"
    },
    {
      "quarter": "2024-12 (Q4)",
      "signal": "YoY REVENUE GROWTH ACCELERATION",
      "detail": "YoY growth: +23.4% vs prior quarter YoY: +6.8% (accel: +16.6%)",
      "severity": "HIGH"
    },
    {
      "quarter": "2024-12 (Q4)",
      "signal": "INCREMENTAL MARGIN (YoY)",
      "detail": "YoY Incr OPM: +23.1% vs year-ago OPM: +4.4%",
      "severity": "MEDIUM"
    },
    {
      "quarter": "2024-12 (Q4)",
      "signal": "OP MARGIN TURNED POSITIVE (QoQ)",
      "detail": "Op margin: -6.7% -> +8.0%",
      "severity": "HIGH"
    },
    {
      "quarter": "2024-09 (Q3)",
      "signal": "YoY REVENUE GROWTH ACCELERATION",
      "detail": "YoY growth: +6.8% vs prior quarter YoY: -1.0% (accel: +7.8%)",
      "severity": "MEDIUM"
    },
    {
      "quarter": "2024-06 (Q2)",
      "signal": "FCF TURNED POSITIVE",
      "detail": "FCF margin: -5.7% -> +13.8%",
      "severity": "HIGH"
    },
    {
      "quarter": "2024-06 (Q2)",
      "signal": "OP MARGIN TURNED POSITIVE (QoQ)",
      "detail": "Op margin: -7.8% -> +4.9%",
      "severity": "HIGH"
    },
    {
      "quarter": "2023-12 (Q4)",
      "signal": "GROSS MARGIN INFLECTION",
      "detail": "GM: +62.6% -> +61.9% -> +64.1% (reversal +2.2%)",
      "severity": "MEDIUM"
    },
    {
      "quarter": "2023-12 (Q4)",
      "signal": "INCREMENTAL MARGIN (YoY)",
      "detail": "YoY Incr OPM: +156.3% vs year-ago OPM: +14.5%",
      "severity": "HIGH"
    },
    {
      "quarter": "2023-09 (Q3)",
      "signal": "YoY REVENUE GROWTH DECELERATION",
      "detail": "YoY growth: -2.9% vs prior quarter YoY: +4.8% (decel: -7.7%)",
      "severity": "WARNING"
    },
    {
      "quarter": "2023-06 (Q2)",
      "signal": "FCF TURNED POSITIVE",
      "detail": "FCF margin: -10.1% -> +38.9%",
      "severity": "HIGH"
    },
    {
      "quarter": "2023-06 (Q2)",
      "signal": "YoY REVENUE GROWTH DECELERATION",
      "detail": "YoY growth: +4.8% vs prior quarter YoY: +13.0% (decel: -8.2%)",
      "severity": "WARNING"
    },
    {
      "quarter": "2023-03 (Q1)",
      "signal": "YoY REVENUE GROWTH ACCELERATION",
      "detail": "YoY growth: +13.0% vs prior quarter YoY: -4.2% (accel: +17.2%)",
      "severity": "HIGH"
    },
    {
      "quarter": "2023-03 (Q1)",
      "signal": "OP MARGIN TURNED POSITIVE (YoY)",
      "detail": "Op margin: -2.1% (year-ago) -> +2.1%",
      "severity": "HIGH"
    },
    {
      "quarter": "2022-12 (Q4)",
      "signal": "YoY REVENUE GROWTH DECELERATION",
      "detail": "YoY growth: -4.2% vs prior quarter YoY: +8.7% (decel: -12.9%)",
      "severity": "WARNING"
    },
    {
      "quarter": "2022-09 (Q3)",
      "signal": "YoY REVENUE GROWTH DECELERATION",
      "detail": "YoY growth: +8.7% vs prior quarter YoY: +20.9% (decel: -12.2%)",
      "severity": "WARNING"
    },
    {
      "quarter": "2022-09 (Q3)",
      "signal": "INCREMENTAL MARGIN (YoY)",
      "detail": "YoY Incr OPM: +111.6% vs year-ago OPM: +3.5%",
      "severity": "HIGH"
    },
    {
      "quarter": "2022-06 (Q2)",
      "signal": "FCF TURNED POSITIVE",
      "detail": "FCF margin: -3.7% -> +52.3%",
      "severity": "HIGH"
    },
    {
      "quarter": "2022-06 (Q2)",
      "signal": "YoY REVENUE GROWTH ACCELERATION",
      "detail": "YoY growth: +20.9% vs prior quarter YoY: +3.0% (accel: +17.9%)",
      "severity": "HIGH"
    },
    {
      "quarter": "2022-06 (Q2)",
      "signal": "OP MARGIN TURNED POSITIVE (YoY)",
      "detail": "Op margin: -4.5% (year-ago) -> +8.0%",
      "severity": "HIGH"
    },
    {
      "quarter": "2022-06 (Q2)",
      "signal": "OP MARGIN TURNED POSITIVE (QoQ)",
      "detail": "Op margin: -2.1% -> +8.0%",
      "severity": "HIGH"
    },
    {
      "quarter": "2022-03 (Q1)",
      "signal": "YoY REVENUE GROWTH DECELERATION",
      "detail": "YoY growth: +3.0% vs prior quarter YoY: +31.1% (decel: -28.1%)",
      "severity": "WARNING"
    },
    {
      "quarter": "2021-12 (Q4)",
      "signal": "FCF TURNED POSITIVE",
      "detail": "FCF margin: -0.8% -> +9.7%",
      "severity": "HIGH"
    },
    {
      "quarter": "2021-12 (Q4)",
      "signal": "INCREMENTAL MARGIN (YoY)",
      "detail": "YoY Incr OPM: +36.9% vs year-ago OPM: +7.0%",
      "severity": "HIGH"
    },
    {
      "quarter": "2021-09 (Q3)",
      "signal": "OPERATING LEVERAGE",
      "detail": "Rev growth +14.2% vs OpEx growth +2.8% (leverage: 5.1x)",
      "severity": "MEDIUM"
    },
    {
      "quarter": "2021-09 (Q3)",
      "signal": "OP MARGIN TURNED POSITIVE (QoQ)",
      "detail": "Op margin: -4.5% -> +3.5%",
      "severity": "HIGH"
    },
    {
      "quarter": "2021-03 (Q1)",
      "signal": "FCF MARGIN EXPANSION",
      "detail": "FCF margin: +4.5% -> +32.8% (+28.3%)",
      "severity": "MEDIUM"
    }
  ],
  "data_quality": {
    "n_quarters": 20,
    "coverage": {
      "revenue": [
        20,
        20
      ],
      "gross_profit": [
        20,
        20
      ],
      "op_income": [
        20,
        20
      ],
      "fcf": [
        20,
        20
      ]
    },
    "gaps": [],
    "warnings": []
  },
  "market_cap": null,
  "source": "SEC EDGAR",
  "last_updated": "2026-02-02T23:51:48.733632"
}