{
  "ticker": "VATE",
  "name": "INNOVATE CORP.",
  "quarters": [
    {
      "date": "2020-12-31T00:00:00",
      "quarter_label": "2020-12 (Q4)",
      "revenue": -209300000,
      "gross_profit": 37200000,
      "operating_income": 19900000,
      "net_income": -4700000,
      "opex": -229200000,
      "cogs": -298400000,
      "rd": null,
      "sga": 35500000,
      "fcf": -39500000,
      "ocf": -36300000,
      "capex": -3200000,
      "gross_margin": -0.17773530817009078,
      "op_margin": -0.09507883420926899,
      "fcf_margin": 0.18872431915910176
    },
    {
      "date": "2021-03-31T00:00:00",
      "quarter_label": "2021-03 (Q1)",
      "revenue": 171800000,
      "gross_profit": 30500000,
      "operating_income": -10900000,
      "net_income": 12600000,
      "opex": 41400000,
      "cogs": 141300000,
      "rd": null,
      "sga": 37100000,
      "fcf": -5700000,
      "ocf": -2500000,
      "capex": -3200000,
      "gross_margin": 0.17753201396973226,
      "op_margin": -0.06344586728754366,
      "fcf_margin": -0.03317811408614668,
      "fcf_margin_change": -0.22190243324524844
    },
    {
      "date": "2021-06-30T00:00:00",
      "quarter_label": "2021-06 (Q2)",
      "revenue": 243800000,
      "gross_profit": 36400000,
      "operating_income": -7700000,
      "net_income": -23500000,
      "opex": 44100000,
      "cogs": 207400000,
      "rd": null,
      "sga": 39500000,
      "fcf": -2700000,
      "ocf": 2100000,
      "capex": -4800000,
      "gross_margin": 0.14930270713699753,
      "op_margin": -0.03158326497128794,
      "fcf_margin": -0.011074651353568499,
      "op_leverage_ratio": 6.4260768335273575,
      "fcf_margin_change": 0.022103462732578183
    },
    {
      "date": "2021-09-30T00:00:00",
      "quarter_label": "2021-09 (Q3)",
      "revenue": 394800000,
      "gross_profit": 55100000,
      "operating_income": 1100000,
      "net_income": -211900000,
      "opex": 54000000,
      "cogs": 339700000,
      "rd": null,
      "sga": 44300000,
      "fcf": -21200000,
      "ocf": -14200000,
      "capex": -7000000,
      "gross_margin": 0.13956433637284701,
      "op_margin": 0.002786220871327254,
      "fcf_margin": -0.05369807497467072,
      "op_leverage_ratio": 2.7589678574092025,
      "fcf_margin_change": -0.04262342362110222
    },
    {
      "date": "2021-12-31T00:00:00",
      "quarter_label": "2021-12 (Q4)",
      "revenue": 394800000,
      "gross_profit": 61700000,
      "operating_income": 6900000,
      "net_income": -4700000,
      "opex": 54800000,
      "cogs": 333100000,
      "rd": null,
      "sga": 47400000,
      "fcf": 32500000,
      "ocf": 41600000,
      "capex": -9100000,
      "gross_margin": 0.15628166160081053,
      "op_margin": 0.017477203647416412,
      "fcf_margin": 0.08232016210739615,
      "incr_op_margin_yoy": -0.02151961595762291,
      "fcf_margin_change": 0.13601823708206687
    },
    {
      "date": "2022-03-31T00:00:00",
      "quarter_label": "2022-03 (Q1)",
      "revenue": 412800000,
      "gross_profit": 49800000,
      "operating_income": 700000,
      "net_income": -12400000,
      "opex": 49100000,
      "cogs": 363000000,
      "rd": null,
      "sga": 42600000,
      "fcf": -68000000,
      "ocf": -63400000,
      "capex": -4600000,
      "gross_margin": 0.12063953488372094,
      "op_margin": 0.001695736434108527,
      "fcf_margin": -0.16472868217054262,
      "incr_op_margin_yoy": 0.048132780082987554,
      "rev_growth_yoy": 1.4027939464493597,
      "op_leverage_ratio": Infinity,
      "fcf_margin_change": -0.24704884427793877
    },
    {
      "date": "2022-06-30T00:00:00",
      "quarter_label": "2022-06 (Q2)",
      "revenue": 392200000,
      "gross_profit": 50300000,
      "operating_income": -400000,
      "net_income": -12400000,
      "opex": 50700000,
      "cogs": 341900000,
      "rd": null,
      "sga": 42100000,
      "fcf": 16500000,
      "ocf": 20700000,
      "capex": -4200000,
      "gross_margin": 0.1282508924018358,
      "op_margin": -0.0010198878123406426,
      "fcf_margin": 0.042070372259051504,
      "incr_op_margin_yoy": 0.04919137466307277,
      "rev_growth_yoy": 0.6086956521739131,
      "rev_growth_yoy_accel": -0.7940982942754466,
      "fcf_margin_change": 0.20679905442959412
    },
    {
      "date": "2022-09-30T00:00:00",
      "quarter_label": "2022-09 (Q3)",
      "revenue": 423000000,
      "gross_profit": 58400000,
      "operating_income": 6600000,
      "net_income": -5400000,
      "opex": 51800000,
      "cogs": 364600000,
      "rd": null,
      "sga": 45600000,
      "fcf": -37000000,
      "ocf": -29500000,
      "capex": -7500000,
      "gross_margin": 0.1380614657210402,
      "op_margin": 0.015602836879432624,
      "fcf_margin": -0.08747044917257683,
      "incr_op_margin_yoy": 0.1950354609929078,
      "rev_growth_yoy": 0.07142857142857142,
      "rev_growth_yoy_accel": -0.5372670807453417,
      "op_leverage_ratio": 3.6195818459969407,
      "fcf_margin_change": -0.12954082143162834
    },
    {
      "date": "2022-12-31T00:00:00",
      "quarter_label": "2022-12 (Q4)",
      "revenue": 409300000,
      "gross_profit": 62900000,
      "operating_income": 6500000,
      "net_income": -5700000,
      "opex": 56400000,
      "cogs": 346400000,
      "rd": null,
      "sga": 49800000,
      "fcf": 58300000,
      "ocf": 62700000,
      "capex": -4400000,
      "gross_margin": 0.15367700952846322,
      "op_margin": 0.01588077204984119,
      "fcf_margin": 0.14243830930857562,
      "incr_op_margin_yoy": -0.027586206896551724,
      "rev_growth_yoy": 0.0367274569402229,
      "rev_growth_yoy_accel": -0.034701114488348526,
      "fcf_margin_change": 0.22990875848115244
    },
    {
      "date": "2023-03-31T00:00:00",
      "quarter_label": "2023-03 (Q1)",
      "revenue": 317900000,
      "gross_profit": 43600000,
      "operating_income": -4000000,
      "net_income": -9000000,
      "opex": 47600000,
      "cogs": 274300000,
      "rd": null,
      "sga": 41700000,
      "fcf": -80700000,
      "ocf": -77000000,
      "capex": -3700000,
      "gross_margin": 0.13715004718464927,
      "op_margin": -0.012582573136206355,
      "fcf_margin": -0.2538534130229632,
      "incr_op_margin_yoy": 0.04952581664910432,
      "rev_growth_yoy": -0.22989341085271317,
      "rev_growth_yoy_accel": -0.2666208677929361,
      "fcf_margin_change": -0.39629172233153886
    },
    {
      "date": "2023-06-30T00:00:00",
      "quarter_label": "2023-06 (Q2)",
      "revenue": 368800000,
      "gross_profit": 52600000,
      "operating_income": 5800000,
      "net_income": -9900000,
      "opex": 46800000,
      "cogs": 316200000,
      "rd": null,
      "sga": 41100000,
      "fcf": 11700000,
      "ocf": 16200000,
      "capex": -4500000,
      "gross_margin": 0.14262472885032537,
      "op_margin": 0.015726681127982648,
      "fcf_margin": 0.03172451193058568,
      "incr_op_margin_yoy": -0.26495726495726496,
      "rev_growth_yoy": -0.05966343702192759,
      "rev_growth_yoy_accel": 0.17022997383078559,
      "op_leverage_ratio": Infinity,
      "fcf_margin_change": 0.2855779249535489
    },
    {
      "date": "2023-09-30T00:00:00",
      "quarter_label": "2023-09 (Q3)",
      "revenue": 375300000,
      "gross_profit": 58700000,
      "operating_income": 10700000,
      "net_income": -7000000,
      "opex": 48000000,
      "cogs": 316600000,
      "rd": null,
      "sga": 43800000,
      "fcf": 20400000,
      "ocf": 26100000,
      "capex": -5700000,
      "gross_margin": 0.156408206767919,
      "op_margin": 0.028510524913402613,
      "fcf_margin": 0.05435651478816946,
      "incr_op_margin_yoy": -0.0859538784067086,
      "rev_growth_yoy": -0.1127659574468085,
      "rev_growth_yoy_accel": -0.053102520424880915,
      "op_leverage_ratio": 0.6873644251626898,
      "fcf_margin_change": 0.02263200285758378
    },
    {
      "date": "2023-12-31T00:00:00",
      "quarter_label": "2023-12 (Q4)",
      "revenue": 361000000,
      "gross_profit": 61100000,
      "operating_income": 14000000,
      "net_income": -9300000,
      "opex": 47100000,
      "cogs": 299900000,
      "rd": null,
      "sga": 41400000,
      "fcf": 56700000,
      "ocf": 61200000,
      "capex": -4500000,
      "gross_margin": 0.16925207756232688,
      "op_margin": 0.038781163434903045,
      "fcf_margin": 0.15706371191135735,
      "incr_op_margin_yoy": -0.15527950310559005,
      "rev_growth_yoy": -0.11800635230881994,
      "rev_growth_yoy_accel": -0.00524039486201143,
      "fcf_margin_change": 0.10270719712318788
    },
    {
      "date": "2024-03-31T00:00:00",
      "quarter_label": "2024-03 (Q1)",
      "revenue": 315200000,
      "gross_profit": 48600000,
      "operating_income": 2800000,
      "net_income": -17400000,
      "opex": 45800000,
      "cogs": 266600000,
      "rd": null,
      "sga": 39500000,
      "fcf": -31000000,
      "ocf": -25400000,
      "capex": -5600000,
      "gross_margin": 0.15418781725888325,
      "op_margin": 0.008883248730964468,
      "fcf_margin": -0.0983502538071066,
      "incr_op_margin_yoy": -2.5185185185185186,
      "rev_growth_yoy": -0.008493236866939289,
      "rev_growth_yoy_accel": 0.10951311544188065,
      "fcf_margin_change": -0.255413965718464
    },
    {
      "date": "2024-06-30T00:00:00",
      "quarter_label": "2024-06 (Q2)",
      "revenue": 313100000,
      "gross_profit": 65600000,
      "operating_income": 28800000,
      "net_income": 14400000,
      "opex": 36800000,
      "cogs": 247500000,
      "rd": null,
      "sga": 42900000,
      "fcf": 18400000,
      "ocf": 21500000,
      "capex": -3100000,
      "gross_margin": 0.209517725966145,
      "op_margin": 0.09198339188757586,
      "fcf_margin": 0.05876716703928457,
      "incr_op_margin_yoy": -0.4129263913824057,
      "rev_growth_yoy": -0.1510303687635575,
      "rev_growth_yoy_accel": -0.1425371318966182,
      "fcf_margin_change": 0.1571174208463912
    },
    {
      "date": "2024-09-30T00:00:00",
      "quarter_label": "2024-09 (Q3)",
      "revenue": 242200000,
      "gross_profit": 48200000,
      "operating_income": 5900000,
      "net_income": -15000000,
      "opex": 42300000,
      "cogs": 194000000,
      "rd": null,
      "sga": 37400000,
      "fcf": -31500000,
      "ocf": -28400000,
      "capex": -3100000,
      "gross_margin": 0.19900908340214699,
      "op_margin": 0.02436003303055326,
      "fcf_margin": -0.13005780346820808,
      "incr_op_margin_yoy": 0.03606311044327573,
      "rev_growth_yoy": -0.35464961364241937,
      "rev_growth_yoy_accel": -0.20361924487886188,
      "fcf_margin_change": -0.18882497050749264
    },
    {
      "date": "2024-12-31T00:00:00",
      "quarter_label": "2024-12 (Q4)",
      "revenue": 236600000,
      "gross_profit": 46400000,
      "operating_income": 2500000,
      "net_income": -16600000,
      "opex": 43900000,
      "cogs": 190200000,
      "rd": null,
      "sga": 40400000,
      "fcf": 34200000,
      "ocf": 41400000,
      "capex": -7200000,
      "gross_margin": 0.19611158072696533,
      "op_margin": 0.010566356720202874,
      "fcf_margin": 0.1445477599323753,
      "incr_op_margin_yoy": 0.09244372990353698,
      "rev_growth_yoy": -0.3445983379501385,
      "rev_growth_yoy_accel": 0.01005127569228087,
      "fcf_margin_change": 0.2746055634005834
    },
    {
      "date": "2025-03-31T00:00:00",
      "quarter_label": "2025-03 (Q1)",
      "revenue": 274200000,
      "gross_profit": 45500000,
      "operating_income": 3400000,
      "net_income": -24500000,
      "opex": 42100000,
      "cogs": 228700000,
      "rd": null,
      "sga": 37800000,
      "fcf": -18800000,
      "ocf": -14100000,
      "capex": -4700000,
      "gross_margin": 0.16593727206418674,
      "op_margin": 0.012399708242159009,
      "fcf_margin": -0.06856309263311451,
      "incr_op_margin_yoy": -0.014634146341463415,
      "rev_growth_yoy": -0.13007614213197968,
      "rev_growth_yoy_accel": 0.21452219581815882,
      "op_leverage_ratio": Infinity,
      "fcf_margin_change": -0.21311085256548984
    },
    {
      "date": "2025-06-30T00:00:00",
      "quarter_label": "2025-06 (Q2)",
      "revenue": 242000000,
      "gross_profit": 45600000,
      "operating_income": 4900000,
      "net_income": -19800000,
      "opex": 40700000,
      "cogs": 196400000,
      "rd": null,
      "sga": 35100000,
      "fcf": 40400000,
      "ocf": 40400000,
      "capex": null,
      "gross_margin": 0.1884297520661157,
      "op_margin": 0.02024793388429752,
      "fcf_margin": 0.1669421487603306,
      "incr_op_margin_yoy": 0.3361462728551336,
      "rev_growth_yoy": -0.22708399872245288,
      "rev_growth_yoy_accel": -0.0970078565904732,
      "fcf_margin_change": 0.23550524139344509
    },
    {
      "date": "2025-09-30T00:00:00",
      "quarter_label": "2025-09 (Q3)",
      "revenue": 347100000,
      "gross_profit": 49700000,
      "operating_income": 6100000,
      "net_income": -8900000,
      "opex": 43600000,
      "cogs": 297400000,
      "rd": null,
      "sga": 39600000,
      "fcf": 19200000,
      "ocf": 19200000,
      "capex": null,
      "gross_margin": 0.1431864016133679,
      "op_margin": 0.017574186113511955,
      "fcf_margin": 0.055315471045808126,
      "incr_op_margin_yoy": 0.0019065776930409914,
      "rev_growth_yoy": 0.43311312964492155,
      "rev_growth_yoy_accel": 0.6601971283673744,
      "op_leverage_ratio": 6.09514106583072,
      "fcf_margin_change": -0.11162667771452246
    }
  ],
  "signals": [
    {
      "quarter": "2025-09 (Q3)",
      "signal": "OPERATING LEVERAGE",
      "detail": "Rev growth +43.4% vs OpEx growth +7.1% (leverage: 6.1x)",
      "severity": "MEDIUM"
    },
    {
      "quarter": "2025-09 (Q3)",
      "signal": "YoY REVENUE GROWTH ACCELERATION",
      "detail": "YoY growth: +43.3% vs prior quarter YoY: -22.7% (accel: +66.0%)",
      "severity": "HIGH"
    },
    {
      "quarter": "2025-06 (Q2)",
      "signal": "FCF TURNED POSITIVE",
      "detail": "FCF margin: -6.9% -> +16.7%",
      "severity": "HIGH"
    },
    {
      "quarter": "2025-06 (Q2)",
      "signal": "GROSS MARGIN INFLECTION",
      "detail": "GM: +19.6% -> +16.6% -> +18.8% (reversal +2.2%)",
      "severity": "MEDIUM"
    },
    {
      "quarter": "2025-06 (Q2)",
      "signal": "YoY REVENUE GROWTH DECELERATION",
      "detail": "YoY growth: -22.7% vs prior quarter YoY: -13.0% (decel: -9.7%)",
      "severity": "WARNING"
    },
    {
      "quarter": "2025-06 (Q2)",
      "signal": "INCREMENTAL MARGIN (YoY)",
      "detail": "YoY Incr OPM: +33.6% vs year-ago OPM: +9.2%",
      "severity": "HIGH"
    },
    {
      "quarter": "2025-03 (Q1)",
      "signal": "YoY REVENUE GROWTH ACCELERATION",
      "detail": "YoY growth: -13.0% vs prior quarter YoY: -34.5% (accel: +21.5%)",
      "severity": "HIGH"
    },
    {
      "quarter": "2024-12 (Q4)",
      "signal": "FCF TURNED POSITIVE",
      "detail": "FCF margin: -13.0% -> +14.5%",
      "severity": "HIGH"
    },
    {
      "quarter": "2024-09 (Q3)",
      "signal": "YoY REVENUE GROWTH DECELERATION",
      "detail": "YoY growth: -35.5% vs prior quarter YoY: -15.1% (decel: -20.4%)",
      "severity": "WARNING"
    },
    {
      "quarter": "2024-06 (Q2)",
      "signal": "FCF TURNED POSITIVE",
      "detail": "FCF margin: -9.8% -> +5.9%",
      "severity": "HIGH"
    },
    {
      "quarter": "2024-06 (Q2)",
      "signal": "GROSS MARGIN INFLECTION",
      "detail": "GM: +16.9% -> +15.4% -> +21.0% (reversal +5.5%)",
      "severity": "HIGH"
    },
    {
      "quarter": "2024-06 (Q2)",
      "signal": "YoY REVENUE GROWTH DECELERATION",
      "detail": "YoY growth: -15.1% vs prior quarter YoY: -0.8% (decel: -14.3%)",
      "severity": "WARNING"
    },
    {
      "quarter": "2024-03 (Q1)",
      "signal": "YoY REVENUE GROWTH ACCELERATION",
      "detail": "YoY growth: -0.8% vs prior quarter YoY: -11.8% (accel: +11.0%)",
      "severity": "MEDIUM"
    },
    {
      "quarter": "2024-03 (Q1)",
      "signal": "OP MARGIN TURNED POSITIVE (YoY)",
      "detail": "Op margin: -1.3% (year-ago) -> +0.9%",
      "severity": "HIGH"
    },
    {
      "quarter": "2023-12 (Q4)",
      "signal": "FCF MARGIN EXPANSION",
      "detail": "FCF margin: +5.4% -> +15.7% (+10.3%)",
      "severity": "MEDIUM"
    },
    {
      "quarter": "2023-09 (Q3)",
      "signal": "YoY REVENUE GROWTH DECELERATION",
      "detail": "YoY growth: -11.3% vs prior quarter YoY: -6.0% (decel: -5.3%)",
      "severity": "WARNING"
    },
    {
      "quarter": "2023-06 (Q2)",
      "signal": "FCF TURNED POSITIVE",
      "detail": "FCF margin: -25.4% -> +3.2%",
      "severity": "HIGH"
    },
    {
      "quarter": "2023-06 (Q2)",
      "signal": "YoY REVENUE GROWTH ACCELERATION",
      "detail": "YoY growth: -6.0% vs prior quarter YoY: -23.0% (accel: +17.0%)",
      "severity": "HIGH"
    },
    {
      "quarter": "2023-06 (Q2)",
      "signal": "OP MARGIN TURNED POSITIVE (YoY)",
      "detail": "Op margin: -0.1% (year-ago) -> +1.6%",
      "severity": "HIGH"
    },
    {
      "quarter": "2023-06 (Q2)",
      "signal": "OP MARGIN TURNED POSITIVE (QoQ)",
      "detail": "Op margin: -1.3% -> +1.6%",
      "severity": "HIGH"
    },
    {
      "quarter": "2023-03 (Q1)",
      "signal": "YoY REVENUE GROWTH DECELERATION",
      "detail": "YoY growth: -23.0% vs prior quarter YoY: +3.7% (decel: -26.7%)",
      "severity": "WARNING"
    },
    {
      "quarter": "2022-12 (Q4)",
      "signal": "FCF TURNED POSITIVE",
      "detail": "FCF margin: -8.7% -> +14.2%",
      "severity": "HIGH"
    },
    {
      "quarter": "2022-09 (Q3)",
      "signal": "OPERATING LEVERAGE",
      "detail": "Rev growth +7.9% vs OpEx growth +2.2% (leverage: 3.6x)",
      "severity": "MEDIUM"
    },
    {
      "quarter": "2022-09 (Q3)",
      "signal": "YoY REVENUE GROWTH DECELERATION",
      "detail": "YoY growth: +7.1% vs prior quarter YoY: +60.9% (decel: -53.7%)",
      "severity": "WARNING"
    },
    {
      "quarter": "2022-09 (Q3)",
      "signal": "INCREMENTAL MARGIN (YoY)",
      "detail": "YoY Incr OPM: +19.5% vs year-ago OPM: +0.3%",
      "severity": "MEDIUM"
    },
    {
      "quarter": "2022-09 (Q3)",
      "signal": "OP MARGIN TURNED POSITIVE (QoQ)",
      "detail": "Op margin: -0.1% -> +1.6%",
      "severity": "HIGH"
    },
    {
      "quarter": "2022-06 (Q2)",
      "signal": "FCF TURNED POSITIVE",
      "detail": "FCF margin: -16.5% -> +4.2%",
      "severity": "HIGH"
    },
    {
      "quarter": "2022-06 (Q2)",
      "signal": "YoY REVENUE GROWTH DECELERATION",
      "detail": "YoY growth: +60.9% vs prior quarter YoY: +140.3% (decel: -79.4%)",
      "severity": "WARNING"
    },
    {
      "quarter": "2022-03 (Q1)",
      "signal": "OP MARGIN TURNED POSITIVE (YoY)",
      "detail": "Op margin: -6.3% (year-ago) -> +0.2%",
      "severity": "HIGH"
    },
    {
      "quarter": "2021-12 (Q4)",
      "signal": "FCF TURNED POSITIVE",
      "detail": "FCF margin: -5.4% -> +8.2%",
      "severity": "HIGH"
    },
    {
      "quarter": "2021-12 (Q4)",
      "signal": "OP MARGIN TURNED POSITIVE (YoY)",
      "detail": "Op margin: -9.5% (year-ago) -> +1.7%",
      "severity": "HIGH"
    },
    {
      "quarter": "2021-09 (Q3)",
      "signal": "OPERATING LEVERAGE",
      "detail": "Rev growth +61.9% vs OpEx growth +22.4% (leverage: 2.8x)",
      "severity": "MEDIUM"
    },
    {
      "quarter": "2021-09 (Q3)",
      "signal": "OP MARGIN TURNED POSITIVE (QoQ)",
      "detail": "Op margin: -3.2% -> +0.3%",
      "severity": "HIGH"
    },
    {
      "quarter": "2021-06 (Q2)",
      "signal": "OPERATING LEVERAGE",
      "detail": "Rev growth +41.9% vs OpEx growth +6.5% (leverage: 6.4x)",
      "severity": "MEDIUM"
    }
  ],
  "data_quality": {
    "n_quarters": 20,
    "coverage": {
      "revenue": [
        20,
        20
      ],
      "gross_profit": [
        20,
        20
      ],
      "op_income": [
        20,
        20
      ],
      "fcf": [
        20,
        20
      ]
    },
    "gaps": [],
    "warnings": []
  },
  "market_cap": null,
  "source": "SEC EDGAR",
  "last_updated": "2026-02-02T23:29:54.854238"
}