{
  "ticker": "VCEL",
  "name": "Vericel Corporation",
  "quarters": [
    {
      "date": "2020-12-31T00:00:00",
      "quarter_label": "2020-12 (Q4)",
      "revenue": 45229000,
      "gross_profit": 33647000,
      "operating_income": 12289000,
      "net_income": 12220000,
      "opex": 21358000,
      "cogs": 11582000,
      "rd": 3118000,
      "sga": 18240000,
      "fcf": 10267000,
      "ocf": 11337000,
      "capex": -1070000,
      "gross_margin": 0.7439253576245329,
      "op_margin": 0.2717062061951403,
      "fcf_margin": 0.22700037586504235
    },
    {
      "date": "2021-03-31T00:00:00",
      "quarter_label": "2021-03 (Q1)",
      "revenue": 34568000,
      "gross_profit": 22985000,
      "operating_income": -3305000,
      "net_income": -3289000,
      "opex": 26290000,
      "cogs": 11583000,
      "rd": 3630000,
      "sga": 22660000,
      "fcf": 7743000,
      "ocf": 10086000,
      "capex": -2343000,
      "gross_margin": 0.6649213145105299,
      "op_margin": -0.0956086554038417,
      "fcf_margin": 0.22399328859060402,
      "fcf_margin_change": -0.003007087274438325
    },
    {
      "date": "2021-06-30T00:00:00",
      "quarter_label": "2021-06 (Q2)",
      "revenue": 39519000,
      "gross_profit": 26910000,
      "operating_income": -3729000,
      "net_income": -3786000,
      "opex": 30639000,
      "cogs": 12609000,
      "rd": 4449000,
      "sga": 26190000,
      "fcf": 2651000,
      "ocf": 4769000,
      "capex": -2118000,
      "gross_margin": 0.6809382828512868,
      "op_margin": -0.09435967509299324,
      "fcf_margin": 0.06708165692451733,
      "op_leverage_ratio": 0.8658045254187294,
      "fcf_margin_change": -0.15691163166608668
    },
    {
      "date": "2021-09-30T00:00:00",
      "quarter_label": "2021-09 (Q3)",
      "revenue": 34506000,
      "gross_profit": 22098000,
      "operating_income": -4961000,
      "net_income": -4931000,
      "opex": 27059000,
      "cogs": 12408000,
      "rd": 4284000,
      "sga": 22775000,
      "fcf": 1171000,
      "ocf": 3634000,
      "capex": -2463000,
      "gross_margin": 0.6404103634150583,
      "op_margin": -0.1437720976062134,
      "fcf_margin": 0.03393612705036805,
      "fcf_margin_change": -0.033145529874149274
    },
    {
      "date": "2021-12-31T00:00:00",
      "quarter_label": "2021-12 (Q4)",
      "revenue": 47591000,
      "gross_profit": 34032000,
      "operating_income": 4141000,
      "net_income": 4535000,
      "opex": 29891000,
      "cogs": 13559000,
      "rd": 3924000,
      "sga": 25967000,
      "fcf": 9560000,
      "ocf": 10551000,
      "capex": -991000,
      "gross_margin": 0.7150931898888445,
      "op_margin": 0.08701225021537685,
      "fcf_margin": 0.20087831732890674,
      "incr_op_margin_yoy": -3.449618966977138,
      "rev_growth_yoy": 0.05222313117689978,
      "op_leverage_ratio": 3.6232441745986366,
      "fcf_margin_change": 0.16694219027853868
    },
    {
      "date": "2022-03-31T00:00:00",
      "quarter_label": "2022-03 (Q1)",
      "revenue": 36074000,
      "gross_profit": 23452000,
      "operating_income": -7273000,
      "net_income": -7091000,
      "opex": 30725000,
      "cogs": 12622000,
      "rd": 4860000,
      "sga": 25865000,
      "fcf": 387000,
      "ocf": 3468000,
      "capex": -3081000,
      "gross_margin": 0.6501081111049509,
      "op_margin": -0.20161335033542163,
      "fcf_margin": 0.010727948106669624,
      "incr_op_margin_yoy": -2.634794156706507,
      "rev_growth_yoy": 0.04356630409627401,
      "rev_growth_yoy_accel": -0.008656827080625769,
      "fcf_margin_change": -0.1901503692222371
    },
    {
      "date": "2022-06-30T00:00:00",
      "quarter_label": "2022-06 (Q2)",
      "revenue": 37046000,
      "gross_profit": 22854000,
      "operating_income": -9082000,
      "net_income": -8963000,
      "opex": 31936000,
      "cogs": 14192000,
      "rd": 4792000,
      "sga": 27144000,
      "fcf": 1162000,
      "ocf": 3143000,
      "capex": -1981000,
      "gross_margin": 0.6169087080926415,
      "op_margin": -0.24515467256923826,
      "fcf_margin": 0.0313664093289424,
      "incr_op_margin_yoy": 2.1645774363121713,
      "rev_growth_yoy": -0.0625774943697968,
      "rev_growth_yoy_accel": -0.1061437984660708,
      "op_leverage_ratio": 0.6836277956400019,
      "fcf_margin_change": 0.020638461222272773
    },
    {
      "date": "2022-09-30T00:00:00",
      "quarter_label": "2022-09 (Q3)",
      "revenue": 38551000,
      "gross_profit": 25233000,
      "operating_income": -6788000,
      "net_income": -6577000,
      "opex": 32021000,
      "cogs": 13318000,
      "rd": 5046000,
      "sga": 26975000,
      "fcf": 2692000,
      "ocf": 4101000,
      "capex": -1409000,
      "gross_margin": 0.654535550309979,
      "op_margin": -0.1760784415449664,
      "fcf_margin": 0.06982957640528131,
      "incr_op_margin_yoy": -0.45166872682323855,
      "rev_growth_yoy": 0.11722598968295368,
      "rev_growth_yoy_accel": 0.17980348405275048,
      "op_leverage_ratio": 15.26359279877799,
      "fcf_margin_change": 0.038463167076338914
    },
    {
      "date": "2022-12-31T00:00:00",
      "quarter_label": "2022-12 (Q4)",
      "revenue": 52694000,
      "gross_profit": 38249000,
      "operating_income": 6085000,
      "net_income": 5922000,
      "opex": 32164000,
      "cogs": 14445000,
      "rd": 5245000,
      "sga": 26919000,
      "fcf": 5850000,
      "ocf": 6975000,
      "capex": -1125000,
      "gross_margin": 0.7258701180400046,
      "op_margin": 0.11547804304095342,
      "fcf_margin": 0.11101833225794208,
      "incr_op_margin_yoy": 0.38095238095238093,
      "rev_growth_yoy": 0.10722615620600534,
      "rev_growth_yoy_accel": -0.009999833476948342,
      "op_leverage_ratio": 82.14946634129016,
      "fcf_margin_change": 0.04118875585266077
    },
    {
      "date": "2023-03-31T00:00:00",
      "quarter_label": "2023-03 (Q1)",
      "revenue": 41017000,
      "gross_profit": 26520000,
      "operating_income": -8177000,
      "net_income": -7495000,
      "opex": 34697000,
      "cogs": 14497000,
      "rd": 5212000,
      "sga": 29485000,
      "fcf": 6447000,
      "ocf": 7860000,
      "capex": -1413000,
      "gross_margin": 0.646561181948948,
      "op_margin": -0.19935636443425897,
      "fcf_margin": 0.15717873077016847,
      "incr_op_margin_yoy": -0.1828848877200081,
      "rev_growth_yoy": 0.13702389532627376,
      "rev_growth_yoy_accel": 0.029797739120268424,
      "fcf_margin_change": 0.04616039851222639
    },
    {
      "date": "2023-06-30T00:00:00",
      "quarter_label": "2023-06 (Q2)",
      "revenue": 45922000,
      "gross_profit": 29941000,
      "operating_income": -5961000,
      "net_income": -5020000,
      "opex": 35902000,
      "cogs": 15981000,
      "rd": 5253000,
      "sga": 30649000,
      "fcf": 6000000,
      "ocf": 10196000,
      "capex": -4196000,
      "gross_margin": 0.6519968642480728,
      "op_margin": -0.12980706415225818,
      "fcf_margin": 0.13065633029920298,
      "incr_op_margin_yoy": 0.35162235241099593,
      "rev_growth_yoy": 0.23959401824758408,
      "rev_growth_yoy_accel": 0.10257012292131032,
      "op_leverage_ratio": 3.4433407178503153,
      "fcf_margin_change": -0.02652240047096549
    },
    {
      "date": "2023-09-30T00:00:00",
      "quarter_label": "2023-09 (Q3)",
      "revenue": 45581000,
      "gross_profit": 30608000,
      "operating_income": -5057000,
      "net_income": -3660000,
      "opex": 35665000,
      "cogs": 14973000,
      "rd": 5676000,
      "sga": 29989000,
      "fcf": 600000,
      "ocf": 7169000,
      "capex": -6569000,
      "gross_margin": 0.6715078651192383,
      "op_margin": -0.11094535003619929,
      "fcf_margin": 0.013163379478291394,
      "incr_op_margin_yoy": 0.24623044096728308,
      "rev_growth_yoy": 0.18235584031542632,
      "rev_growth_yoy_accel": -0.05723817793215777,
      "fcf_margin_change": -0.11749295082091159
    },
    {
      "date": "2023-12-31T00:00:00",
      "quarter_label": "2023-12 (Q4)",
      "revenue": 64996000,
      "gross_profit": 48507000,
      "operating_income": 12731000,
      "net_income": 12993000,
      "opex": 35776000,
      "cogs": 16489000,
      "rd": 4901000,
      "sga": 30875000,
      "fcf": 2251000,
      "ocf": 10086000,
      "capex": -7835000,
      "gross_margin": 0.7463074650747739,
      "op_margin": 0.19587359222105977,
      "fcf_margin": 0.03463290048618377,
      "incr_op_margin_yoy": 0.5402373597788978,
      "rev_growth_yoy": 0.23346111511747067,
      "rev_growth_yoy_accel": 0.051105274802044354,
      "op_leverage_ratio": 136.85882137155693,
      "fcf_margin_change": 0.021469521007892373
    },
    {
      "date": "2024-03-31T00:00:00",
      "quarter_label": "2024-03 (Q1)",
      "revenue": 51281000,
      "gross_profit": 35354000,
      "operating_income": -5464000,
      "net_income": -3862000,
      "opex": 40818000,
      "cogs": 15927000,
      "rd": 6418000,
      "sga": 34400000,
      "fcf": -6815000,
      "ocf": 7202000,
      "capex": -14017000,
      "gross_margin": 0.6894171330512275,
      "op_margin": -0.10655018427877772,
      "fcf_margin": -0.13289522435209922,
      "incr_op_margin_yoy": 0.2643219017926734,
      "rev_growth_yoy": 0.250237706316893,
      "rev_growth_yoy_accel": 0.016776591199422347,
      "fcf_margin_change": -0.167528124838283
    },
    {
      "date": "2024-06-30T00:00:00",
      "quarter_label": "2024-06 (Q2)",
      "revenue": 52662000,
      "gross_profit": 36601000,
      "operating_income": -6031000,
      "net_income": -4682000,
      "opex": 42632000,
      "cogs": 16061000,
      "rd": 7363000,
      "sga": 35269000,
      "fcf": 1774000,
      "ocf": 18535000,
      "capex": -16761000,
      "gross_margin": 0.695017280012153,
      "op_margin": -0.11452280581823705,
      "fcf_margin": 0.033686529186130416,
      "incr_op_margin_yoy": -0.010385756676557863,
      "rev_growth_yoy": 0.1467706110361047,
      "rev_growth_yoy_accel": -0.10346709528078832,
      "op_leverage_ratio": 0.605970708507573,
      "fcf_margin_change": 0.16658175353822963
    },
    {
      "date": "2024-09-30T00:00:00",
      "quarter_label": "2024-09 (Q3)",
      "revenue": 57905000,
      "gross_profit": 41653000,
      "operating_income": -2465000,
      "net_income": -901000,
      "opex": 44118000,
      "cogs": 16252000,
      "rd": 6093000,
      "sga": 38025000,
      "fcf": -9225000,
      "ocf": 10184000,
      "capex": -19409000,
      "gross_margin": 0.7193333908988861,
      "op_margin": -0.04256972627579656,
      "fcf_margin": -0.15931266729988774,
      "incr_op_margin_yoy": 0.2103213242453749,
      "rev_growth_yoy": 0.2703758144841052,
      "rev_growth_yoy_accel": 0.1236052034480005,
      "op_leverage_ratio": 2.856270975779768,
      "fcf_margin_change": -0.19299919648601815
    },
    {
      "date": "2024-12-31T00:00:00",
      "quarter_label": "2024-12 (Q4)",
      "revenue": 75376000,
      "gross_profit": 58499000,
      "operating_income": 18479000,
      "net_income": 19807000,
      "opex": 40020000,
      "cogs": 16877000,
      "rd": 4923000,
      "sga": 35097000,
      "fcf": 8455000,
      "ocf": 22242000,
      "capex": -13787000,
      "gross_margin": 0.7760958395245171,
      "op_margin": 0.2451576098492889,
      "fcf_margin": 0.11217098280619826,
      "incr_op_margin_yoy": 0.553757225433526,
      "rev_growth_yoy": 0.15970213551603177,
      "rev_growth_yoy_accel": -0.11067367896807342,
      "op_leverage_ratio": Infinity,
      "fcf_margin_change": 0.271483650106086
    },
    {
      "date": "2025-03-31T00:00:00",
      "quarter_label": "2025-03 (Q1)",
      "revenue": 52598000,
      "gross_profit": 36273000,
      "operating_income": -12792000,
      "net_income": -11246000,
      "opex": 49065000,
      "cogs": 16325000,
      "rd": 7261000,
      "sga": 41804000,
      "fcf": -7612000,
      "ocf": 6600000,
      "capex": -14212000,
      "gross_margin": 0.6896269820145252,
      "op_margin": -0.24320316361838853,
      "fcf_margin": -0.14472033157154265,
      "incr_op_margin_yoy": -5.564160971905847,
      "rev_growth_yoy": 0.02568202648154287,
      "rev_growth_yoy_accel": -0.1340201090344889,
      "fcf_margin_change": -0.25689131437774093
    },
    {
      "date": "2025-06-30T00:00:00",
      "quarter_label": "2025-06 (Q2)",
      "revenue": 63240000,
      "gross_profit": 46613000,
      "operating_income": -2029000,
      "net_income": -553000,
      "opex": 48642000,
      "cogs": 16627000,
      "rd": 6731000,
      "sga": 41911000,
      "fcf": 81000,
      "ocf": 8214000,
      "capex": -8133000,
      "gross_margin": 0.7370809614168248,
      "op_margin": -0.03208412397216951,
      "fcf_margin": 0.0012808349146110056,
      "incr_op_margin_yoy": 0.37833238797504254,
      "rev_growth_yoy": 0.20086589951008318,
      "rev_growth_yoy_accel": 0.17518387302854033,
      "op_leverage_ratio": Infinity,
      "fcf_margin_change": 0.14600116648615366
    },
    {
      "date": "2025-09-30T00:00:00",
      "quarter_label": "2025-09 (Q3)",
      "revenue": 67503000,
      "gross_profit": 49585000,
      "operating_income": 3450000,
      "net_income": 5074000,
      "opex": 46135000,
      "cogs": 17918000,
      "rd": 6318000,
      "sga": 39817000,
      "fcf": 19452000,
      "ocf": 22082000,
      "capex": -2630000,
      "gross_margin": 0.7345599454839045,
      "op_margin": 0.05110883960712857,
      "fcf_margin": 0.28816497044575795,
      "incr_op_margin_yoy": 0.6162742237966243,
      "rev_growth_yoy": 0.16575425265521113,
      "rev_growth_yoy_accel": -0.03511164685487206,
      "op_leverage_ratio": Infinity,
      "fcf_margin_change": 0.28688413553114694
    }
  ],
  "signals": [
    {
      "quarter": "2025-09 (Q3)",
      "signal": "FCF MARGIN EXPANSION",
      "detail": "FCF margin: +0.1% -> +28.8% (+28.7%)",
      "severity": "MEDIUM"
    },
    {
      "quarter": "2025-09 (Q3)",
      "signal": "OP MARGIN TURNED POSITIVE (YoY)",
      "detail": "Op margin: -4.3% (year-ago) -> +5.1%",
      "severity": "HIGH"
    },
    {
      "quarter": "2025-09 (Q3)",
      "signal": "OP MARGIN TURNED POSITIVE (QoQ)",
      "detail": "Op margin: -3.2% -> +5.1%",
      "severity": "HIGH"
    },
    {
      "quarter": "2025-06 (Q2)",
      "signal": "FCF TURNED POSITIVE",
      "detail": "FCF margin: -14.5% -> +0.1%",
      "severity": "HIGH"
    },
    {
      "quarter": "2025-06 (Q2)",
      "signal": "GROSS MARGIN INFLECTION",
      "detail": "GM: +77.6% -> +69.0% -> +73.7% (reversal +4.7%)",
      "severity": "MEDIUM"
    },
    {
      "quarter": "2025-06 (Q2)",
      "signal": "YoY REVENUE GROWTH ACCELERATION",
      "detail": "YoY growth: +20.1% vs prior quarter YoY: +2.6% (accel: +17.5%)",
      "severity": "HIGH"
    },
    {
      "quarter": "2025-03 (Q1)",
      "signal": "YoY REVENUE GROWTH DECELERATION",
      "detail": "YoY growth: +2.6% vs prior quarter YoY: +16.0% (decel: -13.4%)",
      "severity": "WARNING"
    },
    {
      "quarter": "2024-12 (Q4)",
      "signal": "FCF TURNED POSITIVE",
      "detail": "FCF margin: -15.9% -> +11.2%",
      "severity": "HIGH"
    },
    {
      "quarter": "2024-12 (Q4)",
      "signal": "YoY REVENUE GROWTH DECELERATION",
      "detail": "YoY growth: +16.0% vs prior quarter YoY: +27.0% (decel: -11.1%)",
      "severity": "WARNING"
    },
    {
      "quarter": "2024-12 (Q4)",
      "signal": "INCREMENTAL MARGIN (YoY)",
      "detail": "YoY Incr OPM: +55.4% vs year-ago OPM: +19.6%",
      "severity": "HIGH"
    },
    {
      "quarter": "2024-12 (Q4)",
      "signal": "OP MARGIN TURNED POSITIVE (QoQ)",
      "detail": "Op margin: -4.3% -> +24.5%",
      "severity": "HIGH"
    },
    {
      "quarter": "2024-09 (Q3)",
      "signal": "OPERATING LEVERAGE",
      "detail": "Rev growth +10.0% vs OpEx growth +3.5% (leverage: 2.9x)",
      "severity": "MEDIUM"
    },
    {
      "quarter": "2024-09 (Q3)",
      "signal": "YoY REVENUE GROWTH ACCELERATION",
      "detail": "YoY growth: +27.0% vs prior quarter YoY: +14.7% (accel: +12.4%)",
      "severity": "MEDIUM"
    },
    {
      "quarter": "2024-06 (Q2)",
      "signal": "FCF TURNED POSITIVE",
      "detail": "FCF margin: -13.3% -> +3.4%",
      "severity": "HIGH"
    },
    {
      "quarter": "2024-06 (Q2)",
      "signal": "YoY REVENUE GROWTH DECELERATION",
      "detail": "YoY growth: +14.7% vs prior quarter YoY: +25.0% (decel: -10.3%)",
      "severity": "WARNING"
    },
    {
      "quarter": "2023-12 (Q4)",
      "signal": "OPERATING LEVERAGE",
      "detail": "Rev growth +42.6% vs OpEx growth +0.3% (leverage: 136.9x)",
      "severity": "MEDIUM"
    },
    {
      "quarter": "2023-12 (Q4)",
      "signal": "YoY REVENUE GROWTH ACCELERATION",
      "detail": "YoY growth: +23.3% vs prior quarter YoY: +18.2% (accel: +5.1%)",
      "severity": "MEDIUM"
    },
    {
      "quarter": "2023-12 (Q4)",
      "signal": "INCREMENTAL MARGIN (YoY)",
      "detail": "YoY Incr OPM: +54.0% vs year-ago OPM: +11.5%",
      "severity": "HIGH"
    },
    {
      "quarter": "2023-12 (Q4)",
      "signal": "OP MARGIN TURNED POSITIVE (QoQ)",
      "detail": "Op margin: -11.1% -> +19.6%",
      "severity": "HIGH"
    },
    {
      "quarter": "2023-09 (Q3)",
      "signal": "YoY REVENUE GROWTH DECELERATION",
      "detail": "YoY growth: +18.2% vs prior quarter YoY: +24.0% (decel: -5.7%)",
      "severity": "WARNING"
    },
    {
      "quarter": "2023-06 (Q2)",
      "signal": "OPERATING LEVERAGE",
      "detail": "Rev growth +12.0% vs OpEx growth +3.5% (leverage: 3.4x)",
      "severity": "MEDIUM"
    },
    {
      "quarter": "2023-06 (Q2)",
      "signal": "YoY REVENUE GROWTH ACCELERATION",
      "detail": "YoY growth: +24.0% vs prior quarter YoY: +13.7% (accel: +10.3%)",
      "severity": "MEDIUM"
    },
    {
      "quarter": "2022-12 (Q4)",
      "signal": "OPERATING LEVERAGE",
      "detail": "Rev growth +36.7% vs OpEx growth +0.4% (leverage: 82.1x)",
      "severity": "MEDIUM"
    },
    {
      "quarter": "2022-12 (Q4)",
      "signal": "INCREMENTAL MARGIN (YoY)",
      "detail": "YoY Incr OPM: +38.1% vs year-ago OPM: +8.7%",
      "severity": "HIGH"
    },
    {
      "quarter": "2022-12 (Q4)",
      "signal": "OP MARGIN TURNED POSITIVE (QoQ)",
      "detail": "Op margin: -17.6% -> +11.5%",
      "severity": "HIGH"
    },
    {
      "quarter": "2022-09 (Q3)",
      "signal": "OPERATING LEVERAGE",
      "detail": "Rev growth +4.1% vs OpEx growth +0.3% (leverage: 15.3x)",
      "severity": "MEDIUM"
    },
    {
      "quarter": "2022-09 (Q3)",
      "signal": "GROSS MARGIN INFLECTION",
      "detail": "GM: +65.0% -> +61.7% -> +65.5% (reversal +3.8%)",
      "severity": "MEDIUM"
    },
    {
      "quarter": "2022-09 (Q3)",
      "signal": "YoY REVENUE GROWTH ACCELERATION",
      "detail": "YoY growth: +11.7% vs prior quarter YoY: -6.3% (accel: +18.0%)",
      "severity": "HIGH"
    },
    {
      "quarter": "2022-06 (Q2)",
      "signal": "YoY REVENUE GROWTH DECELERATION",
      "detail": "YoY growth: -6.3% vs prior quarter YoY: +4.4% (decel: -10.6%)",
      "severity": "WARNING"
    },
    {
      "quarter": "2021-12 (Q4)",
      "signal": "FCF MARGIN EXPANSION",
      "detail": "FCF margin: +3.4% -> +20.1% (+16.7%)",
      "severity": "MEDIUM"
    },
    {
      "quarter": "2021-12 (Q4)",
      "signal": "OPERATING LEVERAGE",
      "detail": "Rev growth +37.9% vs OpEx growth +10.5% (leverage: 3.6x)",
      "severity": "MEDIUM"
    },
    {
      "quarter": "2021-12 (Q4)",
      "signal": "GROSS MARGIN INFLECTION",
      "detail": "GM: +68.1% -> +64.0% -> +71.5% (reversal +7.5%)",
      "severity": "HIGH"
    },
    {
      "quarter": "2021-12 (Q4)",
      "signal": "OP MARGIN TURNED POSITIVE (QoQ)",
      "detail": "Op margin: -14.4% -> +8.7%",
      "severity": "HIGH"
    }
  ],
  "data_quality": {
    "n_quarters": 20,
    "coverage": {
      "revenue": [
        20,
        20
      ],
      "gross_profit": [
        20,
        20
      ],
      "op_income": [
        20,
        20
      ],
      "fcf": [
        20,
        20
      ]
    },
    "gaps": [],
    "warnings": []
  },
  "market_cap": null,
  "source": "SEC EDGAR",
  "last_updated": "2026-02-02T21:40:27.103284"
}