{
  "ticker": "VECO",
  "name": "VEECO INSTRUMENTS INC.",
  "quarters": [
    {
      "date": "2020-12-31T00:00:00",
      "quarter_label": "2020-12 (Q4)",
      "revenue": 138946000,
      "gross_profit": 56845000,
      "operating_income": 10606000,
      "net_income": -102000,
      "opex": 46239000,
      "cogs": 82102000,
      "rd": 21417000,
      "sga": 20710000,
      "fcf": 11959000,
      "ocf": 15430000,
      "capex": -3471000,
      "gross_margin": 0.40911577159472023,
      "op_margin": 0.07633181235875808,
      "fcf_margin": 0.08606940825932377
    },
    {
      "date": "2021-03-31T00:00:00",
      "quarter_label": "2021-03 (Q1)",
      "revenue": 133714000,
      "gross_profit": 54914000,
      "operating_income": 9415000,
      "net_income": 2494000,
      "opex": 45499000,
      "cogs": 78800000,
      "rd": 21844000,
      "sga": 20255000,
      "fcf": 8532000,
      "ocf": 10485000,
      "capex": -1953000,
      "gross_margin": 0.41068250145833646,
      "op_margin": 0.07041147523819495,
      "fcf_margin": 0.06380782864920652,
      "fcf_margin_change": -0.022261579610117252
    },
    {
      "date": "2021-06-30T00:00:00",
      "quarter_label": "2021-06 (Q2)",
      "revenue": 146344000,
      "gross_profit": 60166000,
      "operating_income": 13252000,
      "net_income": 6348000,
      "opex": 46914000,
      "cogs": 86178000,
      "rd": 22553000,
      "sga": 21466000,
      "fcf": 3115000,
      "ocf": 10244000,
      "capex": -7129000,
      "gross_margin": 0.4111272071284098,
      "op_margin": 0.09055376373476193,
      "fcf_margin": 0.02128546438528399,
      "op_leverage_ratio": 3.0371894425161745,
      "fcf_margin_change": -0.04252236426392253
    },
    {
      "date": "2021-09-30T00:00:00",
      "quarter_label": "2021-09 (Q3)",
      "revenue": 150246000,
      "gross_profit": 63169000,
      "operating_income": 16416000,
      "net_income": 8993000,
      "opex": 46753000,
      "cogs": 87077000,
      "rd": 21999000,
      "sga": 21603000,
      "fcf": 7549000,
      "ocf": 29920000,
      "capex": -22371000,
      "gross_margin": 0.42043714974109125,
      "op_margin": 0.10926081226788067,
      "fcf_margin": 0.05024426607031136,
      "op_leverage_ratio": Infinity,
      "fcf_margin_change": 0.028958801685027367
    },
    {
      "date": "2021-12-31T00:00:00",
      "quarter_label": "2021-12 (Q4)",
      "revenue": 152972000,
      "gross_profit": 64024000,
      "operating_income": 17625000,
      "net_income": 8203000,
      "opex": 46399000,
      "cogs": 88948000,
      "rd": 22283000,
      "sga": 21211000,
      "fcf": 7903000,
      "ocf": 17093000,
      "capex": -9190000,
      "gross_margin": 0.418534110817666,
      "op_margin": 0.11521716392542426,
      "fcf_margin": 0.05166304944695761,
      "incr_op_margin_yoy": 0.5004277769855981,
      "rev_growth_yoy": 0.1009456911318066,
      "op_leverage_ratio": Infinity,
      "fcf_margin_change": 0.0014187833766462557
    },
    {
      "date": "2022-03-31T00:00:00",
      "quarter_label": "2022-03 (Q1)",
      "revenue": 156426000,
      "gross_profit": 66013000,
      "operating_income": 16517000,
      "net_income": 13330000,
      "opex": 49496000,
      "cogs": 90413000,
      "rd": 24117000,
      "sga": 22894000,
      "fcf": 13870000,
      "ocf": 24788000,
      "capex": -10918000,
      "gross_margin": 0.4220078503573575,
      "op_margin": 0.10558986357766612,
      "fcf_margin": 0.08866812422487311,
      "incr_op_margin_yoy": 0.31269813314547373,
      "rev_growth_yoy": 0.16985506379287135,
      "rev_growth_yoy_accel": 0.06890937266106476,
      "op_leverage_ratio": 0.3382811542027132,
      "fcf_margin_change": 0.037005074777915495
    },
    {
      "date": "2022-06-30T00:00:00",
      "quarter_label": "2022-06 (Q2)",
      "revenue": 163999000,
      "gross_profit": 64267000,
      "operating_income": 12823000,
      "net_income": 9655000,
      "opex": 51444000,
      "cogs": 99732000,
      "rd": 26016000,
      "sga": 22950000,
      "fcf": -1121000,
      "ocf": 3381000,
      "capex": -4502000,
      "gross_margin": 0.3918743406971994,
      "op_margin": 0.07818950115549485,
      "fcf_margin": -0.006835407532972762,
      "incr_op_margin_yoy": -0.024299065420560748,
      "rev_growth_yoy": 0.12064040889957907,
      "rev_growth_yoy_accel": -0.049214654893292284,
      "op_leverage_ratio": 1.230099288440761,
      "fcf_margin_change": -0.09550353175784587
    },
    {
      "date": "2022-09-30T00:00:00",
      "quarter_label": "2022-09 (Q3)",
      "revenue": 171913000,
      "gross_profit": 69951000,
      "operating_income": 17564000,
      "net_income": 15041000,
      "opex": 52387000,
      "cogs": 101962000,
      "rd": 27104000,
      "sga": 22144000,
      "fcf": 40854000,
      "ocf": 47205000,
      "capex": -6351000,
      "gross_margin": 0.40689767498676654,
      "op_margin": 0.10216795704804174,
      "fcf_margin": 0.23764345919156782,
      "incr_op_margin_yoy": 0.052983800249226935,
      "rev_growth_yoy": 0.14421016200098505,
      "rev_growth_yoy_accel": 0.02356975310140598,
      "op_leverage_ratio": 2.632557603534517,
      "fcf_margin_change": 0.24447886672454058
    },
    {
      "date": "2022-12-31T00:00:00",
      "quarter_label": "2022-12 (Q4)",
      "revenue": 153799000,
      "gross_profit": 62919000,
      "operating_income": 13392000,
      "net_income": 128916000,
      "opex": 49527000,
      "cogs": 90880000,
      "rd": 26328000,
      "sga": 20965000,
      "fcf": 30276000,
      "ocf": 33109000,
      "capex": -2833000,
      "gross_margin": 0.4090988888094201,
      "op_margin": 0.08707468839199214,
      "fcf_margin": 0.19685433585393924,
      "rev_growth_yoy": 0.005406218131422744,
      "rev_growth_yoy_accel": -0.1388039438695623,
      "fcf_margin_change": -0.040789123337628574
    },
    {
      "date": "2023-03-31T00:00:00",
      "quarter_label": "2023-03 (Q1)",
      "revenue": 153504000,
      "gross_profit": 62017000,
      "operating_income": 9806000,
      "net_income": 8741000,
      "opex": 52211000,
      "cogs": 91487000,
      "rd": 27562000,
      "sga": 22627000,
      "fcf": 6972000,
      "ocf": 13918000,
      "capex": -6946000,
      "gross_margin": 0.404009016051699,
      "op_margin": 0.06388107150302272,
      "fcf_margin": 0.045419011882426516,
      "incr_op_margin_yoy": 2.2967145790554415,
      "rev_growth_yoy": -0.01867975911932799,
      "rev_growth_yoy_accel": -0.024085977250750734,
      "fcf_margin_change": -0.15143532397151271
    },
    {
      "date": "2023-06-30T00:00:00",
      "quarter_label": "2023-06 (Q2)",
      "revenue": 161641000,
      "gross_profit": 67510000,
      "operating_income": 13688000,
      "net_income": -85320000,
      "opex": 53822000,
      "cogs": 94131000,
      "rd": 27384000,
      "sga": 23822000,
      "fcf": 7327000,
      "ocf": 11217000,
      "capex": -3890000,
      "gross_margin": 0.41765393681058643,
      "op_margin": 0.08468148551419503,
      "fcf_margin": 0.04532884602297684,
      "incr_op_margin_yoy": -0.36683630195080574,
      "rev_growth_yoy": -0.014378136452051537,
      "rev_growth_yoy_accel": 0.004301622667276453,
      "op_leverage_ratio": 1.7179522562337546,
      "fcf_margin_change": -9.016585944967431e-05
    },
    {
      "date": "2023-09-30T00:00:00",
      "quarter_label": "2023-09 (Q3)",
      "revenue": 177366000,
      "gross_profit": 76877000,
      "operating_income": 22263000,
      "net_income": 24574000,
      "opex": 54614000,
      "cogs": 100489000,
      "rd": 28817000,
      "sga": 22814000,
      "fcf": 659000,
      "ocf": 7054000,
      "capex": -6395000,
      "gross_margin": 0.4334370736217764,
      "op_margin": 0.12552011095700416,
      "fcf_margin": 0.003715480982826472,
      "incr_op_margin_yoy": 0.8617274894553457,
      "rev_growth_yoy": 0.03171953255425709,
      "rev_growth_yoy_accel": 0.04609766900630863,
      "op_leverage_ratio": 6.611100753327972,
      "fcf_margin_change": -0.04161336504015037
    },
    {
      "date": "2023-12-31T00:00:00",
      "quarter_label": "2023-12 (Q4)",
      "revenue": 173924000,
      "gross_profit": 78655000,
      "operating_income": 24183000,
      "net_income": 21637000,
      "opex": 54472000,
      "cogs": 95269000,
      "rd": 29091000,
      "sga": 23493000,
      "fcf": 18786000,
      "ocf": 29485000,
      "capex": -10699000,
      "gross_margin": 0.4522377590211817,
      "op_margin": 0.13904349026011362,
      "fcf_margin": 0.10801269520020239,
      "incr_op_margin_yoy": 0.5361987577639752,
      "rev_growth_yoy": 0.13085260632383824,
      "rev_growth_yoy_accel": 0.09913307376958115,
      "fcf_margin_change": 0.10429721421737592
    },
    {
      "date": "2024-03-31T00:00:00",
      "quarter_label": "2024-03 (Q1)",
      "revenue": 174484000,
      "gross_profit": 75419000,
      "operating_income": 22045000,
      "net_income": 21854000,
      "opex": 53374000,
      "cogs": 99065000,
      "rd": 29642000,
      "sga": 24700000,
      "fcf": 3371000,
      "ocf": 9361000,
      "capex": -5990000,
      "gross_margin": 0.4322402054056532,
      "op_margin": 0.12634396277022536,
      "fcf_margin": 0.019319823021021986,
      "incr_op_margin_yoy": 0.5833651096282173,
      "rev_growth_yoy": 0.13667396289347508,
      "rev_growth_yoy_accel": 0.0058213565696368375,
      "fcf_margin_change": -0.0886928721791804
    },
    {
      "date": "2024-06-30T00:00:00",
      "quarter_label": "2024-06 (Q2)",
      "revenue": 175879000,
      "gross_profit": 75390000,
      "operating_income": 16722000,
      "net_income": 14944000,
      "opex": 58668000,
      "cogs": 100489000,
      "rd": 31696000,
      "sga": 24595000,
      "fcf": 5502000,
      "ocf": 8455000,
      "capex": -2953000,
      "gross_margin": 0.42864696751744097,
      "op_margin": 0.09507672888747377,
      "fcf_margin": 0.03128287060990795,
      "incr_op_margin_yoy": 0.21309172636606266,
      "rev_growth_yoy": 0.08808408757679054,
      "rev_growth_yoy_accel": -0.048589875316684544,
      "fcf_margin_change": 0.011963047588885962
    },
    {
      "date": "2024-09-30T00:00:00",
      "quarter_label": "2024-09 (Q3)",
      "revenue": 184807000,
      "gross_profit": 79211000,
      "operating_income": 24335000,
      "net_income": 21951000,
      "opex": 54876000,
      "cogs": 105596000,
      "rd": 32216000,
      "sga": 25291000,
      "fcf": 13623000,
      "ocf": 17614000,
      "capex": -3991000,
      "gross_margin": 0.42861471697500636,
      "op_margin": 0.1316779126331795,
      "fcf_margin": 0.07371474024252328,
      "incr_op_margin_yoy": 0.27845719661335844,
      "rev_growth_yoy": 0.04195279816875839,
      "rev_growth_yoy_accel": -0.04613128940803215,
      "op_leverage_ratio": Infinity,
      "fcf_margin_change": 0.04243186963261533
    },
    {
      "date": "2024-12-31T00:00:00",
      "quarter_label": "2024-12 (Q4)",
      "revenue": 182131000,
      "gross_profit": 73985000,
      "operating_income": 3879000,
      "net_income": 14965000,
      "opex": 70106000,
      "cogs": 108146000,
      "rd": 30953000,
      "sga": 25077000,
      "fcf": 23206000,
      "ocf": 28385000,
      "capex": -5179000,
      "gross_margin": 0.40621860089715645,
      "op_margin": 0.021297857036967897,
      "fcf_margin": 0.12741378458362387,
      "incr_op_margin_yoy": -2.4739856220299745,
      "rev_growth_yoy": 0.0471872772015363,
      "rev_growth_yoy_accel": 0.0052344790327779125,
      "fcf_margin_change": 0.053699044341100594
    },
    {
      "date": "2025-03-31T00:00:00",
      "quarter_label": "2025-03 (Q1)",
      "revenue": 167292000,
      "gross_profit": 68467000,
      "operating_income": 14148000,
      "net_income": 11947000,
      "opex": 54319000,
      "cogs": 98825000,
      "rd": 28514000,
      "sga": 25028000,
      "fcf": 13237000,
      "ocf": 19992000,
      "capex": -6755000,
      "gross_margin": 0.4092664323458384,
      "op_margin": 0.08457069076823757,
      "fcf_margin": 0.07912512254022906,
      "incr_op_margin_yoy": 1.0980255839822024,
      "rev_growth_yoy": -0.04121867907659155,
      "rev_growth_yoy_accel": -0.08840595627812785,
      "fcf_margin_change": -0.04828866204339481
    },
    {
      "date": "2025-06-30T00:00:00",
      "quarter_label": "2025-06 (Q2)",
      "revenue": 166104000,
      "gross_profit": 68727000,
      "operating_income": 12370000,
      "net_income": 11733000,
      "opex": 56357000,
      "cogs": 97377000,
      "rd": 31560000,
      "sga": 23927000,
      "fcf": 5447000,
      "ocf": 9042000,
      "capex": -3595000,
      "gross_margin": 0.41375884987718536,
      "op_margin": 0.07447141549872369,
      "fcf_margin": 0.03279270818282522,
      "incr_op_margin_yoy": 0.44521739130434784,
      "rev_growth_yoy": -0.05557798259030356,
      "rev_growth_yoy_accel": -0.014359303513712014,
      "fcf_margin_change": -0.046332414357403845
    },
    {
      "date": "2025-09-30T00:00:00",
      "quarter_label": "2025-09 (Q3)",
      "revenue": 165881000,
      "gross_profit": 67703000,
      "operating_income": 10554000,
      "net_income": 10596000,
      "opex": 57149000,
      "cogs": 98178000,
      "rd": 28988000,
      "sga": 27263000,
      "fcf": 12955000,
      "ocf": 15533000,
      "capex": -2578000,
      "gross_margin": 0.40814198129984747,
      "op_margin": 0.0636239231738415,
      "fcf_margin": 0.07809815470126175,
      "incr_op_margin_yoy": 0.728151748916834,
      "rev_growth_yoy": -0.10240954076414854,
      "rev_growth_yoy_accel": -0.04683155817384498,
      "fcf_margin_change": 0.04530544651843653
    }
  ],
  "signals": [
    {
      "quarter": "2025-09 (Q3)",
      "signal": "INCREMENTAL MARGIN (YoY)",
      "detail": "YoY Incr OPM: +72.8% vs year-ago OPM: +13.2%",
      "severity": "HIGH"
    },
    {
      "quarter": "2025-06 (Q2)",
      "signal": "INCREMENTAL MARGIN (YoY)",
      "detail": "YoY Incr OPM: +44.5% vs year-ago OPM: +9.5%",
      "severity": "HIGH"
    },
    {
      "quarter": "2025-03 (Q1)",
      "signal": "YoY REVENUE GROWTH DECELERATION",
      "detail": "YoY growth: -4.1% vs prior quarter YoY: +4.7% (decel: -8.8%)",
      "severity": "WARNING"
    },
    {
      "quarter": "2025-03 (Q1)",
      "signal": "INCREMENTAL MARGIN (YoY)",
      "detail": "YoY Incr OPM: +109.8% vs year-ago OPM: +12.6%",
      "severity": "HIGH"
    },
    {
      "quarter": "2024-12 (Q4)",
      "signal": "FCF MARGIN EXPANSION",
      "detail": "FCF margin: +7.4% -> +12.7% (+5.4%)",
      "severity": "MEDIUM"
    },
    {
      "quarter": "2024-09 (Q3)",
      "signal": "INCREMENTAL MARGIN (YoY)",
      "detail": "YoY Incr OPM: +27.8% vs year-ago OPM: +12.6%",
      "severity": "MEDIUM"
    },
    {
      "quarter": "2024-06 (Q2)",
      "signal": "INCREMENTAL MARGIN (YoY)",
      "detail": "YoY Incr OPM: +21.3% vs year-ago OPM: +8.5%",
      "severity": "MEDIUM"
    },
    {
      "quarter": "2024-03 (Q1)",
      "signal": "INCREMENTAL MARGIN (YoY)",
      "detail": "YoY Incr OPM: +58.3% vs year-ago OPM: +6.4%",
      "severity": "HIGH"
    },
    {
      "quarter": "2023-12 (Q4)",
      "signal": "FCF MARGIN EXPANSION",
      "detail": "FCF margin: +0.4% -> +10.8% (+10.4%)",
      "severity": "MEDIUM"
    },
    {
      "quarter": "2023-12 (Q4)",
      "signal": "YoY REVENUE GROWTH ACCELERATION",
      "detail": "YoY growth: +13.1% vs prior quarter YoY: +3.2% (accel: +9.9%)",
      "severity": "MEDIUM"
    },
    {
      "quarter": "2023-12 (Q4)",
      "signal": "INCREMENTAL MARGIN (YoY)",
      "detail": "YoY Incr OPM: +53.6% vs year-ago OPM: +8.7%",
      "severity": "HIGH"
    },
    {
      "quarter": "2023-09 (Q3)",
      "signal": "OPERATING LEVERAGE",
      "detail": "Rev growth +9.7% vs OpEx growth +1.5% (leverage: 6.6x)",
      "severity": "MEDIUM"
    },
    {
      "quarter": "2023-09 (Q3)",
      "signal": "INCREMENTAL MARGIN (YoY)",
      "detail": "YoY Incr OPM: +86.2% vs year-ago OPM: +10.2%",
      "severity": "HIGH"
    },
    {
      "quarter": "2023-06 (Q2)",
      "signal": "OPERATING LEVERAGE",
      "detail": "Rev growth +5.3% vs OpEx growth +3.1% (leverage: 1.7x)",
      "severity": "MEDIUM"
    },
    {
      "quarter": "2023-03 (Q1)",
      "signal": "INCREMENTAL MARGIN (YoY)",
      "detail": "YoY Incr OPM: +229.7% vs year-ago OPM: +10.6%",
      "severity": "HIGH"
    },
    {
      "quarter": "2022-12 (Q4)",
      "signal": "YoY REVENUE GROWTH DECELERATION",
      "detail": "YoY growth: +0.5% vs prior quarter YoY: +14.4% (decel: -13.9%)",
      "severity": "WARNING"
    },
    {
      "quarter": "2022-09 (Q3)",
      "signal": "FCF TURNED POSITIVE",
      "detail": "FCF margin: -0.7% -> +23.8%",
      "severity": "HIGH"
    },
    {
      "quarter": "2022-09 (Q3)",
      "signal": "OPERATING LEVERAGE",
      "detail": "Rev growth +4.8% vs OpEx growth +1.8% (leverage: 2.6x)",
      "severity": "MEDIUM"
    },
    {
      "quarter": "2022-03 (Q1)",
      "signal": "YoY REVENUE GROWTH ACCELERATION",
      "detail": "YoY growth: +17.0% vs prior quarter YoY: +10.1% (accel: +6.9%)",
      "severity": "MEDIUM"
    },
    {
      "quarter": "2022-03 (Q1)",
      "signal": "INCREMENTAL MARGIN (YoY)",
      "detail": "YoY Incr OPM: +31.3% vs year-ago OPM: +7.0%",
      "severity": "HIGH"
    },
    {
      "quarter": "2021-12 (Q4)",
      "signal": "INCREMENTAL MARGIN (YoY)",
      "detail": "YoY Incr OPM: +50.0% vs year-ago OPM: +7.6%",
      "severity": "HIGH"
    },
    {
      "quarter": "2021-06 (Q2)",
      "signal": "OPERATING LEVERAGE",
      "detail": "Rev growth +9.4% vs OpEx growth +3.1% (leverage: 3.0x)",
      "severity": "MEDIUM"
    }
  ],
  "data_quality": {
    "n_quarters": 20,
    "coverage": {
      "revenue": [
        20,
        20
      ],
      "gross_profit": [
        20,
        20
      ],
      "op_income": [
        20,
        20
      ],
      "fcf": [
        20,
        20
      ]
    },
    "gaps": [],
    "warnings": []
  },
  "market_cap": null,
  "source": "SEC EDGAR",
  "last_updated": "2026-02-02T21:38:07.854115"
}