{
  "ticker": "VEEV",
  "name": "Veeva Systems Inc.",
  "quarters": [
    {
      "date": "2021-01-31T00:00:00",
      "quarter_label": "2021-01 (Q1)",
      "revenue": 396761000,
      "gross_profit": 282914000,
      "operating_income": 98843000,
      "net_income": 102918000,
      "opex": 184071000,
      "cogs": 113847000,
      "rd": 81938000,
      "sga": null,
      "fcf": 68351000,
      "ocf": 68351000,
      "capex": null,
      "gross_margin": 0.7130589952137433,
      "op_margin": 0.24912478797059187,
      "fcf_margin": 0.17227247637746654
    },
    {
      "date": "2021-04-30T00:00:00",
      "quarter_label": "2021-04 (Q2)",
      "revenue": 433573000,
      "gross_profit": 317437000,
      "operating_income": 128446000,
      "net_income": 115567000,
      "opex": 188991000,
      "cogs": 116136000,
      "rd": 83226000,
      "sga": null,
      "fcf": 478385000,
      "ocf": 478385000,
      "capex": null,
      "gross_margin": 0.7321419922366015,
      "op_margin": 0.29624999711697914,
      "fcf_margin": 1.103355144347088,
      "op_leverage_ratio": 3.471208544112783,
      "fcf_margin_change": 0.9310826679696214
    },
    {
      "date": "2021-07-31T00:00:00",
      "quarter_label": "2021-07 (Q3)",
      "revenue": 455594000,
      "gross_profit": 333497000,
      "operating_income": 124624000,
      "net_income": 108858000,
      "opex": 208873000,
      "cogs": 122097000,
      "rd": 94899000,
      "sga": null,
      "fcf": 119065000,
      "ocf": 119065000,
      "capex": null,
      "gross_margin": 0.7320048113012901,
      "op_margin": 0.27354179379008503,
      "fcf_margin": 0.26134014056374755,
      "op_leverage_ratio": 0.4827873264525301,
      "fcf_margin_change": -0.8420150037833404
    },
    {
      "date": "2021-10-31T00:00:00",
      "quarter_label": "2021-10 (Q4)",
      "revenue": 476111000,
      "gross_profit": 346547000,
      "operating_income": 132708000,
      "net_income": 105869000,
      "opex": 213839000,
      "cogs": 129564000,
      "rd": 98635000,
      "sga": null,
      "fcf": 112959000,
      "ocf": 112959000,
      "capex": null,
      "gross_margin": 0.7278701815332979,
      "op_margin": 0.27873332059120665,
      "fcf_margin": 0.2372534976087509,
      "op_leverage_ratio": 1.8941372795564635,
      "fcf_margin_change": -0.024086642954996657
    },
    {
      "date": "2022-01-31T00:00:00",
      "quarter_label": "2022-01 (Q1)",
      "revenue": 485499000,
      "gross_profit": 349618000,
      "operating_income": 119718000,
      "net_income": 97096000,
      "opex": 229900000,
      "cogs": 135881000,
      "rd": 105275000,
      "sga": null,
      "fcf": 54054000,
      "ocf": 54054000,
      "capex": null,
      "gross_margin": 0.7201209477259479,
      "op_margin": 0.24658753159120822,
      "fcf_margin": 0.11133699554479,
      "incr_op_margin_yoy": 0.23524307512001622,
      "rev_growth_yoy": 0.22365605490458992,
      "op_leverage_ratio": 0.2625301569344594,
      "fcf_margin_change": -0.12591650206396088
    },
    {
      "date": "2022-04-30T00:00:00",
      "quarter_label": "2022-04 (Q2)",
      "revenue": 505102000,
      "gross_profit": 365587000,
      "operating_income": 127672000,
      "net_income": 100115000,
      "opex": 237915000,
      "cogs": 139515000,
      "rd": 113475000,
      "sga": null,
      "fcf": 481027000,
      "ocf": 481027000,
      "capex": null,
      "gross_margin": 0.7237884625283606,
      "op_margin": 0.2527647881022051,
      "fcf_margin": 0.9523363597847564,
      "incr_op_margin_yoy": -0.010820785974919263,
      "rev_growth_yoy": 0.16497567883608988,
      "rev_growth_yoy_accel": -0.058680376068500045,
      "op_leverage_ratio": 1.1581628891440179,
      "fcf_margin_change": 0.8409993642399664
    },
    {
      "date": "2022-07-31T00:00:00",
      "quarter_label": "2022-07 (Q3)",
      "revenue": 534218000,
      "gross_profit": 382549000,
      "operating_income": 101092000,
      "net_income": 90601000,
      "opex": 281457000,
      "cogs": 151669000,
      "rd": 134008000,
      "sga": null,
      "fcf": 93386000,
      "ocf": 93386000,
      "capex": null,
      "gross_margin": 0.7160915581279552,
      "op_margin": 0.18923360875148348,
      "fcf_margin": 0.17480878592634466,
      "incr_op_margin_yoy": -0.2992979242979243,
      "rev_growth_yoy": 0.17257470467126432,
      "rev_growth_yoy_accel": 0.007599025835174439,
      "op_leverage_ratio": 0.3149677392998012,
      "fcf_margin_change": -0.7775275738584118
    },
    {
      "date": "2022-10-31T00:00:00",
      "quarter_label": "2022-10 (Q4)",
      "revenue": 552351000,
      "gross_profit": 398444000,
      "operating_income": 121404000,
      "net_income": 108457000,
      "opex": 277040000,
      "cogs": 153907000,
      "rd": 130257000,
      "sga": null,
      "fcf": 142660000,
      "ocf": 142660000,
      "capex": null,
      "gross_margin": 0.7213601496150093,
      "op_margin": 0.21979502164384604,
      "fcf_margin": 0.25827779799439127,
      "incr_op_margin_yoy": -0.14826862539349422,
      "rev_growth_yoy": 0.16013072581813906,
      "rev_growth_yoy_accel": -0.01244397885312526,
      "op_leverage_ratio": Infinity,
      "fcf_margin_change": 0.0834690120680466
    },
    {
      "date": "2023-01-31T00:00:00",
      "quarter_label": "2023-01 (Q1)",
      "revenue": 563389000,
      "gross_profit": 399075000,
      "operating_income": 108923000,
      "net_income": 188533000,
      "opex": 290152000,
      "cogs": 164314000,
      "rd": 142538000,
      "sga": null,
      "fcf": 63397000,
      "ocf": 63397000,
      "capex": null,
      "gross_margin": 0.7083471633276475,
      "op_margin": 0.1933353331357197,
      "fcf_margin": 0.11252793363022708,
      "incr_op_margin_yoy": -0.1385928874053152,
      "rev_growth_yoy": 0.16043287421807254,
      "rev_growth_yoy_accel": 0.0003021483999334773,
      "op_leverage_ratio": 0.42222970428200884,
      "fcf_margin_change": -0.1457498643641642
    },
    {
      "date": "2023-04-30T00:00:00",
      "quarter_label": "2023-04 (Q2)",
      "revenue": 526325000,
      "gross_profit": 359662000,
      "operating_income": 61530000,
      "net_income": 131521000,
      "opex": 298132000,
      "cogs": 166663000,
      "rd": 146960000,
      "sga": null,
      "fcf": 505936000,
      "ocf": 505936000,
      "capex": null,
      "gross_margin": 0.6833458414477747,
      "op_margin": 0.11690495416330214,
      "fcf_margin": 0.9612615779223863,
      "incr_op_margin_yoy": -3.1165245252791784,
      "rev_growth_yoy": 0.04201725592058634,
      "rev_growth_yoy_accel": -0.1184156182974862,
      "fcf_margin_change": 0.8487336442921593
    },
    {
      "date": "2023-07-31T00:00:00",
      "quarter_label": "2023-07 (Q3)",
      "revenue": 590225000,
      "gross_profit": 421207000,
      "operating_income": 104049000,
      "net_income": 111628000,
      "opex": 317158000,
      "cogs": 169018000,
      "rd": 157228000,
      "sga": null,
      "fcf": 265036000,
      "ocf": 265036000,
      "capex": null,
      "gross_margin": 0.7136380193993815,
      "op_margin": 0.17628700919141005,
      "fcf_margin": 0.44904231437163794,
      "incr_op_margin_yoy": 0.05279697180709554,
      "rev_growth_yoy": 0.10483922293895001,
      "rev_growth_yoy_accel": 0.06282196701836368,
      "op_leverage_ratio": 1.9024268210594866,
      "fcf_margin_change": -0.5122192635507483
    },
    {
      "date": "2023-10-31T00:00:00",
      "quarter_label": "2023-10 (Q4)",
      "revenue": 616505000,
      "gross_profit": 448823000,
      "operating_income": 128489000,
      "net_income": 135158000,
      "opex": 320334000,
      "cogs": 167682000,
      "rd": 161278000,
      "sga": null,
      "fcf": 82598000,
      "ocf": 82598000,
      "capex": null,
      "gross_margin": 0.7280119382648965,
      "op_margin": 0.20841517911452462,
      "fcf_margin": 0.13397782661941104,
      "incr_op_margin_yoy": 0.11043738504224211,
      "rev_growth_yoy": 0.1161471600485923,
      "rev_growth_yoy_accel": 0.011307937109642285,
      "op_leverage_ratio": 4.446342741897196,
      "fcf_margin_change": -0.3150644877522269
    },
    {
      "date": "2024-01-31T00:00:00",
      "quarter_label": "2024-01 (Q1)",
      "revenue": 630618000,
      "gross_profit": 456690000,
      "operating_income": 135264000,
      "net_income": 147398000,
      "opex": 321426000,
      "cogs": 173928000,
      "rd": 163565000,
      "sga": null,
      "fcf": 57769000,
      "ocf": 57769000,
      "capex": null,
      "gross_margin": 0.7241943617213591,
      "op_margin": 0.2144943531583304,
      "fcf_margin": 0.09160696332803694,
      "incr_op_margin_yoy": 0.39181008195867856,
      "rev_growth_yoy": 0.1193296283740009,
      "rev_growth_yoy_accel": 0.0031824683254086106,
      "op_leverage_ratio": 6.715264708689741,
      "fcf_margin_change": -0.0423708632913741
    },
    {
      "date": "2024-04-30T00:00:00",
      "quarter_label": "2024-04 (Q2)",
      "revenue": 650345000,
      "gross_profit": 476461000,
      "operating_income": 155172000,
      "net_income": 161664000,
      "opex": 321289000,
      "cogs": 173884000,
      "rd": 162711000,
      "sga": null,
      "fcf": 763516000,
      "ocf": 763516000,
      "capex": null,
      "gross_margin": 0.7326280666415518,
      "op_margin": 0.23859951256640707,
      "fcf_margin": 1.1740168679700773,
      "incr_op_margin_yoy": 0.7550556361877117,
      "rev_growth_yoy": 0.23563387640716288,
      "rev_growth_yoy_accel": 0.11630424803316197,
      "op_leverage_ratio": Infinity,
      "fcf_margin_change": 1.0824099046420403
    },
    {
      "date": "2024-07-31T00:00:00",
      "quarter_label": "2024-07 (Q3)",
      "revenue": 676181000,
      "gross_profit": 505809000,
      "operating_income": 166487000,
      "net_income": 171041000,
      "opex": 339322000,
      "cogs": 170372000,
      "rd": 176429000,
      "sga": null,
      "fcf": 92874000,
      "ocf": 92874000,
      "capex": null,
      "gross_margin": 0.7480378774322259,
      "op_margin": 0.24621661951459742,
      "fcf_margin": 0.1373507980851281,
      "incr_op_margin_yoy": 0.7263948997161338,
      "rev_growth_yoy": 0.1456325977381507,
      "rev_growth_yoy_accel": -0.09000127866901217,
      "op_leverage_ratio": 0.7077980215763011,
      "fcf_margin_change": -1.0366660698849492
    },
    {
      "date": "2024-10-31T00:00:00",
      "quarter_label": "2024-10 (Q4)",
      "revenue": 699207000,
      "gross_profit": 524818000,
      "operating_income": 181353000,
      "net_income": 185808000,
      "opex": 343465000,
      "cogs": 174389000,
      "rd": 172411000,
      "sga": null,
      "fcf": 164117000,
      "ocf": 164117000,
      "capex": null,
      "gross_margin": 0.7505903115958508,
      "op_margin": 0.25936954292505654,
      "fcf_margin": 0.23471875996664793,
      "incr_op_margin_yoy": 0.6392106599598558,
      "rev_growth_yoy": 0.13414651949294815,
      "rev_growth_yoy_accel": -0.011486078245202563,
      "op_leverage_ratio": 2.7890263781827938,
      "fcf_margin_change": 0.09736796188151983
    },
    {
      "date": "2025-01-31T00:00:00",
      "quarter_label": "2025-01 (Q1)",
      "revenue": 720886000,
      "gross_profit": 539895000,
      "operating_income": 188423000,
      "net_income": 195625000,
      "opex": 351472000,
      "cogs": 180991000,
      "rd": 181527000,
      "sga": null,
      "fcf": 69544000,
      "ocf": 69544000,
      "capex": null,
      "gross_margin": 0.7489325635398663,
      "op_margin": 0.26137697222584433,
      "fcf_margin": 0.09647017697666482,
      "incr_op_margin_yoy": 0.588901936455887,
      "rev_growth_yoy": 0.14314212407511362,
      "rev_growth_yoy_accel": 0.008995604582165473,
      "op_leverage_ratio": 1.329983145249675,
      "fcf_margin_change": -0.1382485829899831
    },
    {
      "date": "2025-04-30T00:00:00",
      "quarter_label": "2025-04 (Q2)",
      "revenue": 759043000,
      "gross_profit": 585219000,
      "operating_income": 233732000,
      "net_income": 228190000,
      "opex": 351487000,
      "cogs": 173824000,
      "rd": 184033000,
      "sga": null,
      "fcf": 877158000,
      "ocf": 877158000,
      "capex": null,
      "gross_margin": 0.7709958460851362,
      "op_margin": 0.30792985377640003,
      "fcf_margin": 1.1556104199630324,
      "incr_op_margin_yoy": 0.7227363888939999,
      "rev_growth_yoy": 0.1671389800798038,
      "rev_growth_yoy_accel": 0.023996856004690176,
      "op_leverage_ratio": Infinity,
      "fcf_margin_change": 1.0591402429863677
    },
    {
      "date": "2025-07-31T00:00:00",
      "quarter_label": "2025-07 (Q3)",
      "revenue": 789081000,
      "gross_profit": 593828000,
      "operating_income": 195908000,
      "net_income": 200309000,
      "opex": 397920000,
      "cogs": 195253000,
      "rd": 192677000,
      "sga": null,
      "fcf": 238433000,
      "ocf": 238433000,
      "capex": null,
      "gross_margin": 0.7525564549140076,
      "op_margin": 0.2482736246342264,
      "fcf_margin": 0.3021654304184235,
      "incr_op_margin_yoy": 0.2605934455270151,
      "rev_growth_yoy": 0.1669671286238448,
      "rev_growth_yoy_accel": -0.00017185145595899343,
      "op_leverage_ratio": 0.29956230002303996,
      "fcf_margin_change": -0.8534449895446089
    },
    {
      "date": "2025-10-31T00:00:00",
      "quarter_label": "2025-10 (Q4)",
      "revenue": 811236000,
      "gross_profit": 611771000,
      "operating_income": 240853000,
      "net_income": 236203000,
      "opex": 370918000,
      "cogs": 199465000,
      "rd": 191883000,
      "sga": null,
      "fcf": 192787000,
      "ocf": 192787000,
      "capex": null,
      "gross_margin": 0.7541221050347864,
      "op_margin": 0.2968963408921695,
      "fcf_margin": 0.23764601176476388,
      "incr_op_margin_yoy": 0.5311124798043364,
      "rev_growth_yoy": 0.160222938271499,
      "rev_growth_yoy_accel": -0.0067441903523458024,
      "op_leverage_ratio": Infinity,
      "fcf_margin_change": -0.0645194186536596
    }
  ],
  "signals": [
    {
      "quarter": "2025-10 (Q4)",
      "signal": "INCREMENTAL MARGIN (YoY)",
      "detail": "YoY Incr OPM: +53.1% vs year-ago OPM: +25.9%",
      "severity": "HIGH"
    },
    {
      "quarter": "2025-04 (Q2)",
      "signal": "FCF MARGIN EXPANSION",
      "detail": "FCF margin: +9.6% -> +115.6% (+105.9%)",
      "severity": "MEDIUM"
    },
    {
      "quarter": "2025-04 (Q2)",
      "signal": "OPERATING LEVERAGE",
      "detail": "Rev growth +5.3% vs OpEx growth +0.0% (leverage: 1240.2x)",
      "severity": "MEDIUM"
    },
    {
      "quarter": "2025-04 (Q2)",
      "signal": "GROSS MARGIN INFLECTION",
      "detail": "GM: +75.1% -> +74.9% -> +77.1% (reversal +2.2%)",
      "severity": "MEDIUM"
    },
    {
      "quarter": "2025-04 (Q2)",
      "signal": "INCREMENTAL MARGIN (YoY)",
      "detail": "YoY Incr OPM: +72.3% vs year-ago OPM: +23.9%",
      "severity": "HIGH"
    },
    {
      "quarter": "2025-01 (Q1)",
      "signal": "INCREMENTAL MARGIN (YoY)",
      "detail": "YoY Incr OPM: +58.9% vs year-ago OPM: +21.4%",
      "severity": "HIGH"
    },
    {
      "quarter": "2024-10 (Q4)",
      "signal": "FCF MARGIN EXPANSION",
      "detail": "FCF margin: +13.7% -> +23.5% (+9.7%)",
      "severity": "MEDIUM"
    },
    {
      "quarter": "2024-10 (Q4)",
      "signal": "OPERATING LEVERAGE",
      "detail": "Rev growth +3.4% vs OpEx growth +1.2% (leverage: 2.8x)",
      "severity": "MEDIUM"
    },
    {
      "quarter": "2024-10 (Q4)",
      "signal": "INCREMENTAL MARGIN (YoY)",
      "detail": "YoY Incr OPM: +63.9% vs year-ago OPM: +20.8%",
      "severity": "HIGH"
    },
    {
      "quarter": "2024-07 (Q3)",
      "signal": "YoY REVENUE GROWTH DECELERATION",
      "detail": "YoY growth: +14.6% vs prior quarter YoY: +23.6% (decel: -9.0%)",
      "severity": "WARNING"
    },
    {
      "quarter": "2024-07 (Q3)",
      "signal": "INCREMENTAL MARGIN (YoY)",
      "detail": "YoY Incr OPM: +72.6% vs year-ago OPM: +17.6%",
      "severity": "HIGH"
    },
    {
      "quarter": "2024-04 (Q2)",
      "signal": "FCF MARGIN EXPANSION",
      "detail": "FCF margin: +9.2% -> +117.4% (+108.2%)",
      "severity": "MEDIUM"
    },
    {
      "quarter": "2024-04 (Q2)",
      "signal": "YoY REVENUE GROWTH ACCELERATION",
      "detail": "YoY growth: +23.6% vs prior quarter YoY: +11.9% (accel: +11.6%)",
      "severity": "MEDIUM"
    },
    {
      "quarter": "2024-04 (Q2)",
      "signal": "INCREMENTAL MARGIN (YoY)",
      "detail": "YoY Incr OPM: +75.5% vs year-ago OPM: +11.7%",
      "severity": "HIGH"
    },
    {
      "quarter": "2024-01 (Q1)",
      "signal": "OPERATING LEVERAGE",
      "detail": "Rev growth +2.3% vs OpEx growth +0.3% (leverage: 6.7x)",
      "severity": "MEDIUM"
    },
    {
      "quarter": "2024-01 (Q1)",
      "signal": "INCREMENTAL MARGIN (YoY)",
      "detail": "YoY Incr OPM: +39.2% vs year-ago OPM: +19.3%",
      "severity": "MEDIUM"
    },
    {
      "quarter": "2023-10 (Q4)",
      "signal": "OPERATING LEVERAGE",
      "detail": "Rev growth +4.5% vs OpEx growth +1.0% (leverage: 4.4x)",
      "severity": "MEDIUM"
    },
    {
      "quarter": "2023-07 (Q3)",
      "signal": "OPERATING LEVERAGE",
      "detail": "Rev growth +12.1% vs OpEx growth +6.4% (leverage: 1.9x)",
      "severity": "MEDIUM"
    },
    {
      "quarter": "2023-07 (Q3)",
      "signal": "GROSS MARGIN INFLECTION",
      "detail": "GM: +70.8% -> +68.3% -> +71.4% (reversal +3.0%)",
      "severity": "MEDIUM"
    },
    {
      "quarter": "2023-07 (Q3)",
      "signal": "YoY REVENUE GROWTH ACCELERATION",
      "detail": "YoY growth: +10.5% vs prior quarter YoY: +4.2% (accel: +6.3%)",
      "severity": "MEDIUM"
    },
    {
      "quarter": "2023-04 (Q2)",
      "signal": "FCF MARGIN EXPANSION",
      "detail": "FCF margin: +11.3% -> +96.1% (+84.9%)",
      "severity": "MEDIUM"
    },
    {
      "quarter": "2023-04 (Q2)",
      "signal": "YoY REVENUE GROWTH DECELERATION",
      "detail": "YoY growth: +4.2% vs prior quarter YoY: +16.0% (decel: -11.8%)",
      "severity": "WARNING"
    },
    {
      "quarter": "2022-10 (Q4)",
      "signal": "FCF MARGIN EXPANSION",
      "detail": "FCF margin: +17.5% -> +25.8% (+8.3%)",
      "severity": "MEDIUM"
    },
    {
      "quarter": "2022-04 (Q2)",
      "signal": "FCF MARGIN EXPANSION",
      "detail": "FCF margin: +11.1% -> +95.2% (+84.1%)",
      "severity": "MEDIUM"
    },
    {
      "quarter": "2022-04 (Q2)",
      "signal": "YoY REVENUE GROWTH DECELERATION",
      "detail": "YoY growth: +16.5% vs prior quarter YoY: +22.4% (decel: -5.9%)",
      "severity": "WARNING"
    },
    {
      "quarter": "2021-10 (Q4)",
      "signal": "OPERATING LEVERAGE",
      "detail": "Rev growth +4.5% vs OpEx growth +2.4% (leverage: 1.9x)",
      "severity": "MEDIUM"
    },
    {
      "quarter": "2021-04 (Q2)",
      "signal": "FCF MARGIN EXPANSION",
      "detail": "FCF margin: +17.2% -> +110.3% (+93.1%)",
      "severity": "MEDIUM"
    },
    {
      "quarter": "2021-04 (Q2)",
      "signal": "OPERATING LEVERAGE",
      "detail": "Rev growth +9.3% vs OpEx growth +2.7% (leverage: 3.5x)",
      "severity": "MEDIUM"
    }
  ],
  "data_quality": {
    "n_quarters": 20,
    "coverage": {
      "revenue": [
        20,
        20
      ],
      "gross_profit": [
        20,
        20
      ],
      "op_income": [
        20,
        20
      ],
      "fcf": [
        20,
        20
      ]
    },
    "gaps": [],
    "warnings": []
  },
  "market_cap": null,
  "source": "SEC EDGAR",
  "last_updated": "2026-02-02T20:05:50.512669"
}