{
  "ticker": "VELO",
  "name": "Velo3D, Inc.",
  "quarters": [
    {
      "date": "2020-12-31T00:00:00",
      "quarter_label": "2020-12 (Q4)",
      "revenue": 6742000,
      "gross_profit": 2374000,
      "operating_income": -3813000,
      "net_income": -4216000,
      "opex": 6187000,
      "cogs": 4368000,
      "rd": 3271000,
      "sga": null,
      "fcf": -6727000,
      "ocf": -6551000,
      "capex": -176000,
      "gross_margin": 0.35212103233461883,
      "op_margin": -0.565559181251854,
      "fcf_margin": -0.9977751409077426
    },
    {
      "date": "2021-03-31T00:00:00",
      "quarter_label": "2021-03 (Q1)",
      "revenue": 0,
      "gross_profit": -390000,
      "operating_income": -1441314,
      "net_income": 16083886,
      "opex": 11504000,
      "cogs": 1562000,
      "rd": 4695000,
      "sga": null,
      "fcf": -2762000,
      "ocf": -2642000,
      "capex": -120000,
      "gross_margin": null,
      "op_margin": null,
      "fcf_margin": null
    },
    {
      "date": "2021-06-30T00:00:00",
      "quarter_label": "2021-06 (Q2)",
      "revenue": 7146000,
      "gross_profit": 2184000,
      "operating_income": -3188504,
      "net_income": -2660294,
      "opex": 13954000,
      "cogs": 4962000,
      "rd": 6399000,
      "sga": null,
      "fcf": -10861000,
      "ocf": -10380000,
      "capex": -481000,
      "gross_margin": 0.3056255247691016,
      "op_margin": -0.4461942345368038,
      "fcf_margin": -1.5198712566470753
    },
    {
      "date": "2021-09-30T00:00:00",
      "quarter_label": "2021-09 (Q3)",
      "revenue": 8711000,
      "gross_profit": 1474000,
      "operating_income": -15017000,
      "net_income": -66578000,
      "opex": 16491000,
      "cogs": 7237000,
      "rd": 7987000,
      "sga": null,
      "fcf": -19177000,
      "ocf": -18244000,
      "capex": -933000,
      "gross_margin": 0.16921134198140284,
      "op_margin": -1.7239122947996786,
      "fcf_margin": -2.201469406497532,
      "op_leverage_ratio": 1.2045631731261737,
      "fcf_margin_change": -0.6815981498504566
    },
    {
      "date": "2021-12-31T00:00:00",
      "quarter_label": "2021-12 (Q4)",
      "revenue": 10410000,
      "gross_profit": 1690000,
      "operating_income": -19078000,
      "net_income": -14428000,
      "opex": 20768000,
      "cogs": 8720000,
      "rd": 7921000,
      "sga": null,
      "fcf": -33223000,
      "ocf": -25138000,
      "capex": -8085000,
      "gross_margin": 0.16234390009606148,
      "op_margin": -1.832660902977906,
      "fcf_margin": -3.1914505283381365,
      "incr_op_margin_yoy": -4.161668484187568,
      "rev_growth_yoy": 0.5440522100266983,
      "op_leverage_ratio": 0.7520264341573668,
      "fcf_margin_change": -0.9899811218406045
    },
    {
      "date": "2022-03-31T00:00:00",
      "quarter_label": "2022-03 (Q1)",
      "revenue": 12218000,
      "gross_profit": 15000,
      "operating_income": -28173000,
      "net_income": -65341000,
      "opex": 28188000,
      "cogs": 12203000,
      "rd": 12915000,
      "sga": null,
      "fcf": -34167000,
      "ocf": -30107000,
      "capex": -4060000,
      "gross_margin": 0.0012276968407267965,
      "op_margin": -2.3058602062530693,
      "fcf_margin": -2.796447863807497,
      "incr_op_margin_yoy": -2.1878937633000493,
      "op_leverage_ratio": 0.4861143778918778,
      "fcf_margin_change": 0.39500266453063926
    },
    {
      "date": "2022-06-30T00:00:00",
      "quarter_label": "2022-06 (Q2)",
      "revenue": 19644000,
      "gross_profit": 1232000,
      "operating_income": -26241000,
      "net_income": 127950000,
      "opex": 27473000,
      "cogs": 18412000,
      "rd": 12965000,
      "sga": null,
      "fcf": -43204000,
      "ocf": -38686000,
      "capex": -4518000,
      "gross_margin": 0.06271635104866626,
      "op_margin": -1.3358277336591327,
      "fcf_margin": -2.1993484015475464,
      "incr_op_margin_yoy": -1.8444947991678668,
      "rev_growth_yoy": 1.7489504617968095,
      "op_leverage_ratio": Infinity,
      "fcf_margin_change": 0.5970994622599508
    },
    {
      "date": "2022-09-30T00:00:00",
      "quarter_label": "2022-09 (Q3)",
      "revenue": 19115000,
      "gross_profit": -121000,
      "operating_income": -27953000,
      "net_income": -75195000,
      "opex": 27832000,
      "cogs": 19236000,
      "rd": 12558000,
      "sga": null,
      "fcf": -27011000,
      "ocf": -23361000,
      "capex": -3650000,
      "gross_margin": -0.006330107245618624,
      "op_margin": -1.4623594036097305,
      "fcf_margin": -1.4130787339785509,
      "incr_op_margin_yoy": -1.243367935409458,
      "rev_growth_yoy": 1.1943519687751118,
      "rev_growth_yoy_accel": -0.5545984930216976,
      "fcf_margin_change": 0.7862696675689955
    },
    {
      "date": "2022-12-31T00:00:00",
      "quarter_label": "2022-12 (Q4)",
      "revenue": 29780000,
      "gross_profit": 1768000,
      "operating_income": -21894000,
      "net_income": 22607000,
      "opex": 23662000,
      "cogs": 28012000,
      "rd": 7828000,
      "sga": null,
      "fcf": -33402000,
      "ocf": -31808000,
      "capex": -1594000,
      "gross_margin": 0.05936870382807253,
      "op_margin": -0.7351914036265951,
      "fcf_margin": -1.121625251846877,
      "incr_op_margin_yoy": -0.1453794527620031,
      "rev_growth_yoy": 1.8607108549471663,
      "rev_growth_yoy_accel": 0.6663588861720544,
      "op_leverage_ratio": Infinity,
      "fcf_margin_change": 0.2914534821316739
    },
    {
      "date": "2023-03-31T00:00:00",
      "quarter_label": "2023-03 (Q1)",
      "revenue": 26814000,
      "gross_profit": 2925000,
      "operating_income": -24123000,
      "net_income": -36198000,
      "opex": 27048000,
      "cogs": 23889000,
      "rd": 10547000,
      "sga": null,
      "fcf": -31237000,
      "ocf": -30834000,
      "capex": -403000,
      "gross_margin": 0.10908480644439472,
      "op_margin": -0.8996419780711569,
      "fcf_margin": -1.1649511449242933,
      "incr_op_margin_yoy": 0.27747328035078106,
      "rev_growth_yoy": 1.1946308724832215,
      "rev_growth_yoy_accel": -0.6660799824639447,
      "fcf_margin_change": -0.0433258930774163
    },
    {
      "date": "2023-06-30T00:00:00",
      "quarter_label": "2023-06 (Q2)",
      "revenue": 25134000,
      "gross_profit": 2980000,
      "operating_income": -25706000,
      "net_income": -23201000,
      "opex": 28686000,
      "cogs": 22154000,
      "rd": 12454000,
      "sga": null,
      "fcf": -28231000,
      "ocf": -27944000,
      "capex": -287000,
      "gross_margin": 0.11856449431049575,
      "op_margin": -1.022758017028726,
      "fcf_margin": -1.1232195432481897,
      "incr_op_margin_yoy": 0.09744990892531877,
      "rev_growth_yoy": 0.2794746487477092,
      "rev_growth_yoy_accel": -0.9151562237355123,
      "fcf_margin_change": 0.04173160167610357
    },
    {
      "date": "2023-09-30T00:00:00",
      "quarter_label": "2023-09 (Q3)",
      "revenue": 23808000,
      "gross_profit": 1488000,
      "operating_income": -25221000,
      "net_income": -17396000,
      "opex": 26709000,
      "cogs": 22320000,
      "rd": 9819000,
      "sga": null,
      "fcf": -22713000,
      "ocf": -22331000,
      "capex": -382000,
      "gross_margin": 0.0625,
      "op_margin": -1.0593497983870968,
      "fcf_margin": -0.9540070564516129,
      "incr_op_margin_yoy": 0.5821436181546985,
      "rev_growth_yoy": 0.24551399424535705,
      "rev_growth_yoy_accel": -0.03396065450235217,
      "fcf_margin_change": 0.16921248679657686
    },
    {
      "date": "2023-12-31T00:00:00",
      "quarter_label": "2023-12 (Q4)",
      "revenue": 1687000,
      "gross_profit": -33660000,
      "operating_income": -58204000,
      "net_income": -58344000,
      "opex": 24544000,
      "cogs": 35347000,
      "rd": 9211000,
      "sga": null,
      "fcf": -24501000,
      "ocf": -24527000,
      "capex": 26000,
      "gross_margin": -19.95257854179016,
      "op_margin": -34.501481920569056,
      "fcf_margin": -14.523414344991108,
      "incr_op_margin_yoy": 1.2924927917986686,
      "rev_growth_yoy": -0.9433512424445937,
      "rev_growth_yoy_accel": -1.1888652366899508,
      "fcf_margin_change": -13.569407288539496
    },
    {
      "date": "2024-03-31T00:00:00",
      "quarter_label": "2024-03 (Q1)",
      "revenue": 9786000,
      "gross_profit": -2815000,
      "operating_income": -21450000,
      "net_income": -28314000,
      "opex": 18635000,
      "cogs": 12601000,
      "rd": 5043000,
      "sga": null,
      "fcf": -20529000,
      "ocf": -20523000,
      "capex": -6000,
      "gross_margin": -0.2876558348661353,
      "op_margin": -2.1919068056407114,
      "fcf_margin": -2.0977927651747392,
      "incr_op_margin_yoy": -0.1569767441860465,
      "rev_growth_yoy": -0.6350413962855225,
      "rev_growth_yoy_accel": 0.3083098461590712,
      "op_leverage_ratio": Infinity,
      "fcf_margin_change": 12.425621579816369
    },
    {
      "date": "2024-06-30T00:00:00",
      "quarter_label": "2024-06 (Q2)",
      "revenue": 10344000,
      "gross_profit": -2897000,
      "operating_income": -20520000,
      "net_income": -172000,
      "opex": 17623000,
      "cogs": 13241000,
      "rd": 4545000,
      "sga": null,
      "fcf": -7971000,
      "ocf": -7969000,
      "capex": -2000,
      "gross_margin": -0.28006573859242073,
      "op_margin": -1.9837587006960558,
      "fcf_margin": -0.7705916473317865,
      "incr_op_margin_yoy": -0.3506423258958756,
      "rev_growth_yoy": -0.5884459298161853,
      "rev_growth_yoy_accel": 0.04659546646933721,
      "op_leverage_ratio": Infinity,
      "fcf_margin_change": 1.3272011178429528
    },
    {
      "date": "2024-09-30T00:00:00",
      "quarter_label": "2024-09 (Q3)",
      "revenue": 8247000,
      "gross_profit": 4071000,
      "operating_income": -18745000,
      "net_income": -22858000,
      "opex": 22816000,
      "cogs": 4176000,
      "rd": 4438000,
      "sga": null,
      "fcf": -1993000,
      "ocf": -1973000,
      "capex": -20000,
      "gross_margin": 0.49363404874499817,
      "op_margin": -2.272947738571602,
      "fcf_margin": -0.24166363526130713,
      "incr_op_margin_yoy": -0.4161686266949425,
      "rev_growth_yoy": -0.6536038306451613,
      "rev_growth_yoy_accel": -0.06515790082897599,
      "fcf_margin_change": 0.5289280120704793
    },
    {
      "date": "2024-12-31T00:00:00",
      "quarter_label": "2024-12 (Q4)",
      "revenue": 12626000,
      "gross_profit": -444000,
      "operating_income": -21632000,
      "net_income": -21953000,
      "opex": 21188000,
      "cogs": 13070000,
      "rd": 3082000,
      "sga": null,
      "fcf": -2193000,
      "ocf": -2212000,
      "capex": 19000,
      "gross_margin": -0.03516553144305402,
      "op_margin": -1.713290036432758,
      "fcf_margin": -0.1736892127356249,
      "incr_op_margin_yoy": 3.3432672090684705,
      "rev_growth_yoy": 6.484291641967991,
      "rev_growth_yoy_accel": 7.137895472613152,
      "op_leverage_ratio": Infinity,
      "fcf_margin_change": 0.06797442252568223
    },
    {
      "date": "2025-03-31T00:00:00",
      "quarter_label": "2025-03 (Q1)",
      "revenue": 9320000,
      "gross_profit": 697000,
      "operating_income": -11921000,
      "net_income": -25411000,
      "opex": 12618000,
      "cogs": 8623000,
      "rd": 1212000,
      "sga": null,
      "fcf": -12349000,
      "ocf": -12349000,
      "capex": null,
      "gross_margin": 0.07478540772532188,
      "op_margin": -1.279077253218884,
      "fcf_margin": -1.325,
      "rev_growth_yoy": -0.047619047619047616,
      "rev_growth_yoy_accel": -6.531910689587038,
      "fcf_margin_change": -1.151310787264375
    },
    {
      "date": "2025-06-30T00:00:00",
      "quarter_label": "2025-06 (Q2)",
      "revenue": 13572000,
      "gross_profit": -1588000,
      "operating_income": -12089000,
      "net_income": -13756000,
      "opex": 10501000,
      "cogs": 15160000,
      "rd": 2845000,
      "sga": null,
      "fcf": -3015000,
      "ocf": -1216000,
      "capex": -1799000,
      "gross_margin": -0.11700559976422045,
      "op_margin": -0.8907309165929855,
      "fcf_margin": -0.22214854111405835,
      "incr_op_margin_yoy": 2.61183395291202,
      "rev_growth_yoy": 0.31206496519721577,
      "rev_growth_yoy_accel": 0.3596840128162634,
      "op_leverage_ratio": Infinity,
      "fcf_margin_change": 1.1028514588859415
    },
    {
      "date": "2025-09-30T00:00:00",
      "quarter_label": "2025-09 (Q3)",
      "revenue": 13640000,
      "gross_profit": 433000,
      "operating_income": -10630000,
      "net_income": -11825000,
      "opex": 11063000,
      "cogs": 13207000,
      "rd": 3042000,
      "sga": null,
      "fcf": -6338000,
      "ocf": -6025000,
      "capex": -313000,
      "gross_margin": 0.03174486803519062,
      "op_margin": -0.7793255131964809,
      "fcf_margin": -0.46466275659824047,
      "incr_op_margin_yoy": 1.504728351566846,
      "rev_growth_yoy": 0.6539347641566631,
      "rev_growth_yoy_accel": 0.3418697989594473,
      "fcf_margin_change": -0.24251421548418212
    }
  ],
  "signals": [
    {
      "quarter": "2025-09 (Q3)",
      "signal": "GROSS MARGIN INFLECTION",
      "detail": "GM: +7.5% -> -11.7% -> +3.2% (reversal +14.9%)",
      "severity": "HIGH"
    },
    {
      "quarter": "2025-09 (Q3)",
      "signal": "YoY REVENUE GROWTH ACCELERATION",
      "detail": "YoY growth: +65.4% vs prior quarter YoY: +31.2% (accel: +34.2%)",
      "severity": "HIGH"
    },
    {
      "quarter": "2025-06 (Q2)",
      "signal": "FCF MARGIN EXPANSION",
      "detail": "FCF margin: -132.5% -> -22.2% (+110.3%)",
      "severity": "MEDIUM"
    },
    {
      "quarter": "2025-06 (Q2)",
      "signal": "YoY REVENUE GROWTH ACCELERATION",
      "detail": "YoY growth: +31.2% vs prior quarter YoY: -4.8% (accel: +36.0%)",
      "severity": "HIGH"
    },
    {
      "quarter": "2025-03 (Q1)",
      "signal": "GROSS MARGIN INFLECTION",
      "detail": "GM: +49.4% -> -3.5% -> +7.5% (reversal +11.0%)",
      "severity": "HIGH"
    },
    {
      "quarter": "2025-03 (Q1)",
      "signal": "YoY REVENUE GROWTH DECELERATION",
      "detail": "YoY growth: -4.8% vs prior quarter YoY: +648.4% (decel: -653.2%)",
      "severity": "WARNING"
    },
    {
      "quarter": "2024-12 (Q4)",
      "signal": "FCF MARGIN EXPANSION",
      "detail": "FCF margin: -24.2% -> -17.4% (+6.8%)",
      "severity": "MEDIUM"
    },
    {
      "quarter": "2024-12 (Q4)",
      "signal": "YoY REVENUE GROWTH ACCELERATION",
      "detail": "YoY growth: +648.4% vs prior quarter YoY: -65.4% (accel: +713.8%)",
      "severity": "HIGH"
    },
    {
      "quarter": "2024-09 (Q3)",
      "signal": "FCF MARGIN EXPANSION",
      "detail": "FCF margin: -77.1% -> -24.2% (+52.9%)",
      "severity": "MEDIUM"
    },
    {
      "quarter": "2024-09 (Q3)",
      "signal": "YoY REVENUE GROWTH DECELERATION",
      "detail": "YoY growth: -65.4% vs prior quarter YoY: -58.8% (decel: -6.5%)",
      "severity": "WARNING"
    },
    {
      "quarter": "2024-06 (Q2)",
      "signal": "FCF MARGIN EXPANSION",
      "detail": "FCF margin: -209.8% -> -77.1% (+132.7%)",
      "severity": "MEDIUM"
    },
    {
      "quarter": "2024-03 (Q1)",
      "signal": "FCF MARGIN EXPANSION",
      "detail": "FCF margin: -1452.3% -> -209.8% (+1242.6%)",
      "severity": "MEDIUM"
    },
    {
      "quarter": "2024-03 (Q1)",
      "signal": "GROSS MARGIN INFLECTION",
      "detail": "GM: +6.2% -> -1995.3% -> -28.8% (reversal +1966.5%)",
      "severity": "HIGH"
    },
    {
      "quarter": "2024-03 (Q1)",
      "signal": "YoY REVENUE GROWTH ACCELERATION",
      "detail": "YoY growth: -63.5% vs prior quarter YoY: -94.3% (accel: +30.8%)",
      "severity": "HIGH"
    },
    {
      "quarter": "2023-12 (Q4)",
      "signal": "YoY REVENUE GROWTH DECELERATION",
      "detail": "YoY growth: -94.3% vs prior quarter YoY: +24.6% (decel: -118.9%)",
      "severity": "WARNING"
    },
    {
      "quarter": "2023-09 (Q3)",
      "signal": "FCF MARGIN EXPANSION",
      "detail": "FCF margin: -112.3% -> -95.4% (+16.9%)",
      "severity": "MEDIUM"
    },
    {
      "quarter": "2023-06 (Q2)",
      "signal": "YoY REVENUE GROWTH DECELERATION",
      "detail": "YoY growth: +27.9% vs prior quarter YoY: +119.5% (decel: -91.5%)",
      "severity": "WARNING"
    },
    {
      "quarter": "2023-03 (Q1)",
      "signal": "YoY REVENUE GROWTH DECELERATION",
      "detail": "YoY growth: +119.5% vs prior quarter YoY: +186.1% (decel: -66.6%)",
      "severity": "WARNING"
    },
    {
      "quarter": "2022-12 (Q4)",
      "signal": "FCF MARGIN EXPANSION",
      "detail": "FCF margin: -141.3% -> -112.2% (+29.1%)",
      "severity": "MEDIUM"
    },
    {
      "quarter": "2022-12 (Q4)",
      "signal": "GROSS MARGIN INFLECTION",
      "detail": "GM: +6.3% -> -0.6% -> +5.9% (reversal +6.6%)",
      "severity": "HIGH"
    },
    {
      "quarter": "2022-12 (Q4)",
      "signal": "YoY REVENUE GROWTH ACCELERATION",
      "detail": "YoY growth: +186.1% vs prior quarter YoY: +119.4% (accel: +66.6%)",
      "severity": "HIGH"
    },
    {
      "quarter": "2022-09 (Q3)",
      "signal": "FCF MARGIN EXPANSION",
      "detail": "FCF margin: -219.9% -> -141.3% (+78.6%)",
      "severity": "MEDIUM"
    },
    {
      "quarter": "2022-09 (Q3)",
      "signal": "YoY REVENUE GROWTH DECELERATION",
      "detail": "YoY growth: +119.4% vs prior quarter YoY: +174.9% (decel: -55.5%)",
      "severity": "WARNING"
    },
    {
      "quarter": "2022-06 (Q2)",
      "signal": "FCF MARGIN EXPANSION",
      "detail": "FCF margin: -279.6% -> -219.9% (+59.7%)",
      "severity": "MEDIUM"
    },
    {
      "quarter": "2022-06 (Q2)",
      "signal": "GROSS MARGIN INFLECTION",
      "detail": "GM: +16.2% -> +0.1% -> +6.3% (reversal +6.1%)",
      "severity": "HIGH"
    },
    {
      "quarter": "2022-03 (Q1)",
      "signal": "FCF MARGIN EXPANSION",
      "detail": "FCF margin: -319.1% -> -279.6% (+39.5%)",
      "severity": "MEDIUM"
    }
  ],
  "data_quality": {
    "n_quarters": 20,
    "coverage": {
      "revenue": [
        20,
        20
      ],
      "gross_profit": [
        20,
        20
      ],
      "op_income": [
        20,
        20
      ],
      "fcf": [
        20,
        20
      ]
    },
    "gaps": [],
    "warnings": []
  },
  "market_cap": null,
  "source": "SEC EDGAR",
  "last_updated": "2026-02-02T22:41:01.426958"
}