{
  "ticker": "VERI",
  "name": "Veritone, Inc.",
  "quarters": [
    {
      "date": "2020-12-31T00:00:00",
      "quarter_label": "2020-12 (Q4)",
      "revenue": 16818000,
      "gross_profit": 12721000,
      "operating_income": -12332000,
      "net_income": -12386000,
      "opex": 40716000,
      "cogs": 4097000,
      "rd": 3706000,
      "sga": null,
      "fcf": 37000,
      "ocf": 151000,
      "capex": -114000,
      "gross_margin": 0.7563919609941729,
      "op_margin": -0.7332619812106077,
      "fcf_margin": 0.0022000237840409088
    },
    {
      "date": "2021-03-31T00:00:00",
      "quarter_label": "2021-03 (Q1)",
      "revenue": 18295000,
      "gross_profit": 13472000,
      "operating_income": -30536000,
      "net_income": -30567000,
      "opex": 48831000,
      "cogs": 4823000,
      "rd": 4960000,
      "sga": null,
      "fcf": 6109000,
      "ocf": 6209000,
      "capex": -100000,
      "gross_margin": 0.7363760590325226,
      "op_margin": -1.6690899152773981,
      "fcf_margin": 0.33391637059305823,
      "op_leverage_ratio": 0.4406387927379102,
      "fcf_margin_change": 0.33171634680901735
    },
    {
      "date": "2021-06-30T00:00:00",
      "quarter_label": "2021-06 (Q2)",
      "revenue": 19206000,
      "gross_profit": 13975000,
      "operating_income": -12647000,
      "net_income": -12715000,
      "opex": 31853000,
      "cogs": 5231000,
      "rd": 4646000,
      "sga": null,
      "fcf": -7372000,
      "ocf": -7200000,
      "capex": -172000,
      "gross_margin": 0.7276371967093617,
      "op_margin": -0.6584921378735812,
      "fcf_margin": -0.3838383838383838,
      "op_leverage_ratio": Infinity,
      "fcf_margin_change": -0.717754754431442
    },
    {
      "date": "2021-09-30T00:00:00",
      "quarter_label": "2021-09 (Q3)",
      "revenue": 22655000,
      "gross_profit": 16847000,
      "operating_income": -11033000,
      "net_income": -11444000,
      "opex": 33688000,
      "cogs": 5808000,
      "rd": 5254000,
      "sga": null,
      "fcf": -2713000,
      "ocf": -2537000,
      "capex": -176000,
      "gross_margin": 0.7436327521518429,
      "op_margin": -0.4870006621054955,
      "fcf_margin": -0.11975281394835577,
      "op_leverage_ratio": 3.1172421708588454,
      "fcf_margin_change": 0.26408556989002807
    },
    {
      "date": "2021-12-31T00:00:00",
      "quarter_label": "2021-12 (Q4)",
      "revenue": 55149000,
      "gross_profit": 48882000,
      "operating_income": -13032000,
      "net_income": -15867000,
      "opex": 68181000,
      "cogs": 6267000,
      "rd": 10215000,
      "sga": null,
      "fcf": 10194000,
      "ocf": 10762000,
      "capex": -568000,
      "gross_margin": 0.8863624000435185,
      "op_margin": -0.2363052820540717,
      "fcf_margin": 0.18484469346678997,
      "incr_op_margin_yoy": -0.018261981164070858,
      "rev_growth_yoy": 2.2791651801641097,
      "op_leverage_ratio": 1.4008233413868312,
      "fcf_margin_change": 0.30459750741514574
    },
    {
      "date": "2022-03-31T00:00:00",
      "quarter_label": "2022-03 (Q1)",
      "revenue": 34407000,
      "gross_profit": 27484000,
      "operating_income": -27078000,
      "net_income": -28441000,
      "opex": 61485000,
      "cogs": 6923000,
      "rd": 9883000,
      "sga": null,
      "fcf": 9399000,
      "ocf": 10134000,
      "capex": -735000,
      "gross_margin": 0.7987909437033162,
      "op_margin": -0.7869910192693347,
      "fcf_margin": 0.2731711570319993,
      "incr_op_margin_yoy": 0.21462264150943397,
      "rev_growth_yoy": 0.8806777808144302,
      "rev_growth_yoy_accel": -1.3984873993496796,
      "fcf_margin_change": 0.08832646356520932
    },
    {
      "date": "2022-06-30T00:00:00",
      "quarter_label": "2022-06 (Q2)",
      "revenue": 34235000,
      "gross_profit": 27530000,
      "operating_income": -3629000,
      "net_income": -3253000,
      "opex": 37864000,
      "cogs": 6705000,
      "rd": 11068000,
      "sga": null,
      "fcf": -15942000,
      "ocf": -14419000,
      "capex": -1523000,
      "gross_margin": 0.8041478019570615,
      "op_margin": -0.10600262888856433,
      "fcf_margin": -0.4656637943624945,
      "incr_op_margin_yoy": 0.6000399228158892,
      "rev_growth_yoy": 0.7825158804540248,
      "rev_growth_yoy_accel": -0.0981619003604054,
      "fcf_margin_change": -0.7388349513944938
    },
    {
      "date": "2022-09-30T00:00:00",
      "quarter_label": "2022-09 (Q3)",
      "revenue": 37196000,
      "gross_profit": 30099000,
      "operating_income": -3611000,
      "net_income": -4886000,
      "opex": 40807000,
      "cogs": 7097000,
      "rd": 11784000,
      "sga": null,
      "fcf": -21864000,
      "ocf": -20345000,
      "capex": -1519000,
      "gross_margin": 0.809199913969244,
      "op_margin": -0.09708033121841059,
      "fcf_margin": -0.5878051403376707,
      "incr_op_margin_yoy": 0.5104188157623272,
      "rev_growth_yoy": 0.6418450673140587,
      "rev_growth_yoy_accel": -0.1406708131399661,
      "op_leverage_ratio": 1.1127671709612772,
      "fcf_margin_change": -0.12214134597517623
    },
    {
      "date": "2022-12-31T00:00:00",
      "quarter_label": "2022-12 (Q4)",
      "revenue": 43890000,
      "gross_profit": 37183000,
      "operating_income": -9951000,
      "net_income": 4711000,
      "opex": 53841000,
      "cogs": 6707000,
      "rd": 10854000,
      "sga": null,
      "fcf": 27379000,
      "ocf": 28367000,
      "capex": -988000,
      "gross_margin": 0.8471861471861472,
      "op_margin": -0.22672590567327408,
      "fcf_margin": 0.6238095238095238,
      "incr_op_margin_yoy": -0.27364774846789236,
      "rev_growth_yoy": -0.20415601370831746,
      "rev_growth_yoy_accel": -0.8460010810223761,
      "op_leverage_ratio": 0.5634383717336229,
      "fcf_margin_change": 1.2116146641471945
    },
    {
      "date": "2023-03-31T00:00:00",
      "quarter_label": "2023-03 (Q1)",
      "revenue": 30263000,
      "gross_profit": 23454000,
      "operating_income": -23589000,
      "net_income": -22963000,
      "opex": 53852000,
      "cogs": 6809000,
      "rd": 11527000,
      "sga": null,
      "fcf": -35232000,
      "ocf": -33785000,
      "capex": -1447000,
      "gross_margin": 0.775005782638866,
      "op_margin": -0.7794666754783068,
      "fcf_margin": -1.1641939001420878,
      "incr_op_margin_yoy": -0.8419401544401545,
      "rev_growth_yoy": -0.12044060801581073,
      "rev_growth_yoy_accel": 0.08371540569250673,
      "fcf_margin_change": -1.7880034239516116
    },
    {
      "date": "2023-06-30T00:00:00",
      "quarter_label": "2023-06 (Q2)",
      "revenue": 27967000,
      "gross_profit": 20202000,
      "operating_income": -28180000,
      "net_income": -23296000,
      "opex": 56147000,
      "cogs": 7765000,
      "rd": 10519000,
      "sga": null,
      "fcf": -25998000,
      "ocf": -24748000,
      "capex": -1250000,
      "gross_margin": 0.722351342653842,
      "op_margin": -1.0076161189973898,
      "fcf_margin": -0.9295955948081668,
      "incr_op_margin_yoy": 3.9168793873643906,
      "rev_growth_yoy": -0.18308748356944649,
      "rev_growth_yoy_accel": -0.06264687555363575,
      "fcf_margin_change": 0.234598305333921
    },
    {
      "date": "2023-09-30T00:00:00",
      "quarter_label": "2023-09 (Q3)",
      "revenue": 35133000,
      "gross_profit": 27946000,
      "operating_income": -23062000,
      "net_income": -24541000,
      "opex": 58195000,
      "cogs": 7187000,
      "rd": 10410000,
      "sga": null,
      "fcf": 9065000,
      "ocf": 10422000,
      "capex": -1357000,
      "gross_margin": 0.7954344917883471,
      "op_margin": -0.6564198901317849,
      "fcf_margin": 0.2580195258019526,
      "incr_op_margin_yoy": 9.428502181289385,
      "rev_growth_yoy": -0.05546295300569954,
      "rev_growth_yoy_accel": 0.12762453056374695,
      "op_leverage_ratio": 7.024695853874657,
      "fcf_margin_change": 1.1876151206101193
    },
    {
      "date": "2023-12-31T00:00:00",
      "quarter_label": "2023-12 (Q4)",
      "revenue": 34197000,
      "gross_profit": 27702000,
      "operating_income": -17505000,
      "net_income": 12175000,
      "opex": 51702000,
      "cogs": 6495000,
      "rd": 9634000,
      "sga": null,
      "fcf": -28983000,
      "ocf": -28309000,
      "capex": -674000,
      "gross_margin": 0.8100710588648127,
      "op_margin": -0.5118870076322485,
      "fcf_margin": -0.8475304851302746,
      "incr_op_margin_yoy": 0.7793252862890746,
      "rev_growth_yoy": -0.22084757347915243,
      "rev_growth_yoy_accel": -0.1653846204734529,
      "fcf_margin_change": -1.1055500109322272
    },
    {
      "date": "2024-03-31T00:00:00",
      "quarter_label": "2024-03 (Q1)",
      "revenue": 31636000,
      "gross_profit": 24590000,
      "operating_income": -21840000,
      "net_income": -25198000,
      "opex": 53476000,
      "cogs": 7046000,
      "rd": 9215000,
      "sga": null,
      "fcf": 13093000,
      "ocf": 14931000,
      "capex": -1838000,
      "gross_margin": 0.7772790491844734,
      "op_margin": -0.690352762675433,
      "fcf_margin": 0.4138639524592237,
      "incr_op_margin_yoy": 1.2738528769118718,
      "rev_growth_yoy": 0.04536893235964709,
      "rev_growth_yoy_accel": 0.2662165058387995,
      "fcf_margin_change": 1.2613944375894983
    },
    {
      "date": "2024-06-30T00:00:00",
      "quarter_label": "2024-06 (Q2)",
      "revenue": 30992000,
      "gross_profit": 24412000,
      "operating_income": -17662000,
      "net_income": -22231000,
      "opex": 48654000,
      "cogs": 6580000,
      "rd": 6645000,
      "sga": null,
      "fcf": -44131000,
      "ocf": -42722000,
      "capex": -1409000,
      "gross_margin": 0.7876871450696954,
      "op_margin": -0.5698890036138359,
      "fcf_margin": -1.4239481156427465,
      "incr_op_margin_yoy": 3.4770247933884297,
      "rev_growth_yoy": 0.108163192333822,
      "rev_growth_yoy_accel": 0.06279425997417491,
      "fcf_margin_change": -1.8378120681019703
    },
    {
      "date": "2024-09-30T00:00:00",
      "quarter_label": "2024-09 (Q3)",
      "revenue": 21993000,
      "gross_profit": 15668000,
      "operating_income": -22492000,
      "net_income": -21746000,
      "opex": 44485000,
      "cogs": 6325000,
      "rd": 7528000,
      "sga": null,
      "fcf": 1883000,
      "ocf": 3568000,
      "capex": -1685000,
      "gross_margin": 0.7124084936116037,
      "op_margin": -1.0226890374209976,
      "fcf_margin": 0.0856181512299368,
      "incr_op_margin_yoy": -0.04337899543378995,
      "rev_growth_yoy": -0.3740073435231833,
      "rev_growth_yoy_accel": -0.4821705358570053,
      "fcf_margin_change": 1.5095662668726832
    },
    {
      "date": "2024-12-31T00:00:00",
      "quarter_label": "2024-12 (Q4)",
      "revenue": 22433000,
      "gross_profit": 14793000,
      "operating_income": -21039000,
      "net_income": 31791000,
      "opex": 43472000,
      "cogs": 7640000,
      "rd": 3429000,
      "sga": null,
      "fcf": -1666000,
      "ocf": -500000,
      "capex": -1166000,
      "gross_margin": 0.6594303035706326,
      "op_margin": -0.9378594035572594,
      "fcf_margin": -0.07426559087059242,
      "incr_op_margin_yoy": 0.30040802448146886,
      "rev_growth_yoy": -0.3440067842208381,
      "rev_growth_yoy_accel": 0.030000559302345242,
      "op_leverage_ratio": Infinity,
      "fcf_margin_change": -0.15988374210052922
    },
    {
      "date": "2025-03-31T00:00:00",
      "quarter_label": "2025-03 (Q1)",
      "revenue": 22463000,
      "gross_profit": 14629000,
      "operating_income": -21634000,
      "net_income": -19875000,
      "opex": 44097000,
      "cogs": 7834000,
      "rd": 5206000,
      "sga": null,
      "fcf": -18397000,
      "ocf": -17044000,
      "capex": -1353000,
      "gross_margin": 0.6512487201175265,
      "op_margin": -0.9630948671148111,
      "fcf_margin": -0.818991230022704,
      "incr_op_margin_yoy": -0.022457211381227516,
      "rev_growth_yoy": -0.28995448223542797,
      "rev_growth_yoy_accel": 0.05405230198541011,
      "fcf_margin_change": -0.7447256391521115
    },
    {
      "date": "2025-06-30T00:00:00",
      "quarter_label": "2025-06 (Q2)",
      "revenue": 24013000,
      "gross_profit": 16535000,
      "operating_income": -19318000,
      "net_income": -26798000,
      "opex": 43331000,
      "cogs": 7478000,
      "rd": 4932000,
      "sga": null,
      "fcf": -9191000,
      "ocf": -8233000,
      "capex": -958000,
      "gross_margin": 0.6885853496022988,
      "op_margin": -0.8044809061758215,
      "fcf_margin": -0.38275100986965394,
      "incr_op_margin_yoy": 0.2372832784066485,
      "rev_growth_yoy": -0.2251871450696954,
      "rev_growth_yoy_accel": 0.06476733716573257,
      "op_leverage_ratio": Infinity,
      "fcf_margin_change": 0.4362402201530501
    },
    {
      "date": "2025-09-30T00:00:00",
      "quarter_label": "2025-09 (Q3)",
      "revenue": 29118000,
      "gross_profit": 20551000,
      "operating_income": -15802000,
      "net_income": -26880000,
      "opex": 44920000,
      "cogs": 8567000,
      "rd": 5494000,
      "sga": null,
      "fcf": -17108000,
      "ocf": -15886000,
      "capex": -1222000,
      "gross_margin": 0.7057833642420496,
      "op_margin": -0.5426883714540834,
      "fcf_margin": -0.5875403530462256,
      "incr_op_margin_yoy": 0.9389473684210526,
      "rev_growth_yoy": 0.3239667166825808,
      "rev_growth_yoy_accel": 0.5491538617522762,
      "op_leverage_ratio": 5.797278178746109,
      "fcf_margin_change": -0.20478934317657171
    }
  ],
  "signals": [
    {
      "quarter": "2025-09 (Q3)",
      "signal": "OPERATING LEVERAGE",
      "detail": "Rev growth +21.3% vs OpEx growth +3.7% (leverage: 5.8x)",
      "severity": "MEDIUM"
    },
    {
      "quarter": "2025-09 (Q3)",
      "signal": "YoY REVENUE GROWTH ACCELERATION",
      "detail": "YoY growth: +32.4% vs prior quarter YoY: -22.5% (accel: +54.9%)",
      "severity": "HIGH"
    },
    {
      "quarter": "2025-06 (Q2)",
      "signal": "FCF MARGIN EXPANSION",
      "detail": "FCF margin: -81.9% -> -38.3% (+43.6%)",
      "severity": "MEDIUM"
    },
    {
      "quarter": "2025-06 (Q2)",
      "signal": "GROSS MARGIN INFLECTION",
      "detail": "GM: +65.9% -> +65.1% -> +68.9% (reversal +3.7%)",
      "severity": "MEDIUM"
    },
    {
      "quarter": "2025-06 (Q2)",
      "signal": "YoY REVENUE GROWTH ACCELERATION",
      "detail": "YoY growth: -22.5% vs prior quarter YoY: -29.0% (accel: +6.5%)",
      "severity": "MEDIUM"
    },
    {
      "quarter": "2025-03 (Q1)",
      "signal": "YoY REVENUE GROWTH ACCELERATION",
      "detail": "YoY growth: -29.0% vs prior quarter YoY: -34.4% (accel: +5.4%)",
      "severity": "MEDIUM"
    },
    {
      "quarter": "2024-09 (Q3)",
      "signal": "FCF TURNED POSITIVE",
      "detail": "FCF margin: -142.4% -> +8.6%",
      "severity": "HIGH"
    },
    {
      "quarter": "2024-09 (Q3)",
      "signal": "YoY REVENUE GROWTH DECELERATION",
      "detail": "YoY growth: -37.4% vs prior quarter YoY: +10.8% (decel: -48.2%)",
      "severity": "WARNING"
    },
    {
      "quarter": "2024-06 (Q2)",
      "signal": "YoY REVENUE GROWTH ACCELERATION",
      "detail": "YoY growth: +10.8% vs prior quarter YoY: +4.5% (accel: +6.3%)",
      "severity": "MEDIUM"
    },
    {
      "quarter": "2024-03 (Q1)",
      "signal": "FCF TURNED POSITIVE",
      "detail": "FCF margin: -84.8% -> +41.4%",
      "severity": "HIGH"
    },
    {
      "quarter": "2024-03 (Q1)",
      "signal": "YoY REVENUE GROWTH ACCELERATION",
      "detail": "YoY growth: +4.5% vs prior quarter YoY: -22.1% (accel: +26.6%)",
      "severity": "HIGH"
    },
    {
      "quarter": "2023-12 (Q4)",
      "signal": "YoY REVENUE GROWTH DECELERATION",
      "detail": "YoY growth: -22.1% vs prior quarter YoY: -5.5% (decel: -16.5%)",
      "severity": "WARNING"
    },
    {
      "quarter": "2023-09 (Q3)",
      "signal": "FCF TURNED POSITIVE",
      "detail": "FCF margin: -93.0% -> +25.8%",
      "severity": "HIGH"
    },
    {
      "quarter": "2023-09 (Q3)",
      "signal": "OPERATING LEVERAGE",
      "detail": "Rev growth +25.6% vs OpEx growth +3.6% (leverage: 7.0x)",
      "severity": "MEDIUM"
    },
    {
      "quarter": "2023-09 (Q3)",
      "signal": "GROSS MARGIN INFLECTION",
      "detail": "GM: +77.5% -> +72.2% -> +79.5% (reversal +7.3%)",
      "severity": "HIGH"
    },
    {
      "quarter": "2023-09 (Q3)",
      "signal": "YoY REVENUE GROWTH ACCELERATION",
      "detail": "YoY growth: -5.5% vs prior quarter YoY: -18.3% (accel: +12.8%)",
      "severity": "MEDIUM"
    },
    {
      "quarter": "2023-06 (Q2)",
      "signal": "FCF MARGIN EXPANSION",
      "detail": "FCF margin: -116.4% -> -93.0% (+23.5%)",
      "severity": "MEDIUM"
    },
    {
      "quarter": "2023-06 (Q2)",
      "signal": "YoY REVENUE GROWTH DECELERATION",
      "detail": "YoY growth: -18.3% vs prior quarter YoY: -12.0% (decel: -6.3%)",
      "severity": "WARNING"
    },
    {
      "quarter": "2023-03 (Q1)",
      "signal": "YoY REVENUE GROWTH ACCELERATION",
      "detail": "YoY growth: -12.0% vs prior quarter YoY: -20.4% (accel: +8.4%)",
      "severity": "MEDIUM"
    },
    {
      "quarter": "2022-12 (Q4)",
      "signal": "FCF TURNED POSITIVE",
      "detail": "FCF margin: -58.8% -> +62.4%",
      "severity": "HIGH"
    },
    {
      "quarter": "2022-12 (Q4)",
      "signal": "YoY REVENUE GROWTH DECELERATION",
      "detail": "YoY growth: -20.4% vs prior quarter YoY: +64.2% (decel: -84.6%)",
      "severity": "WARNING"
    },
    {
      "quarter": "2022-09 (Q3)",
      "signal": "YoY REVENUE GROWTH DECELERATION",
      "detail": "YoY growth: +64.2% vs prior quarter YoY: +78.3% (decel: -14.1%)",
      "severity": "WARNING"
    },
    {
      "quarter": "2022-06 (Q2)",
      "signal": "YoY REVENUE GROWTH DECELERATION",
      "detail": "YoY growth: +78.3% vs prior quarter YoY: +88.1% (decel: -9.8%)",
      "severity": "WARNING"
    },
    {
      "quarter": "2022-03 (Q1)",
      "signal": "FCF MARGIN EXPANSION",
      "detail": "FCF margin: +18.5% -> +27.3% (+8.8%)",
      "severity": "MEDIUM"
    },
    {
      "quarter": "2022-03 (Q1)",
      "signal": "YoY REVENUE GROWTH DECELERATION",
      "detail": "YoY growth: +88.1% vs prior quarter YoY: +227.9% (decel: -139.8%)",
      "severity": "WARNING"
    },
    {
      "quarter": "2021-12 (Q4)",
      "signal": "FCF TURNED POSITIVE",
      "detail": "FCF margin: -12.0% -> +18.5%",
      "severity": "HIGH"
    },
    {
      "quarter": "2021-09 (Q3)",
      "signal": "FCF MARGIN EXPANSION",
      "detail": "FCF margin: -38.4% -> -12.0% (+26.4%)",
      "severity": "MEDIUM"
    },
    {
      "quarter": "2021-09 (Q3)",
      "signal": "OPERATING LEVERAGE",
      "detail": "Rev growth +18.0% vs OpEx growth +5.8% (leverage: 3.1x)",
      "severity": "MEDIUM"
    },
    {
      "quarter": "2021-03 (Q1)",
      "signal": "FCF MARGIN EXPANSION",
      "detail": "FCF margin: +0.2% -> +33.4% (+33.2%)",
      "severity": "MEDIUM"
    }
  ],
  "data_quality": {
    "n_quarters": 20,
    "coverage": {
      "revenue": [
        20,
        20
      ],
      "gross_profit": [
        20,
        20
      ],
      "op_income": [
        20,
        20
      ],
      "fcf": [
        20,
        20
      ]
    },
    "gaps": [],
    "warnings": []
  },
  "market_cap": null,
  "source": "SEC EDGAR",
  "last_updated": "2026-02-02T22:39:19.505389"
}