{
  "ticker": "VERO",
  "name": "VENUS CONCEPT INC.",
  "quarters": [
    {
      "date": "2020-12-31T00:00:00",
      "quarter_label": "2020-12 (Q4)",
      "revenue": 25830000,
      "gross_profit": 16711000,
      "operating_income": -9830000,
      "net_income": null,
      "opex": 26541000,
      "cogs": 9119000,
      "rd": 1711000,
      "sga": null,
      "fcf": 47000,
      "ocf": 130000,
      "capex": -83000,
      "gross_margin": 0.6469608981804104,
      "op_margin": -0.3805652342237708,
      "fcf_margin": 0.0018195896244676732
    },
    {
      "date": "2021-03-31T00:00:00",
      "quarter_label": "2021-03 (Q1)",
      "revenue": 22597000,
      "gross_profit": 15234000,
      "operating_income": -6836000,
      "net_income": -9259000,
      "opex": 22070000,
      "cogs": 7363000,
      "rd": 2051000,
      "sga": null,
      "fcf": -8273000,
      "ocf": -8220000,
      "capex": -53000,
      "gross_margin": 0.6741602867637297,
      "op_margin": -0.30251803336726113,
      "fcf_margin": -0.36611054564765233,
      "fcf_margin_change": -0.36793013527212
    },
    {
      "date": "2021-06-30T00:00:00",
      "quarter_label": "2021-06 (Q2)",
      "revenue": 25828000,
      "gross_profit": 18717000,
      "operating_income": 1526000,
      "net_income": 377000,
      "opex": 17191000,
      "cogs": 7111000,
      "rd": 2024000,
      "sga": null,
      "fcf": -4031000,
      "ocf": -3958000,
      "capex": -73000,
      "gross_margin": 0.7246786433328171,
      "op_margin": 0.0590831655567601,
      "fcf_margin": -0.1560709307728047,
      "op_leverage_ratio": Infinity,
      "fcf_margin_change": 0.21003961487484762
    },
    {
      "date": "2021-09-30T00:00:00",
      "quarter_label": "2021-09 (Q3)",
      "revenue": 24563000,
      "gross_profit": 17306000,
      "operating_income": -5389000,
      "net_income": -9798000,
      "opex": 22695000,
      "cogs": 7257000,
      "rd": 1930000,
      "sga": null,
      "fcf": -7260000,
      "ocf": -7192000,
      "capex": -68000,
      "gross_margin": 0.7045556324553189,
      "op_margin": -0.21939502503765826,
      "fcf_margin": -0.2955665024630542,
      "fcf_margin_change": -0.1394955716902495
    },
    {
      "date": "2021-12-31T00:00:00",
      "quarter_label": "2021-12 (Q4)",
      "revenue": 32634000,
      "gross_profit": 22837000,
      "operating_income": -4068000,
      "net_income": null,
      "opex": 26905000,
      "cogs": 9797000,
      "rd": 2253000,
      "sga": null,
      "fcf": -719000,
      "ocf": -401000,
      "capex": -318000,
      "gross_margin": 0.699791628363057,
      "op_margin": -0.12465526751241036,
      "fcf_margin": -0.022032236317950604,
      "incr_op_margin_yoy": 0.8468547912992358,
      "rev_growth_yoy": 0.2634146341463415,
      "op_leverage_ratio": 1.771307780671216,
      "fcf_margin_change": 0.2735342661451036
    },
    {
      "date": "2022-03-31T00:00:00",
      "quarter_label": "2022-03 (Q1)",
      "revenue": 26406000,
      "gross_profit": 17763000,
      "operating_income": -7436000,
      "net_income": -8619000,
      "opex": 25199000,
      "cogs": 8643000,
      "rd": 2202000,
      "sga": null,
      "fcf": -12581000,
      "ocf": -12424000,
      "capex": -157000,
      "gross_margin": 0.6726880254487616,
      "op_margin": -0.28160266606074374,
      "fcf_margin": -0.4764447474058926,
      "incr_op_margin_yoy": -0.15752165922814387,
      "rev_growth_yoy": 0.1685621985219277,
      "rev_growth_yoy_accel": -0.09485243562441378,
      "fcf_margin_change": -0.454412511087942
    },
    {
      "date": "2022-06-30T00:00:00",
      "quarter_label": "2022-06 (Q2)",
      "revenue": 27266000,
      "gross_profit": 19046000,
      "operating_income": -7126000,
      "net_income": -10559000,
      "opex": 26172000,
      "cogs": 8220000,
      "rd": 2436000,
      "sga": null,
      "fcf": -7383000,
      "ocf": -7289000,
      "capex": -94000,
      "gross_margin": 0.6985256363236265,
      "op_margin": -0.2613511332795423,
      "fcf_margin": -0.2707767916085968,
      "incr_op_margin_yoy": -6.016689847009736,
      "rev_growth_yoy": 0.055676010531206445,
      "rev_growth_yoy_accel": -0.11288618799072125,
      "op_leverage_ratio": 0.843463509453417,
      "fcf_margin_change": 0.2056679557972958
    },
    {
      "date": "2022-09-30T00:00:00",
      "quarter_label": "2022-09 (Q3)",
      "revenue": 21539000,
      "gross_profit": 13373000,
      "operating_income": -11425000,
      "net_income": -14605000,
      "opex": 24798000,
      "cogs": 8166000,
      "rd": 2576000,
      "sga": null,
      "fcf": -3906000,
      "ocf": -3860000,
      "capex": -46000,
      "gross_margin": 0.620873763870189,
      "op_margin": -0.530433167742235,
      "fcf_margin": -0.18134546636334092,
      "incr_op_margin_yoy": 1.996031746031746,
      "rev_growth_yoy": -0.12311199772014819,
      "rev_growth_yoy_accel": -0.17878800825135463,
      "fcf_margin_change": 0.08943132524525588
    },
    {
      "date": "2022-12-31T00:00:00",
      "quarter_label": "2022-12 (Q4)",
      "revenue": 24286000,
      "gross_profit": 15789000,
      "operating_income": -8889000,
      "net_income": null,
      "opex": 24678000,
      "cogs": 8497000,
      "rd": 3739000,
      "sga": null,
      "fcf": -3446000,
      "ocf": -3407000,
      "capex": -39000,
      "gross_margin": 0.6501276455571111,
      "op_margin": -0.36601334101951744,
      "fcf_margin": -0.14189244832413736,
      "incr_op_margin_yoy": 0.5775035936751318,
      "rev_growth_yoy": -0.25580682723539866,
      "rev_growth_yoy_accel": -0.13269482951525047,
      "op_leverage_ratio": Infinity,
      "fcf_margin_change": 0.03945301803920356
    },
    {
      "date": "2023-03-31T00:00:00",
      "quarter_label": "2023-03 (Q1)",
      "revenue": 20531000,
      "gross_profit": 13699000,
      "operating_income": -8155000,
      "net_income": -9657000,
      "opex": 21854000,
      "cogs": 6832000,
      "rd": 2637000,
      "sga": null,
      "fcf": -5958000,
      "ocf": -5888000,
      "capex": -70000,
      "gross_margin": 0.6672349130583021,
      "op_margin": -0.3972042277531538,
      "fcf_margin": -0.2901953144026107,
      "incr_op_margin_yoy": 0.12238297872340426,
      "rev_growth_yoy": -0.2224873134893585,
      "rev_growth_yoy_accel": 0.03331951374604017,
      "fcf_margin_change": -0.14830286607847334
    },
    {
      "date": "2023-06-30T00:00:00",
      "quarter_label": "2023-06 (Q2)",
      "revenue": 20075000,
      "gross_profit": 14220000,
      "operating_income": -5758000,
      "net_income": -7409000,
      "opex": 19978000,
      "cogs": 5855000,
      "rd": 1965000,
      "sga": null,
      "fcf": -2144000,
      "ocf": -2122000,
      "capex": -22000,
      "gross_margin": 0.7083437110834371,
      "op_margin": -0.2868244084682441,
      "fcf_margin": -0.10679950186799501,
      "incr_op_margin_yoy": -0.1902377972465582,
      "rev_growth_yoy": -0.2637350546468129,
      "rev_growth_yoy_accel": -0.041247741157454415,
      "fcf_margin_change": 0.18339581253461568
    },
    {
      "date": "2023-09-30T00:00:00",
      "quarter_label": "2023-09 (Q3)",
      "revenue": 17616000,
      "gross_profit": 12185000,
      "operating_income": -6762000,
      "net_income": -9068000,
      "opex": 18947000,
      "cogs": 5431000,
      "rd": 1925000,
      "sga": null,
      "fcf": -4072000,
      "ocf": -4075000,
      "capex": 3000,
      "gross_margin": 0.6917007266121707,
      "op_margin": -0.38385558583106266,
      "fcf_margin": -0.23115349682107175,
      "incr_op_margin_yoy": -1.188631149630385,
      "rev_growth_yoy": -0.18213473234597707,
      "rev_growth_yoy_accel": 0.08160032230083583,
      "fcf_margin_change": -0.12435399495307674
    },
    {
      "date": "2023-12-31T00:00:00",
      "quarter_label": "2023-12 (Q4)",
      "revenue": 18132000,
      "gross_profit": 12063000,
      "operating_income": -7634000,
      "net_income": null,
      "opex": 19697000,
      "cogs": 6069000,
      "rd": 1670000,
      "sga": null,
      "fcf": -801000,
      "ocf": -774000,
      "capex": -27000,
      "gross_margin": 0.6652878888153541,
      "op_margin": -0.4210236046768145,
      "fcf_margin": -0.04417604235605559,
      "incr_op_margin_yoy": -0.20393240168995774,
      "rev_growth_yoy": -0.25339701885860166,
      "rev_growth_yoy_accel": -0.07126228651262459,
      "op_leverage_ratio": 0.7399827429609446,
      "fcf_margin_change": 0.18697745446501615
    },
    {
      "date": "2024-03-31T00:00:00",
      "quarter_label": "2024-03 (Q1)",
      "revenue": 17479000,
      "gross_profit": 11647000,
      "operating_income": -7760000,
      "net_income": -9794000,
      "opex": 19407000,
      "cogs": 5832000,
      "rd": 1785000,
      "sga": null,
      "fcf": -2903000,
      "ocf": -2878000,
      "capex": -25000,
      "gross_margin": 0.6663424681045826,
      "op_margin": -0.44396132501859376,
      "fcf_margin": -0.16608501630528064,
      "incr_op_margin_yoy": -0.12942332896461337,
      "rev_growth_yoy": -0.14865325605182408,
      "rev_growth_yoy_accel": 0.10474376280677758,
      "fcf_margin_change": -0.12190897394922504
    },
    {
      "date": "2024-06-30T00:00:00",
      "quarter_label": "2024-06 (Q2)",
      "revenue": 16582000,
      "gross_profit": 11849000,
      "operating_income": -5596000,
      "net_income": -19951000,
      "opex": 17445000,
      "cogs": 4733000,
      "rd": 1737000,
      "sga": null,
      "fcf": -1354000,
      "ocf": -1332000,
      "capex": -22000,
      "gross_margin": 0.7145700156796526,
      "op_margin": -0.33747436979857676,
      "fcf_margin": -0.08165480641659631,
      "incr_op_margin_yoy": -0.046378471228170626,
      "rev_growth_yoy": -0.1739975093399751,
      "rev_growth_yoy_accel": -0.025344253288151014,
      "fcf_margin_change": 0.08443020988868433
    },
    {
      "date": "2024-09-30T00:00:00",
      "quarter_label": "2024-09 (Q3)",
      "revenue": 15007000,
      "gross_profit": 9921000,
      "operating_income": -7157000,
      "net_income": -9286000,
      "opex": 17078000,
      "cogs": 5086000,
      "rd": 1692000,
      "sga": null,
      "fcf": -3045000,
      "ocf": -3049000,
      "capex": 4000,
      "gross_margin": 0.6610914906377025,
      "op_margin": -0.4769107749716799,
      "fcf_margin": -0.20290531085493435,
      "incr_op_margin_yoy": 0.15139900344959756,
      "rev_growth_yoy": -0.14810399636693913,
      "rev_growth_yoy_accel": 0.025893512973035965,
      "fcf_margin_change": -0.12125050443833804
    },
    {
      "date": "2024-12-31T00:00:00",
      "quarter_label": "2024-12 (Q4)",
      "revenue": 15765000,
      "gross_profit": 10889000,
      "operating_income": -6671000,
      "net_income": null,
      "opex": 17560000,
      "cogs": 4876000,
      "rd": 1474000,
      "sga": null,
      "fcf": -3887000,
      "ocf": -3807000,
      "capex": -80000,
      "gross_margin": 0.6907072629241992,
      "op_margin": -0.4231525531240089,
      "fcf_margin": -0.24655883285759594,
      "incr_op_margin_yoy": -0.4068441064638783,
      "rev_growth_yoy": -0.13054268696227664,
      "rev_growth_yoy_accel": 0.017561309404662495,
      "op_leverage_ratio": 1.7896384177010616,
      "fcf_margin_change": -0.04365352200266159
    },
    {
      "date": "2025-03-31T00:00:00",
      "quarter_label": "2025-03 (Q1)",
      "revenue": 13643000,
      "gross_profit": 8755000,
      "operating_income": -9528000,
      "net_income": -12363000,
      "opex": 18283000,
      "cogs": 4888000,
      "rd": 1556000,
      "sga": null,
      "fcf": -6345000,
      "ocf": -6310000,
      "capex": -35000,
      "gross_margin": 0.6417210290991717,
      "op_margin": -0.6983801216741186,
      "fcf_margin": -0.4650736641501136,
      "incr_op_margin_yoy": 0.4608967674661105,
      "rev_growth_yoy": -0.2194633560272327,
      "rev_growth_yoy_accel": -0.08892066906495605,
      "fcf_margin_change": -0.21851483129251764
    },
    {
      "date": "2025-06-30T00:00:00",
      "quarter_label": "2025-06 (Q2)",
      "revenue": 15692000,
      "gross_profit": 9431000,
      "operating_income": -9041000,
      "net_income": -11721000,
      "opex": 18472000,
      "cogs": 6261000,
      "rd": 1354000,
      "sga": null,
      "fcf": -5610000,
      "ocf": -5448000,
      "capex": -162000,
      "gross_margin": 0.6010068824878919,
      "op_margin": -0.576153453989294,
      "fcf_margin": -0.3575070099413714,
      "rev_growth_yoy": -0.05367265709805814,
      "rev_growth_yoy_accel": 0.16579069892917456,
      "op_leverage_ratio": 14.528398190129483,
      "fcf_margin_change": 0.10756665420874217
    },
    {
      "date": "2025-09-30T00:00:00",
      "quarter_label": "2025-09 (Q3)",
      "revenue": 13776000,
      "gross_profit": 8817000,
      "operating_income": -9496000,
      "net_income": -22565000,
      "opex": 18313000,
      "cogs": 4959000,
      "rd": 1280000,
      "sga": null,
      "fcf": -4907000,
      "ocf": -4890000,
      "capex": -17000,
      "gross_margin": 0.6400261324041812,
      "op_margin": -0.68931475029036,
      "fcf_margin": -0.3561991869918699,
      "incr_op_margin_yoy": 1.900081234768481,
      "rev_growth_yoy": -0.08202838675284867,
      "rev_growth_yoy_accel": -0.02835572965479053,
      "fcf_margin_change": 0.0013078229495014915
    }
  ],
  "signals": [
    {
      "quarter": "2025-09 (Q3)",
      "signal": "GROSS MARGIN INFLECTION",
      "detail": "GM: +64.2% -> +60.1% -> +64.0% (reversal +3.9%)",
      "severity": "MEDIUM"
    },
    {
      "quarter": "2025-06 (Q2)",
      "signal": "FCF MARGIN EXPANSION",
      "detail": "FCF margin: -46.5% -> -35.8% (+10.8%)",
      "severity": "MEDIUM"
    },
    {
      "quarter": "2025-06 (Q2)",
      "signal": "OPERATING LEVERAGE",
      "detail": "Rev growth +15.0% vs OpEx growth +1.0% (leverage: 14.5x)",
      "severity": "MEDIUM"
    },
    {
      "quarter": "2025-06 (Q2)",
      "signal": "YoY REVENUE GROWTH ACCELERATION",
      "detail": "YoY growth: -5.4% vs prior quarter YoY: -21.9% (accel: +16.6%)",
      "severity": "HIGH"
    },
    {
      "quarter": "2025-03 (Q1)",
      "signal": "YoY REVENUE GROWTH DECELERATION",
      "detail": "YoY growth: -21.9% vs prior quarter YoY: -13.1% (decel: -8.9%)",
      "severity": "WARNING"
    },
    {
      "quarter": "2024-12 (Q4)",
      "signal": "OPERATING LEVERAGE",
      "detail": "Rev growth +5.1% vs OpEx growth +2.8% (leverage: 1.8x)",
      "severity": "MEDIUM"
    },
    {
      "quarter": "2024-12 (Q4)",
      "signal": "GROSS MARGIN INFLECTION",
      "detail": "GM: +71.5% -> +66.1% -> +69.1% (reversal +3.0%)",
      "severity": "MEDIUM"
    },
    {
      "quarter": "2024-06 (Q2)",
      "signal": "FCF MARGIN EXPANSION",
      "detail": "FCF margin: -16.6% -> -8.2% (+8.4%)",
      "severity": "MEDIUM"
    },
    {
      "quarter": "2024-03 (Q1)",
      "signal": "YoY REVENUE GROWTH ACCELERATION",
      "detail": "YoY growth: -14.9% vs prior quarter YoY: -25.3% (accel: +10.5%)",
      "severity": "MEDIUM"
    },
    {
      "quarter": "2023-12 (Q4)",
      "signal": "FCF MARGIN EXPANSION",
      "detail": "FCF margin: -23.1% -> -4.4% (+18.7%)",
      "severity": "MEDIUM"
    },
    {
      "quarter": "2023-12 (Q4)",
      "signal": "YoY REVENUE GROWTH DECELERATION",
      "detail": "YoY growth: -25.3% vs prior quarter YoY: -18.2% (decel: -7.1%)",
      "severity": "WARNING"
    },
    {
      "quarter": "2023-09 (Q3)",
      "signal": "YoY REVENUE GROWTH ACCELERATION",
      "detail": "YoY growth: -18.2% vs prior quarter YoY: -26.4% (accel: +8.2%)",
      "severity": "MEDIUM"
    },
    {
      "quarter": "2023-06 (Q2)",
      "signal": "FCF MARGIN EXPANSION",
      "detail": "FCF margin: -29.0% -> -10.7% (+18.3%)",
      "severity": "MEDIUM"
    },
    {
      "quarter": "2022-12 (Q4)",
      "signal": "GROSS MARGIN INFLECTION",
      "detail": "GM: +69.9% -> +62.1% -> +65.0% (reversal +2.9%)",
      "severity": "MEDIUM"
    },
    {
      "quarter": "2022-12 (Q4)",
      "signal": "YoY REVENUE GROWTH DECELERATION",
      "detail": "YoY growth: -25.6% vs prior quarter YoY: -12.3% (decel: -13.3%)",
      "severity": "WARNING"
    },
    {
      "quarter": "2022-09 (Q3)",
      "signal": "FCF MARGIN EXPANSION",
      "detail": "FCF margin: -27.1% -> -18.1% (+8.9%)",
      "severity": "MEDIUM"
    },
    {
      "quarter": "2022-09 (Q3)",
      "signal": "YoY REVENUE GROWTH DECELERATION",
      "detail": "YoY growth: -12.3% vs prior quarter YoY: +5.6% (decel: -17.9%)",
      "severity": "WARNING"
    },
    {
      "quarter": "2022-06 (Q2)",
      "signal": "FCF MARGIN EXPANSION",
      "detail": "FCF margin: -47.6% -> -27.1% (+20.6%)",
      "severity": "MEDIUM"
    },
    {
      "quarter": "2022-06 (Q2)",
      "signal": "GROSS MARGIN INFLECTION",
      "detail": "GM: +70.0% -> +67.3% -> +69.9% (reversal +2.6%)",
      "severity": "MEDIUM"
    },
    {
      "quarter": "2022-06 (Q2)",
      "signal": "YoY REVENUE GROWTH DECELERATION",
      "detail": "YoY growth: +5.6% vs prior quarter YoY: +16.9% (decel: -11.3%)",
      "severity": "WARNING"
    },
    {
      "quarter": "2022-03 (Q1)",
      "signal": "YoY REVENUE GROWTH DECELERATION",
      "detail": "YoY growth: +16.9% vs prior quarter YoY: +26.3% (decel: -9.5%)",
      "severity": "WARNING"
    },
    {
      "quarter": "2021-12 (Q4)",
      "signal": "FCF MARGIN EXPANSION",
      "detail": "FCF margin: -29.6% -> -2.2% (+27.4%)",
      "severity": "MEDIUM"
    },
    {
      "quarter": "2021-12 (Q4)",
      "signal": "OPERATING LEVERAGE",
      "detail": "Rev growth +32.9% vs OpEx growth +18.6% (leverage: 1.8x)",
      "severity": "MEDIUM"
    },
    {
      "quarter": "2021-06 (Q2)",
      "signal": "FCF MARGIN EXPANSION",
      "detail": "FCF margin: -36.6% -> -15.6% (+21.0%)",
      "severity": "MEDIUM"
    },
    {
      "quarter": "2021-06 (Q2)",
      "signal": "OP MARGIN TURNED POSITIVE (QoQ)",
      "detail": "Op margin: -30.3% -> +5.9%",
      "severity": "HIGH"
    }
  ],
  "data_quality": {
    "n_quarters": 20,
    "coverage": {
      "revenue": [
        20,
        20
      ],
      "gross_profit": [
        20,
        20
      ],
      "op_income": [
        20,
        20
      ],
      "fcf": [
        20,
        20
      ]
    },
    "gaps": [],
    "warnings": []
  },
  "market_cap": null,
  "source": "SEC EDGAR",
  "last_updated": "2026-02-03T00:28:39.129772"
}