{
  "ticker": "VERU",
  "name": "VERU INC.",
  "sector": "Healthcare",
  "industry": "Biotechnology",
  "quarters": [
    {
      "date": "2020-06-30T00:00:00",
      "quarter_label": "2020-06 (Q2)",
      "revenue": 10321754,
      "gross_profit": 6519118,
      "operating_income": null,
      "net_income": null,
      "opex": null,
      "cogs": 3802636,
      "rd": null,
      "sga": null,
      "fcf": null,
      "ocf": null,
      "capex": null,
      "gross_margin": 0.6315901347774806,
      "op_margin": null,
      "fcf_margin": null
    },
    {
      "date": "2020-09-30T00:00:00",
      "quarter_label": "2020-09 (Q3)",
      "revenue": 11749186,
      "gross_profit": 9562147,
      "operating_income": null,
      "net_income": null,
      "opex": null,
      "cogs": 2187039,
      "rd": null,
      "sga": 3463426,
      "fcf": null,
      "ocf": null,
      "capex": null,
      "gross_margin": 0.8138561258626767,
      "op_margin": null,
      "fcf_margin": null
    },
    {
      "date": "2020-12-31T00:00:00",
      "quarter_label": "2020-12 (Q4)",
      "revenue": 14616989,
      "gross_profit": 10836633,
      "operating_income": null,
      "net_income": null,
      "opex": null,
      "cogs": 3780356,
      "rd": null,
      "sga": 4381880,
      "fcf": null,
      "ocf": null,
      "capex": null,
      "gross_margin": 0.7413724536564952,
      "op_margin": null,
      "fcf_margin": null
    },
    {
      "date": "2021-03-31T00:00:00",
      "quarter_label": "2021-03 (Q1)",
      "revenue": 13340487,
      "gross_profit": 10908300,
      "operating_income": -1471410,
      "net_income": -2845981,
      "opex": 12379710,
      "cogs": 2432187,
      "rd": 7572813,
      "sga": 4806897,
      "fcf": -2594438,
      "ocf": -2589506,
      "capex": -4932,
      "gross_margin": 0.817683792203388,
      "op_margin": -0.11029657313110083,
      "fcf_margin": -0.19447850741880712
    },
    {
      "date": "2021-06-30T00:00:00",
      "quarter_label": "2021-06 (Q2)",
      "revenue": 17655592,
      "gross_profit": 13873112,
      "operating_income": -2871864,
      "net_income": -2692866,
      "opex": 16744976,
      "cogs": 3782480,
      "rd": 11188246,
      "sga": 5556730,
      "fcf": -12976589,
      "ocf": -12834291,
      "capex": -142298,
      "gross_margin": 0.7857630602247718,
      "op_margin": -0.16266030615116162,
      "fcf_margin": -0.7349846439586959,
      "rev_growth_yoy": 0.7105224557764116,
      "op_leverage_ratio": 0.9173170006951878,
      "fcf_margin_change": -0.5405061365398888
    },
    {
      "date": "2021-09-30T00:00:00",
      "quarter_label": "2021-09 (Q3)",
      "revenue": 15646460,
      "gross_profit": 12309178,
      "operating_income": -1871226,
      "net_income": -4294480,
      "opex": 14180404,
      "cogs": 3337282,
      "rd": 8255592,
      "sga": 5924812,
      "fcf": -1028701,
      "ocf": -806468,
      "capex": -222233,
      "gross_margin": 0.7867068972790011,
      "op_margin": -0.11959420853023624,
      "fcf_margin": -0.0657465650377146,
      "rev_growth_yoy": 0.33170587307069616,
      "rev_growth_yoy_accel": -0.37881658270571544,
      "fcf_margin_change": 0.6692380789209813
    },
    {
      "date": "2021-12-31T00:00:00",
      "quarter_label": "2021-12 (Q4)",
      "revenue": 14135132,
      "gross_profit": 11842082,
      "operating_income": -4962285,
      "net_income": -6380006,
      "opex": 16804367,
      "cogs": 2293050,
      "rd": 10081161,
      "sga": 6723206,
      "fcf": -8960001,
      "ocf": -8657792,
      "capex": -302209,
      "gross_margin": 0.8377765414571297,
      "op_margin": -0.3510603933518272,
      "fcf_margin": -0.63388166449383,
      "rev_growth_yoy": -0.032965544408632995,
      "rev_growth_yoy_accel": -0.36467141747932913,
      "fcf_margin_change": -0.5681350994561154
    },
    {
      "date": "2022-03-31T00:00:00",
      "quarter_label": "2022-03 (Q1)",
      "revenue": 13028394,
      "gross_profit": 11175278,
      "operating_income": -11764964,
      "net_income": -14177830,
      "opex": 22940242,
      "cogs": 1853116,
      "rd": 15541104,
      "sga": 7399138,
      "fcf": -4131902,
      "ocf": -3946677,
      "capex": -185225,
      "gross_margin": 0.8577632822587342,
      "op_margin": -0.9030248854924099,
      "fcf_margin": -0.31714591990386537,
      "rev_growth_yoy": -0.023394423307035193,
      "rev_growth_yoy_accel": 0.009571121101597801,
      "fcf_margin_change": 0.3167357445899646
    },
    {
      "date": "2022-06-30T00:00:00",
      "quarter_label": "2022-06 (Q2)",
      "revenue": 9602195,
      "gross_profit": 7068623,
      "operating_income": -21823775,
      "net_income": -22195576,
      "opex": 28892398,
      "cogs": 2533572,
      "rd": 18133412,
      "sga": 10758986,
      "fcf": -14118848,
      "ocf": -14022037,
      "capex": -96811,
      "gross_margin": 0.7361465789853258,
      "op_margin": -2.2727902318167876,
      "fcf_margin": -1.4703771377273633,
      "incr_op_margin_yoy": 2.353281602782031,
      "rev_growth_yoy": -0.4561385990342323,
      "rev_growth_yoy_accel": -0.43274417572719714,
      "fcf_margin_change": -1.153231217823498
    },
    {
      "date": "2022-09-30T00:00:00",
      "quarter_label": "2022-09 (Q3)",
      "revenue": 2588631,
      "gross_profit": 505405,
      "operating_income": -44672536,
      "net_income": -41022608,
      "opex": 45177941,
      "cogs": 2083226,
      "rd": 26890426,
      "sga": 18287515,
      "fcf": -21027305,
      "ocf": -20878498,
      "capex": -148807,
      "gross_margin": 0.19524026406235573,
      "op_margin": -17.257205063216812,
      "fcf_margin": -8.1229441353364,
      "incr_op_margin_yoy": 3.277827424451645,
      "rev_growth_yoy": -0.8345548449936918,
      "rev_growth_yoy_accel": -0.3784162459594595,
      "fcf_margin_change": -6.652566997609037
    },
    {
      "date": "2022-12-31T00:00:00",
      "quarter_label": "2022-12 (Q4)",
      "revenue": 2507794,
      "gross_profit": 702055,
      "operating_income": -35588159,
      "net_income": -36842179,
      "opex": 36290214,
      "cogs": 1805739,
      "rd": 18744349,
      "sga": 17545865,
      "fcf": -34819593,
      "ocf": -34534028,
      "capex": -285565,
      "gross_margin": 0.27994923027968005,
      "op_margin": -14.191021670838992,
      "fcf_margin": -13.884550724660798,
      "incr_op_margin_yoy": 2.633954048639508,
      "rev_growth_yoy": -0.8225843239383969,
      "rev_growth_yoy_accel": 0.011970521055294947,
      "fcf_margin_change": -5.761606589324398
    },
    {
      "date": "2023-03-31T00:00:00",
      "quarter_label": "2023-03 (Q1)",
      "revenue": 6585967,
      "gross_profit": 4092075,
      "operating_income": -39418766,
      "net_income": -38792906,
      "opex": 43510841,
      "cogs": 2493892,
      "rd": 22864633,
      "sga": 12834494,
      "fcf": -25697258,
      "ocf": -25555671,
      "capex": -141587,
      "gross_margin": 0.6213324482190694,
      "op_margin": -5.985266248676922,
      "fcf_margin": -3.901820036450228,
      "incr_op_margin_yoy": 4.292450966072258,
      "rev_growth_yoy": -0.49449126269899424,
      "rev_growth_yoy_accel": 0.32809306123940263,
      "op_leverage_ratio": 8.173129952942846,
      "fcf_margin_change": 9.98273068821057
    },
    {
      "date": "2023-06-30T00:00:00",
      "quarter_label": "2023-06 (Q2)",
      "revenue": 3341185,
      "gross_profit": 1230618,
      "operating_income": 4859345,
      "net_income": 6314204,
      "opex": 13828087,
      "cogs": 2110567,
      "rd": 2925171,
      "sga": 10902916,
      "fcf": -18457329,
      "ocf": -18431655,
      "capex": -25674,
      "gross_margin": 0.36831782735765906,
      "op_margin": 1.4543777132963305,
      "fcf_margin": -5.524186478749306,
      "incr_op_margin_yoy": -4.261791627868347,
      "rev_growth_yoy": -0.6520394555619835,
      "rev_growth_yoy_accel": -0.15754819286298927,
      "fcf_margin_change": -1.6223664422990782
    },
    {
      "date": "2023-09-30T00:00:00",
      "quarter_label": "2023-09 (Q3)",
      "revenue": 3862012,
      "gross_profit": 1541180,
      "operating_income": -23570897,
      "net_income": -23768072,
      "opex": 13378886,
      "cogs": 2320832,
      "rd": 6604327,
      "sga": 6774559,
      "fcf": -9705334,
      "ocf": -9492460,
      "capex": -212874,
      "gross_margin": 0.3990614218702583,
      "op_margin": -6.103268710713483,
      "fcf_margin": -2.513025334980834,
      "incr_op_margin_yoy": 16.57134746002964,
      "rev_growth_yoy": 0.4919129068608079,
      "rev_growth_yoy_accel": 1.1439523624227914,
      "op_leverage_ratio": null,
      "fcf_margin_change": 3.011161143768472
    },
    {
      "date": "2023-12-31T00:00:00",
      "quarter_label": "2023-12 (Q4)",
      "revenue": 2140726,
      "gross_profit": 1150452,
      "operating_income": -7882657,
      "net_income": -8275981,
      "opex": 9951481,
      "cogs": 990274,
      "rd": 1650050,
      "sga": 8301431,
      "fcf": -6020389,
      "ocf": -6020389,
      "capex": null,
      "gross_margin": 0.5374120742215491,
      "op_margin": -3.682235372485783,
      "fcf_margin": -2.8123118044999686,
      "rev_growth_yoy": -0.14637087416271033,
      "rev_growth_yoy_accel": -0.6382837810235182,
      "fcf_margin_change": -0.2992864695191346
    },
    {
      "date": "2024-03-31T00:00:00",
      "quarter_label": "2024-03 (Q1)",
      "revenue": 4135301,
      "gross_profit": 678299,
      "operating_income": -9888832,
      "net_income": -10025948,
      "opex": 10567131,
      "cogs": 3457002,
      "rd": 2986791,
      "sga": 7580340,
      "fcf": -5690697,
      "ocf": -5650041,
      "capex": -40656,
      "gross_margin": 0.16402651221761125,
      "op_margin": -2.391320970347745,
      "fcf_margin": -1.3761264294908642,
      "incr_op_margin_yoy": -12.04975871865036,
      "rev_growth_yoy": -0.3721042027693124,
      "rev_growth_yoy_accel": -0.22573332860660206,
      "op_leverage_ratio": 15.060629399398895,
      "fcf_margin_change": 1.4361853750091045
    },
    {
      "date": "2024-06-30T00:00:00",
      "quarter_label": "2024-06 (Q2)",
      "revenue": 3953870,
      "gross_profit": 1338015,
      "operating_income": -10938618,
      "net_income": -10968874,
      "opex": 12386633,
      "cogs": 2615855,
      "rd": 4879024,
      "sga": 7507609,
      "fcf": -5700439,
      "ocf": -5645809,
      "capex": -54630,
      "gross_margin": 0.33840642206243504,
      "op_margin": -2.766559851487277,
      "fcf_margin": -1.4417365770751187,
      "rev_growth_yoy": 0.18337356357100848,
      "rev_growth_yoy_accel": 0.5554777663403209,
      "fcf_margin_change": -0.06561014758425454
    },
    {
      "date": "2024-09-30T00:00:00",
      "quarter_label": "2024-09 (Q3)",
      "revenue": 6656522,
      "gross_profit": 2687211,
      "operating_income": -8205290,
      "net_income": -8530623,
      "opex": 11087037,
      "cogs": 3969311,
      "rd": 3292320,
      "sga": 7794717,
      "fcf": -4429130,
      "ocf": -4366094,
      "capex": -63036,
      "gross_margin": 0.4036959541334048,
      "op_margin": -1.2326692528019887,
      "fcf_margin": -0.6653820118073672,
      "incr_op_margin_yoy": 5.498497768839617,
      "rev_growth_yoy": 0.7235891550828946,
      "rev_growth_yoy_accel": 0.540215591511886,
      "op_leverage_ratio": null,
      "fcf_margin_change": 0.7763545652677515
    },
    {
      "date": "2025-03-31T00:00:00",
      "quarter_label": "2025-03 (Q1)",
      "revenue": 0,
      "gross_profit": null,
      "operating_income": -8122232,
      "net_income": -7901619,
      "opex": 9096535,
      "cogs": null,
      "rd": 3932102,
      "sga": 5164433,
      "fcf": -7736463,
      "ocf": -7736463,
      "capex": null,
      "gross_margin": null,
      "op_margin": null,
      "fcf_margin": null,
      "incr_op_margin_yoy": -0.4271998580030813,
      "rev_growth_yoy": -1.0,
      "rev_growth_yoy_accel": -1.7235891550828946
    },
    {
      "date": "2025-06-30T00:00:00",
      "quarter_label": "2025-06 (Q2)",
      "revenue": 0,
      "gross_profit": null,
      "operating_income": -7546476,
      "net_income": -7332820,
      "opex": 8031091,
      "cogs": null,
      "rd": 3020563,
      "sga": 5010528,
      "fcf": -5482302,
      "ocf": -5482302,
      "capex": null,
      "gross_margin": null,
      "op_margin": null,
      "fcf_margin": null,
      "incr_op_margin_yoy": -0.8579295727982964,
      "rev_growth_yoy": -1.0,
      "rev_growth_yoy_accel": 0.0
    }
  ],
  "signals": [
    {
      "quarter": "2025-03 (Q1)",
      "signal": "YoY REVENUE GROWTH DECELERATION",
      "detail": "YoY growth: -100.0% vs prior quarter YoY: +72.4% (decel: -172.4%)",
      "severity": "WARNING"
    },
    {
      "quarter": "2024-09 (Q3)",
      "signal": "FCF MARGIN EXPANSION",
      "detail": "FCF margin: -144.2% -> -66.5% (+77.6%)",
      "severity": "MEDIUM"
    },
    {
      "quarter": "2024-09 (Q3)",
      "signal": "YoY REVENUE GROWTH ACCELERATION",
      "detail": "YoY growth: +72.4% vs prior quarter YoY: +18.3% (accel: +54.0%)",
      "severity": "HIGH"
    },
    {
      "quarter": "2024-06 (Q2)",
      "signal": "GROSS MARGIN INFLECTION",
      "detail": "GM: +53.7% -> +16.4% -> +33.8% (reversal +17.4%)",
      "severity": "HIGH"
    },
    {
      "quarter": "2024-06 (Q2)",
      "signal": "YoY REVENUE GROWTH ACCELERATION",
      "detail": "YoY growth: +18.3% vs prior quarter YoY: -37.2% (accel: +55.5%)",
      "severity": "HIGH"
    },
    {
      "quarter": "2024-03 (Q1)",
      "signal": "FCF MARGIN EXPANSION",
      "detail": "FCF margin: -281.2% -> -137.6% (+143.6%)",
      "severity": "MEDIUM"
    },
    {
      "quarter": "2024-03 (Q1)",
      "signal": "OPERATING LEVERAGE",
      "detail": "Rev growth +93.2% vs OpEx growth +6.2% (leverage: 15.1x)",
      "severity": "MEDIUM"
    },
    {
      "quarter": "2024-03 (Q1)",
      "signal": "YoY REVENUE GROWTH DECELERATION",
      "detail": "YoY growth: -37.2% vs prior quarter YoY: -14.6% (decel: -22.6%)",
      "severity": "WARNING"
    },
    {
      "quarter": "2023-12 (Q4)",
      "signal": "YoY REVENUE GROWTH DECELERATION",
      "detail": "YoY growth: -14.6% vs prior quarter YoY: +49.2% (decel: -63.8%)",
      "severity": "WARNING"
    },
    {
      "quarter": "2023-09 (Q3)",
      "signal": "FCF MARGIN EXPANSION",
      "detail": "FCF margin: -552.4% -> -251.3% (+301.1%)",
      "severity": "MEDIUM"
    },
    {
      "quarter": "2023-09 (Q3)",
      "signal": "GROSS MARGIN INFLECTION",
      "detail": "GM: +62.1% -> +36.8% -> +39.9% (reversal +3.1%)",
      "severity": "MEDIUM"
    },
    {
      "quarter": "2023-09 (Q3)",
      "signal": "YoY REVENUE GROWTH ACCELERATION",
      "detail": "YoY growth: +49.2% vs prior quarter YoY: -65.2% (accel: +114.4%)",
      "severity": "HIGH"
    },
    {
      "quarter": "2023-06 (Q2)",
      "signal": "YoY REVENUE GROWTH DECELERATION",
      "detail": "YoY growth: -65.2% vs prior quarter YoY: -49.4% (decel: -15.8%)",
      "severity": "WARNING"
    },
    {
      "quarter": "2023-06 (Q2)",
      "signal": "OP MARGIN TURNED POSITIVE (YoY)",
      "detail": "Op margin: -227.3% (year-ago) -> +145.4%",
      "severity": "HIGH"
    },
    {
      "quarter": "2023-06 (Q2)",
      "signal": "OP MARGIN TURNED POSITIVE (QoQ)",
      "detail": "Op margin: -598.5% -> +145.4%",
      "severity": "HIGH"
    },
    {
      "quarter": "2023-03 (Q1)",
      "signal": "FCF MARGIN EXPANSION",
      "detail": "FCF margin: -1388.5% -> -390.2% (+998.3%)",
      "severity": "MEDIUM"
    },
    {
      "quarter": "2023-03 (Q1)",
      "signal": "OPERATING LEVERAGE",
      "detail": "Rev growth +162.6% vs OpEx growth +19.9% (leverage: 8.2x)",
      "severity": "MEDIUM"
    },
    {
      "quarter": "2023-03 (Q1)",
      "signal": "YoY REVENUE GROWTH ACCELERATION",
      "detail": "YoY growth: -49.4% vs prior quarter YoY: -82.3% (accel: +32.8%)",
      "severity": "HIGH"
    },
    {
      "quarter": "2022-12 (Q4)",
      "signal": "GROSS MARGIN INFLECTION",
      "detail": "GM: +73.6% -> +19.5% -> +28.0% (reversal +8.5%)",
      "severity": "HIGH"
    },
    {
      "quarter": "2022-09 (Q3)",
      "signal": "YoY REVENUE GROWTH DECELERATION",
      "detail": "YoY growth: -83.5% vs prior quarter YoY: -45.6% (decel: -37.8%)",
      "severity": "WARNING"
    },
    {
      "quarter": "2022-06 (Q2)",
      "signal": "YoY REVENUE GROWTH DECELERATION",
      "detail": "YoY growth: -45.6% vs prior quarter YoY: -2.3% (decel: -43.3%)",
      "severity": "WARNING"
    },
    {
      "quarter": "2022-03 (Q1)",
      "signal": "FCF MARGIN EXPANSION",
      "detail": "FCF margin: -63.4% -> -31.7% (+31.7%)",
      "severity": "MEDIUM"
    },
    {
      "quarter": "2021-12 (Q4)",
      "signal": "YoY REVENUE GROWTH DECELERATION",
      "detail": "YoY growth: -3.3% vs prior quarter YoY: +33.2% (decel: -36.5%)",
      "severity": "WARNING"
    },
    {
      "quarter": "2021-09 (Q3)",
      "signal": "FCF MARGIN EXPANSION",
      "detail": "FCF margin: -73.5% -> -6.6% (+66.9%)",
      "severity": "MEDIUM"
    },
    {
      "quarter": "2021-09 (Q3)",
      "signal": "YoY REVENUE GROWTH DECELERATION",
      "detail": "YoY growth: +33.2% vs prior quarter YoY: +71.1% (decel: -37.9%)",
      "severity": "WARNING"
    },
    {
      "quarter": "2021-03 (Q1)",
      "signal": "GROSS MARGIN INFLECTION",
      "detail": "GM: +81.4% -> +74.1% -> +81.8% (reversal +7.6%)",
      "severity": "HIGH"
    }
  ],
  "data_quality": {
    "n_quarters": 20,
    "coverage": {
      "revenue": [
        20,
        20
      ],
      "gross_profit": [
        18,
        20
      ],
      "op_income": [
        17,
        20
      ],
      "fcf": [
        17,
        20
      ]
    },
    "gaps": [
      [
        "2024-09 (Q3)",
        "2025-03 (Q1)",
        182
      ]
    ],
    "warnings": [
      "gap: 1Q missing between 2024-09 (Q3) and 2025-03 (Q1)"
    ]
  },
  "market_cap": null,
  "source": "SEC EDGAR",
  "last_updated": "2026-02-24T10:59:48.322927"
}