{
  "ticker": "VERX",
  "name": "Vertex, Inc.",
  "quarters": [
    {
      "date": "2020-12-31T00:00:00",
      "quarter_label": "2020-12 (Q4)",
      "revenue": 99544000,
      "gross_profit": 63332000,
      "operating_income": 2493000,
      "net_income": 230000,
      "opex": 60839000,
      "cogs": 36212000,
      "rd": 11143000,
      "sga": null,
      "fcf": 33526000,
      "ocf": 39499000,
      "capex": -5973000,
      "gross_margin": 0.6362211685284899,
      "op_margin": 0.02504420155910954,
      "fcf_margin": 0.3367957887969139
    },
    {
      "date": "2021-03-31T00:00:00",
      "quarter_label": "2021-03 (Q1)",
      "revenue": 98236000,
      "gross_profit": 61303000,
      "operating_income": 2144000,
      "net_income": 2288000,
      "opex": 59159000,
      "cogs": 36933000,
      "rd": 11459000,
      "sga": null,
      "fcf": -9160000,
      "ocf": -2965000,
      "capex": -6195000,
      "gross_margin": 0.6240380308644489,
      "op_margin": 0.0218249928743027,
      "fcf_margin": -0.09324483895924102,
      "fcf_margin_change": -0.4300406277561549
    },
    {
      "date": "2021-06-30T00:00:00",
      "quarter_label": "2021-06 (Q2)",
      "revenue": 104938000,
      "gross_profit": 67559000,
      "operating_income": -1458000,
      "net_income": 808000,
      "opex": 69017000,
      "cogs": 37379000,
      "rd": 11926000,
      "sga": null,
      "fcf": 19737000,
      "ocf": 29430000,
      "capex": -9693000,
      "gross_margin": 0.6437991957155654,
      "op_margin": -0.01389391831367093,
      "fcf_margin": 0.18808248680173054,
      "op_leverage_ratio": 0.4094168980127775,
      "fcf_margin_change": 0.2813273257609715
    },
    {
      "date": "2021-09-30T00:00:00",
      "quarter_label": "2021-09 (Q3)",
      "revenue": 110718000,
      "gross_profit": 66780000,
      "operating_income": -3614000,
      "net_income": -3948000,
      "opex": 70394000,
      "cogs": 43938000,
      "rd": 9879000,
      "sga": null,
      "fcf": 18192000,
      "ocf": 26203000,
      "capex": -8011000,
      "gross_margin": 0.6031539587059015,
      "op_margin": -0.03264148557596777,
      "fcf_margin": 0.16430932639679185,
      "op_leverage_ratio": 2.760687145307905,
      "fcf_margin_change": -0.02377316040493868
    },
    {
      "date": "2021-12-31T00:00:00",
      "quarter_label": "2021-12 (Q4)",
      "revenue": 111656000,
      "gross_profit": 68014000,
      "operating_income": -14000,
      "net_income": -627000,
      "opex": 68028000,
      "cogs": 43642000,
      "rd": 10754000,
      "sga": null,
      "fcf": 29814000,
      "ocf": 37621000,
      "capex": -7807000,
      "gross_margin": 0.6091387834061761,
      "op_margin": -0.00012538511141362756,
      "fcf_margin": 0.2670165508347066,
      "incr_op_margin_yoy": -0.20698480845442535,
      "rev_growth_yoy": 0.121674837257896,
      "fcf_margin_change": 0.10270722443791475
    },
    {
      "date": "2022-03-31T00:00:00",
      "quarter_label": "2022-03 (Q1)",
      "revenue": 114984000,
      "gross_profit": 70118000,
      "operating_income": 468000,
      "net_income": -334000,
      "opex": 69650000,
      "cogs": 44866000,
      "rd": 9633000,
      "sga": null,
      "fcf": -11278000,
      "ocf": -367000,
      "capex": -10911000,
      "gross_margin": 0.6098065817852919,
      "op_margin": 0.004070131496556042,
      "fcf_margin": -0.09808321157726292,
      "incr_op_margin_yoy": -0.10007165034631,
      "rev_growth_yoy": 0.1704873976953459,
      "rev_growth_yoy_accel": 0.0488125604374499,
      "op_leverage_ratio": 1.2500808587093333,
      "fcf_margin_change": -0.3650997624119695
    },
    {
      "date": "2022-06-30T00:00:00",
      "quarter_label": "2022-06 (Q2)",
      "revenue": 119276000,
      "gross_profit": 71147000,
      "operating_income": -4296000,
      "net_income": -5520000,
      "opex": 75443000,
      "cogs": 48129000,
      "rd": 10310000,
      "sga": null,
      "fcf": -1973000,
      "ocf": 8955000,
      "capex": -10928000,
      "gross_margin": 0.5964904926389215,
      "op_margin": -0.036017304403232836,
      "fcf_margin": -0.016541466849994968,
      "incr_op_margin_yoy": -0.19793555586553216,
      "rev_growth_yoy": 0.13663305952085994,
      "rev_growth_yoy_accel": -0.033854338174485965,
      "op_leverage_ratio": 0.4487866122284229,
      "fcf_margin_change": 0.08154174472726795
    },
    {
      "date": "2022-09-30T00:00:00",
      "quarter_label": "2022-09 (Q3)",
      "revenue": 126238000,
      "gross_profit": 75580000,
      "operating_income": -871000,
      "net_income": -1141000,
      "opex": 76451000,
      "cogs": 50658000,
      "rd": 10351000,
      "sga": null,
      "fcf": 3304000,
      "ocf": 15011000,
      "capex": -11707000,
      "gross_margin": 0.5987103724710467,
      "op_margin": -0.006899665710800235,
      "fcf_margin": 0.026172784739935676,
      "incr_op_margin_yoy": 0.1767396907216495,
      "rev_growth_yoy": 0.1401759424845102,
      "rev_growth_yoy_accel": 0.003542882963650268,
      "op_leverage_ratio": 4.368570717269324,
      "fcf_margin_change": 0.04271425158993064
    },
    {
      "date": "2022-12-31T00:00:00",
      "quarter_label": "2022-12 (Q4)",
      "revenue": 131126000,
      "gross_profit": 81647000,
      "operating_income": -3383000,
      "net_income": -5309000,
      "opex": 85030000,
      "cogs": 49479000,
      "rd": 11583000,
      "sga": null,
      "fcf": 28263000,
      "ocf": 40249000,
      "capex": -11986000,
      "gross_margin": 0.6226606470112716,
      "op_margin": -0.025799612586367312,
      "fcf_margin": 0.2155407775727163,
      "incr_op_margin_yoy": -0.17303543913713404,
      "rev_growth_yoy": 0.1743748656588092,
      "rev_growth_yoy_accel": 0.034198923174298984,
      "op_leverage_ratio": 0.34505441970309686,
      "fcf_margin_change": 0.18936799283278063
    },
    {
      "date": "2023-03-31T00:00:00",
      "quarter_label": "2023-03 (Q1)",
      "revenue": 132751000,
      "gross_profit": 81004000,
      "operating_income": -8929000,
      "net_income": -18132000,
      "opex": 89933000,
      "cogs": 51747000,
      "rd": 15862000,
      "sga": null,
      "fcf": -6558000,
      "ocf": 3491000,
      "capex": -10049000,
      "gross_margin": 0.6101950267794592,
      "op_margin": -0.06726126356863601,
      "fcf_margin": -0.04940075780973401,
      "incr_op_margin_yoy": -0.5289018967749198,
      "rev_growth_yoy": 0.15451715021220344,
      "rev_growth_yoy_accel": -0.01985771544660575,
      "op_leverage_ratio": 0.21491901322581342,
      "fcf_margin_change": -0.2649415353824503
    },
    {
      "date": "2023-06-30T00:00:00",
      "quarter_label": "2023-06 (Q2)",
      "revenue": 139695000,
      "gross_profit": 85816000,
      "operating_income": -4072000,
      "net_income": -6896000,
      "opex": 89888000,
      "cogs": 53879000,
      "rd": 12680000,
      "sga": null,
      "fcf": -16199000,
      "ocf": -4389000,
      "capex": -11810000,
      "gross_margin": 0.6143097462328645,
      "op_margin": -0.02914921793908157,
      "fcf_margin": -0.11595976949783457,
      "incr_op_margin_yoy": 0.010970174837161468,
      "rev_growth_yoy": 0.17119118682719073,
      "rev_growth_yoy_accel": 0.016674036614987287,
      "op_leverage_ratio": Infinity,
      "fcf_margin_change": -0.06655901168810055
    },
    {
      "date": "2023-09-30T00:00:00",
      "quarter_label": "2023-09 (Q3)",
      "revenue": 145027000,
      "gross_profit": 88156000,
      "operating_income": -2018000,
      "net_income": -3399000,
      "opex": 90174000,
      "cogs": 56871000,
      "rd": 16772000,
      "sga": null,
      "fcf": 14096000,
      "ocf": 27594000,
      "capex": -13498000,
      "gross_margin": 0.60785922621305,
      "op_margin": -0.01391465037544733,
      "fcf_margin": 0.09719569459479958,
      "incr_op_margin_yoy": -0.06104635691095854,
      "rev_growth_yoy": 0.14883790934583882,
      "rev_growth_yoy_accel": -0.022353277481351908,
      "op_leverage_ratio": 11.996234954422434,
      "fcf_margin_change": 0.21315546409263414
    },
    {
      "date": "2023-12-31T00:00:00",
      "quarter_label": "2023-12 (Q4)",
      "revenue": 154914000,
      "gross_profit": 93603000,
      "operating_income": -2491000,
      "net_income": 15334000,
      "opex": 96094000,
      "cogs": 61311000,
      "rd": 12898000,
      "sga": null,
      "fcf": 33732000,
      "ocf": 47636000,
      "capex": -13904000,
      "gross_margin": 0.6042255703164336,
      "op_margin": -0.016079889487070245,
      "fcf_margin": 0.21774662070568188,
      "incr_op_margin_yoy": 0.03749789809988229,
      "rev_growth_yoy": 0.18141329713405427,
      "rev_growth_yoy_accel": 0.03257538778821545,
      "op_leverage_ratio": 1.0384253915254178,
      "fcf_margin_change": 0.12055092611088229
    },
    {
      "date": "2024-03-31T00:00:00",
      "quarter_label": "2024-03 (Q1)",
      "revenue": 156781000,
      "gross_profit": 95792000,
      "operating_income": -1565000,
      "net_income": 2684000,
      "opex": 97357000,
      "cogs": 60989000,
      "rd": 16845000,
      "sga": null,
      "fcf": 10117000,
      "ocf": 24566000,
      "capex": -14449000,
      "gross_margin": 0.6109924034162303,
      "op_margin": -0.009982076909829635,
      "fcf_margin": 0.06452950293721815,
      "incr_op_margin_yoy": 0.30645027049521434,
      "rev_growth_yoy": 0.18101558556997688,
      "rev_growth_yoy_accel": -0.00039771156407739094,
      "op_leverage_ratio": 0.9169519346422341,
      "fcf_margin_change": -0.15321711776846372
    },
    {
      "date": "2024-06-30T00:00:00",
      "quarter_label": "2024-06 (Q2)",
      "revenue": 161104000,
      "gross_profit": 102688000,
      "operating_income": 7545000,
      "net_income": 5164000,
      "opex": 95143000,
      "cogs": 58416000,
      "rd": 14614000,
      "sga": null,
      "fcf": 57726000,
      "ocf": 57726000,
      "capex": null,
      "gross_margin": 0.6374019267057305,
      "op_margin": 0.04683310159896713,
      "fcf_margin": 0.3583151256331314,
      "incr_op_margin_yoy": 0.5426222616656546,
      "rev_growth_yoy": 0.15325530620279895,
      "rev_growth_yoy_accel": -0.027760279367177926,
      "op_leverage_ratio": Infinity,
      "fcf_margin_change": 0.29378562269591324
    },
    {
      "date": "2024-09-30T00:00:00",
      "quarter_label": "2024-09 (Q3)",
      "revenue": 170435000,
      "gross_profit": 110524000,
      "operating_income": 4896000,
      "net_income": 7221000,
      "opex": 105628000,
      "cogs": 59911000,
      "rd": 15621000,
      "sga": null,
      "fcf": 41396000,
      "ocf": 41396000,
      "capex": null,
      "gross_margin": 0.6484818259160384,
      "op_margin": 0.02872649397130871,
      "fcf_margin": 0.2428843840760407,
      "incr_op_margin_yoy": 0.27211901763224183,
      "rev_growth_yoy": 0.17519496369641516,
      "rev_growth_yoy_accel": 0.021939657493616205,
      "op_leverage_ratio": 0.5255696430206208,
      "fcf_margin_change": -0.11543074155709068
    },
    {
      "date": "2024-12-31T00:00:00",
      "quarter_label": "2024-12 (Q4)",
      "revenue": 178456000,
      "gross_profit": 117121000,
      "operating_income": -13104000,
      "net_income": -67798000,
      "opex": 130225000,
      "cogs": 61335000,
      "rd": 19586000,
      "sga": null,
      "fcf": 41133000,
      "ocf": 41133000,
      "capex": null,
      "gross_margin": 0.6563018335051778,
      "op_margin": -0.07342986506477787,
      "fcf_margin": 0.23049379118662303,
      "incr_op_margin_yoy": -0.4508113159459689,
      "rev_growth_yoy": 0.1519681888015286,
      "rev_growth_yoy_accel": -0.02322677489488656,
      "op_leverage_ratio": 0.20210015520301974,
      "fcf_margin_change": -0.012390592889417684
    },
    {
      "date": "2025-03-31T00:00:00",
      "quarter_label": "2025-03 (Q1)",
      "revenue": 177062000,
      "gross_profit": 112994000,
      "operating_income": 4486000,
      "net_income": 11130000,
      "opex": 108508000,
      "cogs": 64068000,
      "rd": 20886000,
      "sga": null,
      "fcf": 14805000,
      "ocf": 14805000,
      "capex": null,
      "gross_margin": 0.638160644294089,
      "op_margin": 0.025335758096034156,
      "fcf_margin": 0.08361477900396472,
      "incr_op_margin_yoy": 0.2983580691287412,
      "rev_growth_yoy": 0.12935878709792642,
      "rev_growth_yoy_accel": -0.022609401703602178,
      "fcf_margin_change": -0.1468790121826583
    },
    {
      "date": "2025-06-30T00:00:00",
      "quarter_label": "2025-06 (Q2)",
      "revenue": 184559000,
      "gross_profit": 121200000,
      "operating_income": -3864000,
      "net_income": -961000,
      "opex": 125064000,
      "cogs": 63359000,
      "rd": 20582000,
      "sga": null,
      "fcf": 46003000,
      "ocf": 46003000,
      "capex": null,
      "gross_margin": 0.6567005672982623,
      "op_margin": -0.020936394323766382,
      "fcf_margin": 0.2492590445331845,
      "incr_op_margin_yoy": -0.48642080579833724,
      "rev_growth_yoy": 0.14558918462608006,
      "rev_growth_yoy_accel": 0.01623039752815364,
      "op_leverage_ratio": 0.27750351364017983,
      "fcf_margin_change": 0.1656442655292198
    },
    {
      "date": "2025-09-30T00:00:00",
      "quarter_label": "2025-09 (Q3)",
      "revenue": 192112000,
      "gross_profit": 121316000,
      "operating_income": 4320000,
      "net_income": 4045000,
      "opex": 116996000,
      "cogs": 70796000,
      "rd": 19929000,
      "sga": null,
      "fcf": 62467000,
      "ocf": 62467000,
      "capex": null,
      "gross_margin": 0.6314857999500292,
      "op_margin": 0.022486882651786458,
      "fcf_margin": 0.32515928208545014,
      "incr_op_margin_yoy": -0.026571942611985054,
      "rev_growth_yoy": 0.12718631736439112,
      "rev_growth_yoy_accel": -0.018402867261688938,
      "op_leverage_ratio": Infinity,
      "fcf_margin_change": 0.07590023755226563
    }
  ],
  "signals": [
    {
      "quarter": "2025-09 (Q3)",
      "signal": "FCF MARGIN EXPANSION",
      "detail": "FCF margin: +24.9% -> +32.5% (+7.6%)",
      "severity": "MEDIUM"
    },
    {
      "quarter": "2025-09 (Q3)",
      "signal": "OP MARGIN TURNED POSITIVE (QoQ)",
      "detail": "Op margin: -2.1% -> +2.2%",
      "severity": "HIGH"
    },
    {
      "quarter": "2025-06 (Q2)",
      "signal": "FCF MARGIN EXPANSION",
      "detail": "FCF margin: +8.4% -> +24.9% (+16.6%)",
      "severity": "MEDIUM"
    },
    {
      "quarter": "2025-03 (Q1)",
      "signal": "OP MARGIN TURNED POSITIVE (YoY)",
      "detail": "Op margin: -1.0% (year-ago) -> +2.5%",
      "severity": "HIGH"
    },
    {
      "quarter": "2025-03 (Q1)",
      "signal": "OP MARGIN TURNED POSITIVE (QoQ)",
      "detail": "Op margin: -7.3% -> +2.5%",
      "severity": "HIGH"
    },
    {
      "quarter": "2024-09 (Q3)",
      "signal": "OP MARGIN TURNED POSITIVE (YoY)",
      "detail": "Op margin: -1.4% (year-ago) -> +2.9%",
      "severity": "HIGH"
    },
    {
      "quarter": "2024-06 (Q2)",
      "signal": "FCF MARGIN EXPANSION",
      "detail": "FCF margin: +6.5% -> +35.8% (+29.4%)",
      "severity": "MEDIUM"
    },
    {
      "quarter": "2024-06 (Q2)",
      "signal": "OP MARGIN TURNED POSITIVE (YoY)",
      "detail": "Op margin: -2.9% (year-ago) -> +4.7%",
      "severity": "HIGH"
    },
    {
      "quarter": "2024-06 (Q2)",
      "signal": "OP MARGIN TURNED POSITIVE (QoQ)",
      "detail": "Op margin: -1.0% -> +4.7%",
      "severity": "HIGH"
    },
    {
      "quarter": "2023-12 (Q4)",
      "signal": "FCF MARGIN EXPANSION",
      "detail": "FCF margin: +9.7% -> +21.8% (+12.1%)",
      "severity": "MEDIUM"
    },
    {
      "quarter": "2023-09 (Q3)",
      "signal": "FCF TURNED POSITIVE",
      "detail": "FCF margin: -11.6% -> +9.7%",
      "severity": "HIGH"
    },
    {
      "quarter": "2023-09 (Q3)",
      "signal": "OPERATING LEVERAGE",
      "detail": "Rev growth +3.8% vs OpEx growth +0.3% (leverage: 12.0x)",
      "severity": "MEDIUM"
    },
    {
      "quarter": "2022-12 (Q4)",
      "signal": "FCF MARGIN EXPANSION",
      "detail": "FCF margin: +2.6% -> +21.6% (+18.9%)",
      "severity": "MEDIUM"
    },
    {
      "quarter": "2022-09 (Q3)",
      "signal": "FCF TURNED POSITIVE",
      "detail": "FCF margin: -1.7% -> +2.6%",
      "severity": "HIGH"
    },
    {
      "quarter": "2022-09 (Q3)",
      "signal": "OPERATING LEVERAGE",
      "detail": "Rev growth +5.8% vs OpEx growth +1.3% (leverage: 4.4x)",
      "severity": "MEDIUM"
    },
    {
      "quarter": "2022-06 (Q2)",
      "signal": "FCF MARGIN EXPANSION",
      "detail": "FCF margin: -9.8% -> -1.7% (+8.2%)",
      "severity": "MEDIUM"
    },
    {
      "quarter": "2022-03 (Q1)",
      "signal": "OP MARGIN TURNED POSITIVE (QoQ)",
      "detail": "Op margin: -0.0% -> +0.4%",
      "severity": "HIGH"
    },
    {
      "quarter": "2021-12 (Q4)",
      "signal": "FCF MARGIN EXPANSION",
      "detail": "FCF margin: +16.4% -> +26.7% (+10.3%)",
      "severity": "MEDIUM"
    },
    {
      "quarter": "2021-09 (Q3)",
      "signal": "OPERATING LEVERAGE",
      "detail": "Rev growth +5.5% vs OpEx growth +2.0% (leverage: 2.8x)",
      "severity": "MEDIUM"
    },
    {
      "quarter": "2021-06 (Q2)",
      "signal": "FCF TURNED POSITIVE",
      "detail": "FCF margin: -9.3% -> +18.8%",
      "severity": "HIGH"
    }
  ],
  "data_quality": {
    "n_quarters": 20,
    "coverage": {
      "revenue": [
        20,
        20
      ],
      "gross_profit": [
        20,
        20
      ],
      "op_income": [
        20,
        20
      ],
      "fcf": [
        20,
        20
      ]
    },
    "gaps": [],
    "warnings": []
  },
  "market_cap": null,
  "source": "SEC EDGAR",
  "last_updated": "2026-02-02T21:21:42.023297"
}