{
  "ticker": "VFC",
  "name": "V. F. Corporation",
  "quarters": [
    {
      "date": "2021-04-03T00:00:00",
      "quarter_label": "2021-04 (Q2)",
      "revenue": 2582672000,
      "gross_profit": 1346273000,
      "operating_income": 122493000,
      "net_income": 89520000,
      "opex": 2460179000,
      "cogs": 1236399000,
      "rd": null,
      "sga": 1203419000,
      "fcf": 171169000,
      "ocf": 171169000,
      "capex": null,
      "gross_margin": 0.5212713809573961,
      "op_margin": 0.04742878693074459,
      "fcf_margin": 0.06627593438113706
    },
    {
      "date": "2021-07-03T00:00:00",
      "quarter_label": "2021-07 (Q3)",
      "revenue": 2194557000,
      "gross_profit": 1239006000,
      "operating_income": 202884000,
      "net_income": 324245000,
      "opex": 1991673000,
      "cogs": 955551000,
      "rd": null,
      "sga": 1036122000,
      "fcf": 81008000,
      "ocf": 81008000,
      "capex": null,
      "gross_margin": 0.5645813710922067,
      "op_margin": 0.0924487265539241,
      "fcf_margin": 0.03691314465744112,
      "fcf_margin_change": -0.029362789723695944
    },
    {
      "date": "2021-10-02T00:00:00",
      "quarter_label": "2021-10 (Q4)",
      "revenue": 3198235000,
      "gross_profit": 1718789000,
      "operating_income": 558486000,
      "net_income": 464053000,
      "opex": 2639749000,
      "cogs": 1479446000,
      "rd": null,
      "sga": 1160303000,
      "fcf": -252145000,
      "ocf": -252145000,
      "capex": null,
      "gross_margin": 0.5374179821057552,
      "op_margin": 0.1746231906035673,
      "fcf_margin": -0.07883879702398354,
      "op_leverage_ratio": 1.4055284365256708,
      "fcf_margin_change": -0.11575194168142466
    },
    {
      "date": "2022-01-01T00:00:00",
      "quarter_label": "2022-01 (Q1)",
      "revenue": 3624384000,
      "gross_profit": 2031780000,
      "operating_income": 678442000,
      "net_income": 517801000,
      "opex": 2945942000,
      "cogs": 1592604000,
      "rd": null,
      "sga": 1353338000,
      "fcf": 968517000,
      "ocf": 968517000,
      "capex": null,
      "gross_margin": 0.5605862954918684,
      "op_margin": 0.1871882228814607,
      "fcf_margin": 0.2672225128463209,
      "op_leverage_ratio": 1.1487313620738566,
      "fcf_margin_change": 0.3460613098703045
    },
    {
      "date": "2022-04-02T00:00:00",
      "quarter_label": "2022-04 (Q2)",
      "revenue": 2824664000,
      "gross_profit": 1465872000,
      "operating_income": 192392000,
      "net_income": 80842000,
      "opex": 2632272000,
      "cogs": 1358792000,
      "rd": null,
      "sga": 1273480000,
      "fcf": 66908000,
      "ocf": 66908000,
      "capex": null,
      "gross_margin": 0.5189544667967588,
      "op_margin": 0.06811146387676552,
      "fcf_margin": 0.023687065081014945,
      "incr_op_margin_yoy": 0.28884839168236964,
      "rev_growth_yoy": 0.09369830934783821,
      "fcf_margin_change": -0.24353544776530597
    },
    {
      "date": "2022-07-02T00:00:00",
      "quarter_label": "2022-07 (Q3)",
      "revenue": 2261595000,
      "gross_profit": 1218613000,
      "operating_income": 63362000,
      "net_income": -55960000,
      "opex": 2198233000,
      "cogs": 1042982000,
      "rd": null,
      "sga": 1155251000,
      "fcf": -358320000,
      "ocf": -358320000,
      "capex": null,
      "gross_margin": 0.5388290122678906,
      "op_margin": 0.02801651047159195,
      "fcf_margin": -0.1584368554051455,
      "incr_op_margin_yoy": -2.081237507085534,
      "rev_growth_yoy": 0.030547395214615067,
      "rev_growth_yoy_accel": -0.06315091413322314,
      "fcf_margin_change": -0.18212392048616044
    },
    {
      "date": "2022-10-01T00:00:00",
      "quarter_label": "2022-10 (Q4)",
      "revenue": 3080600000,
      "gross_profit": 1582423000,
      "operating_income": -90819000,
      "net_income": -118432000,
      "opex": 3171419000,
      "cogs": 1498177000,
      "rd": null,
      "sga": 1251320000,
      "fcf": -555637000,
      "ocf": -555637000,
      "capex": null,
      "gross_margin": 0.5136736350061676,
      "op_margin": -0.02948094527040187,
      "fcf_margin": -0.18036648704797767,
      "incr_op_margin_yoy": 5.5196582649721595,
      "rev_growth_yoy": -0.036781224644217826,
      "rev_growth_yoy_accel": -0.0673286198588329,
      "op_leverage_ratio": 0.8179930022022653,
      "fcf_margin_change": -0.02192963164283218
    },
    {
      "date": "2022-12-31T00:00:00",
      "quarter_label": "2022-12 (Q4)",
      "revenue": 3530667000,
      "gross_profit": 1937619000,
      "operating_income": 516033000,
      "net_income": 507868000,
      "opex": 3014634000,
      "cogs": 1593048000,
      "rd": null,
      "sga": 1421586000,
      "fcf": 80485000,
      "ocf": 80485000,
      "capex": null,
      "gross_margin": 0.5487968703930447,
      "op_margin": 0.14615736913166832,
      "fcf_margin": 0.022795975944488674,
      "incr_op_margin_yoy": 1.7329726730475794,
      "rev_growth_yoy": -0.02585735948508767,
      "rev_growth_yoy_accel": 0.010923865159130155,
      "op_leverage_ratio": Infinity,
      "fcf_margin_change": 0.20316246299246635
    },
    {
      "date": "2023-04-01T00:00:00",
      "quarter_label": "2023-04 (Q2)",
      "revenue": 2739613000,
      "gross_profit": 1358024000,
      "operating_income": -160883000,
      "net_income": -214892000,
      "opex": 2900496000,
      "cogs": 1381589000,
      "rd": null,
      "sga": 1205820000,
      "fcf": 177677000,
      "ocf": 177677000,
      "capex": null,
      "gross_margin": 0.4956992100709115,
      "op_margin": -0.05872471768822823,
      "fcf_margin": 0.064854780583973,
      "incr_op_margin_yoy": 4.153684260032216,
      "rev_growth_yoy": -0.03011012991279671,
      "rev_growth_yoy_accel": -0.004252770427709038,
      "fcf_margin_change": 0.04205880463948432
    },
    {
      "date": "2023-07-01T00:00:00",
      "quarter_label": "2023-07 (Q3)",
      "revenue": 2086336000,
      "gross_profit": 1101067000,
      "operating_income": -8992000,
      "net_income": -57425000,
      "opex": 2095328000,
      "cogs": 985269000,
      "rd": null,
      "sga": 1110059000,
      "fcf": 163575000,
      "ocf": 163575000,
      "capex": null,
      "gross_margin": 0.5277515222859597,
      "op_margin": -0.004309948157918955,
      "fcf_margin": 0.07840299932513267,
      "incr_op_margin_yoy": 0.4128404247428092,
      "rev_growth_yoy": -0.07749353885200488,
      "rev_growth_yoy_accel": -0.04738340893920817,
      "fcf_margin_change": 0.013548218741159676
    },
    {
      "date": "2023-09-30T00:00:00",
      "quarter_label": "2023-09 (Q3)",
      "revenue": 3034239000,
      "gross_profit": 1555211000,
      "operating_income": 362927000,
      "net_income": -450697000,
      "opex": 2671312000,
      "cogs": 1479028000,
      "rd": null,
      "sga": 1192284000,
      "fcf": -182836000,
      "ocf": -182836000,
      "capex": null,
      "gross_margin": 0.5125538891300256,
      "op_margin": 0.11961055144304716,
      "fcf_margin": -0.060257613193950774,
      "incr_op_margin_yoy": -9.787234960419317,
      "rev_growth_yoy": -0.015049341037460235,
      "rev_growth_yoy_accel": 0.06244419781454465,
      "op_leverage_ratio": 1.652803572301897,
      "fcf_margin_change": -0.13866061251908346
    },
    {
      "date": "2023-12-30T00:00:00",
      "quarter_label": "2023-12 (Q4)",
      "revenue": 2960283000,
      "gross_profit": 1632412000,
      "operating_income": -32232000,
      "net_income": -42452000,
      "opex": 2992515000,
      "cogs": 1327871000,
      "rd": null,
      "sga": 1407548000,
      "fcf": 1125008000,
      "ocf": 1125008000,
      "capex": null,
      "gross_margin": 0.5514378186139636,
      "op_margin": -0.010888148193939566,
      "fcf_margin": 0.38003393594463775,
      "incr_op_margin_yoy": 0.961220861735252,
      "rev_growth_yoy": -0.16155134426441237,
      "rev_growth_yoy_accel": -0.14650200322695214,
      "fcf_margin_change": 0.44029154913858853
    },
    {
      "date": "2024-03-30T00:00:00",
      "quarter_label": "2024-03 (Q1)",
      "revenue": 2373809000,
      "gross_profit": 1148532000,
      "operating_income": -355765000,
      "net_income": -418308000,
      "opex": 2729574000,
      "cogs": 1225277000,
      "rd": null,
      "sga": 1253827000,
      "fcf": -91166000,
      "ocf": -91166000,
      "capex": null,
      "gross_margin": 0.48383505159850687,
      "op_margin": -0.14987094580903518,
      "fcf_margin": -0.0384049432789243,
      "incr_op_margin_yoy": 0.5327497785699445,
      "rev_growth_yoy": -0.13352396853132176,
      "rev_growth_yoy_accel": 0.02802737573309061,
      "fcf_margin_change": -0.41843887922356204
    },
    {
      "date": "2024-06-29T00:00:00",
      "quarter_label": "2024-06 (Q2)",
      "revenue": 1907301000,
      "gross_profit": 991658000,
      "operating_income": -239893000,
      "net_income": -258886000,
      "opex": 2147194000,
      "cogs": 915643000,
      "rd": null,
      "sga": 1086551000,
      "fcf": 19830000,
      "ocf": 19830000,
      "capex": null,
      "gross_margin": 0.5199273738125235,
      "op_margin": -0.12577616223134155,
      "fcf_margin": 0.010396890684794902,
      "incr_op_margin_yoy": 1.2896975451727315,
      "rev_growth_yoy": -0.0858131192674622,
      "rev_growth_yoy_accel": 0.04771084926385956,
      "fcf_margin_change": 0.0488018339637192
    },
    {
      "date": "2024-09-28T00:00:00",
      "quarter_label": "2024-09 (Q3)",
      "revenue": 2757948000,
      "gross_profit": 1440557000,
      "operating_income": 273903000,
      "net_income": 52178000,
      "opex": 2484045000,
      "cogs": 1317391000,
      "rd": null,
      "sga": 1166654000,
      "fcf": -301601000,
      "ocf": -301601000,
      "capex": null,
      "gross_margin": 0.5223292824955366,
      "op_margin": 0.09931405523236841,
      "fcf_margin": -0.10935702921157324,
      "incr_op_margin_yoy": 0.322211002168004,
      "rev_growth_yoy": -0.09105775781011317,
      "rev_growth_yoy_accel": -0.005244638542650976,
      "op_leverage_ratio": 2.842913083451152,
      "fcf_margin_change": -0.11975391989636815
    },
    {
      "date": "2024-12-28T00:00:00",
      "quarter_label": "2024-12 (Q4)",
      "revenue": 2833912000,
      "gross_profit": 1595174000,
      "operating_income": 225777000,
      "net_income": 167780000,
      "opex": 2608135000,
      "cogs": 1238738000,
      "rd": null,
      "sga": 1318397000,
      "fcf": 918063000,
      "ocf": 918063000,
      "capex": null,
      "gross_margin": 0.5628876267152967,
      "op_margin": 0.07966972862954107,
      "fcf_margin": 0.3239560720304653,
      "incr_op_margin_yoy": -2.041678866195567,
      "rev_growth_yoy": -0.04268882400770467,
      "rev_growth_yoy_accel": 0.048368933802408504,
      "op_leverage_ratio": 0.5513716424234698,
      "fcf_margin_change": 0.43331310124203853
    },
    {
      "date": "2025-03-29T00:00:00",
      "quarter_label": "2025-03 (Q1)",
      "revenue": 2143771000,
      "gross_profit": 1142456000,
      "operating_income": -72887000,
      "net_income": -150788000,
      "opex": 2216658000,
      "cogs": 1001315000,
      "rd": null,
      "sga": 1177101000,
      "fcf": -171056000,
      "ocf": -171056000,
      "capex": null,
      "gross_margin": 0.5329188612029923,
      "op_margin": -0.03399943370817125,
      "fcf_margin": -0.07979210466043248,
      "incr_op_margin_yoy": -1.2297011798050757,
      "rev_growth_yoy": -0.09690670142374555,
      "rev_growth_yoy_accel": -0.05421787741604088,
      "fcf_margin_change": -0.40374817669089774
    },
    {
      "date": "2025-06-28T00:00:00",
      "quarter_label": "2025-06 (Q2)",
      "revenue": 1760666000,
      "gross_profit": 949002000,
      "operating_income": -86609000,
      "net_income": -116408000,
      "opex": 1847275000,
      "cogs": 811664000,
      "rd": null,
      "sga": 1035611000,
      "fcf": -145460000,
      "ocf": -145460000,
      "capex": null,
      "gross_margin": 0.5390017186678223,
      "op_margin": -0.04919104475238347,
      "fcf_margin": -0.08261646445152004,
      "incr_op_margin_yoy": -1.04534388106523,
      "rev_growth_yoy": -0.07688089085047405,
      "rev_growth_yoy_accel": 0.020025810573271505,
      "fcf_margin_change": -0.002824359791087569
    },
    {
      "date": "2025-09-27T00:00:00",
      "quarter_label": "2025-09 (Q3)",
      "revenue": 2802706000,
      "gross_profit": 1462444000,
      "operating_income": 312620000,
      "net_income": 189765000,
      "opex": 2490086000,
      "cogs": 1340262000,
      "rd": null,
      "sga": 1149824000,
      "fcf": -227008000,
      "ocf": -227008000,
      "capex": null,
      "gross_margin": 0.5217971488982434,
      "op_margin": 0.11154220242865288,
      "fcf_margin": -0.08099600885715448,
      "incr_op_margin_yoy": 0.8650297153581482,
      "rev_growth_yoy": 0.016228732376389984,
      "rev_growth_yoy_accel": 0.09310962322686403,
      "op_leverage_ratio": 1.7008094700833893,
      "fcf_margin_change": 0.0016204555943655635
    },
    {
      "date": "2025-12-27T00:00:00",
      "quarter_label": "2025-12 (Q4)",
      "revenue": 2875801000,
      "gross_profit": 1628341000,
      "operating_income": 289054000,
      "net_income": 300845000,
      "opex": 2586747000,
      "cogs": 1247460000,
      "rd": null,
      "sga": 1308571000,
      "fcf": 1010436000,
      "ocf": 1010436000,
      "capex": null,
      "gross_margin": 0.5662217239649058,
      "op_margin": 0.10051251807757212,
      "fcf_margin": 0.3513581085756629,
      "incr_op_margin_yoy": 1.510587505072931,
      "rev_growth_yoy": 0.014781334071065015,
      "rev_growth_yoy_accel": -0.0014473983053249692,
      "op_leverage_ratio": 0.6718513434940422,
      "fcf_margin_change": 0.4323541174328174
    }
  ],
  "signals": [
    {
      "quarter": "2025-12 (Q4)",
      "signal": "FCF TURNED POSITIVE",
      "detail": "FCF margin: -8.1% -> +35.1%",
      "severity": "HIGH"
    },
    {
      "quarter": "2025-12 (Q4)",
      "signal": "GROSS MARGIN INFLECTION",
      "detail": "GM: +53.9% -> +52.2% -> +56.6% (reversal +4.4%)",
      "severity": "MEDIUM"
    },
    {
      "quarter": "2025-12 (Q4)",
      "signal": "INCREMENTAL MARGIN (YoY)",
      "detail": "YoY Incr OPM: +151.1% vs year-ago OPM: +8.0%",
      "severity": "HIGH"
    },
    {
      "quarter": "2025-09 (Q3)",
      "signal": "OPERATING LEVERAGE",
      "detail": "Rev growth +59.2% vs OpEx growth +34.8% (leverage: 1.7x)",
      "severity": "MEDIUM"
    },
    {
      "quarter": "2025-09 (Q3)",
      "signal": "YoY REVENUE GROWTH ACCELERATION",
      "detail": "YoY growth: +1.6% vs prior quarter YoY: -7.7% (accel: +9.3%)",
      "severity": "MEDIUM"
    },
    {
      "quarter": "2025-09 (Q3)",
      "signal": "INCREMENTAL MARGIN (YoY)",
      "detail": "YoY Incr OPM: +86.5% vs year-ago OPM: +9.9%",
      "severity": "HIGH"
    },
    {
      "quarter": "2025-09 (Q3)",
      "signal": "OP MARGIN TURNED POSITIVE (QoQ)",
      "detail": "Op margin: -4.9% -> +11.2%",
      "severity": "HIGH"
    },
    {
      "quarter": "2025-03 (Q1)",
      "signal": "YoY REVENUE GROWTH DECELERATION",
      "detail": "YoY growth: -9.7% vs prior quarter YoY: -4.3% (decel: -5.4%)",
      "severity": "WARNING"
    },
    {
      "quarter": "2024-12 (Q4)",
      "signal": "FCF TURNED POSITIVE",
      "detail": "FCF margin: -10.9% -> +32.4%",
      "severity": "HIGH"
    },
    {
      "quarter": "2024-12 (Q4)",
      "signal": "OP MARGIN TURNED POSITIVE (YoY)",
      "detail": "Op margin: -1.1% (year-ago) -> +8.0%",
      "severity": "HIGH"
    },
    {
      "quarter": "2024-09 (Q3)",
      "signal": "OPERATING LEVERAGE",
      "detail": "Rev growth +44.6% vs OpEx growth +15.7% (leverage: 2.8x)",
      "severity": "MEDIUM"
    },
    {
      "quarter": "2024-09 (Q3)",
      "signal": "INCREMENTAL MARGIN (YoY)",
      "detail": "YoY Incr OPM: +32.2% vs year-ago OPM: +12.0%",
      "severity": "HIGH"
    },
    {
      "quarter": "2024-09 (Q3)",
      "signal": "OP MARGIN TURNED POSITIVE (QoQ)",
      "detail": "Op margin: -12.6% -> +9.9%",
      "severity": "HIGH"
    },
    {
      "quarter": "2024-06 (Q2)",
      "signal": "FCF TURNED POSITIVE",
      "detail": "FCF margin: -3.8% -> +1.0%",
      "severity": "HIGH"
    },
    {
      "quarter": "2024-06 (Q2)",
      "signal": "GROSS MARGIN INFLECTION",
      "detail": "GM: +55.1% -> +48.4% -> +52.0% (reversal +3.6%)",
      "severity": "MEDIUM"
    },
    {
      "quarter": "2023-12 (Q4)",
      "signal": "FCF TURNED POSITIVE",
      "detail": "FCF margin: -6.0% -> +38.0%",
      "severity": "HIGH"
    },
    {
      "quarter": "2023-12 (Q4)",
      "signal": "GROSS MARGIN INFLECTION",
      "detail": "GM: +52.8% -> +51.3% -> +55.1% (reversal +3.9%)",
      "severity": "MEDIUM"
    },
    {
      "quarter": "2023-12 (Q4)",
      "signal": "YoY REVENUE GROWTH DECELERATION",
      "detail": "YoY growth: -16.2% vs prior quarter YoY: -1.5% (decel: -14.7%)",
      "severity": "WARNING"
    },
    {
      "quarter": "2023-09 (Q3)",
      "signal": "OPERATING LEVERAGE",
      "detail": "Rev growth +45.4% vs OpEx growth +27.5% (leverage: 1.7x)",
      "severity": "MEDIUM"
    },
    {
      "quarter": "2023-09 (Q3)",
      "signal": "YoY REVENUE GROWTH ACCELERATION",
      "detail": "YoY growth: -1.5% vs prior quarter YoY: -7.7% (accel: +6.2%)",
      "severity": "MEDIUM"
    },
    {
      "quarter": "2023-09 (Q3)",
      "signal": "OP MARGIN TURNED POSITIVE (YoY)",
      "detail": "Op margin: -2.9% (year-ago) -> +12.0%",
      "severity": "HIGH"
    },
    {
      "quarter": "2023-09 (Q3)",
      "signal": "OP MARGIN TURNED POSITIVE (QoQ)",
      "detail": "Op margin: -0.4% -> +12.0%",
      "severity": "HIGH"
    },
    {
      "quarter": "2023-07 (Q3)",
      "signal": "GROSS MARGIN INFLECTION",
      "detail": "GM: +54.9% -> +49.6% -> +52.8% (reversal +3.2%)",
      "severity": "MEDIUM"
    },
    {
      "quarter": "2022-12 (Q4)",
      "signal": "FCF TURNED POSITIVE",
      "detail": "FCF margin: -18.0% -> +2.3%",
      "severity": "HIGH"
    },
    {
      "quarter": "2022-12 (Q4)",
      "signal": "GROSS MARGIN INFLECTION",
      "detail": "GM: +53.9% -> +51.4% -> +54.9% (reversal +3.5%)",
      "severity": "MEDIUM"
    },
    {
      "quarter": "2022-12 (Q4)",
      "signal": "INCREMENTAL MARGIN (YoY)",
      "detail": "YoY Incr OPM: +173.3% vs year-ago OPM: +18.7%",
      "severity": "HIGH"
    },
    {
      "quarter": "2022-12 (Q4)",
      "signal": "OP MARGIN TURNED POSITIVE (QoQ)",
      "detail": "Op margin: -2.9% -> +14.6%",
      "severity": "HIGH"
    },
    {
      "quarter": "2022-10 (Q4)",
      "signal": "YoY REVENUE GROWTH DECELERATION",
      "detail": "YoY growth: -3.7% vs prior quarter YoY: +3.1% (decel: -6.7%)",
      "severity": "WARNING"
    },
    {
      "quarter": "2022-07 (Q3)",
      "signal": "YoY REVENUE GROWTH DECELERATION",
      "detail": "YoY growth: +3.1% vs prior quarter YoY: +9.4% (decel: -6.3%)",
      "severity": "WARNING"
    },
    {
      "quarter": "2022-04 (Q2)",
      "signal": "INCREMENTAL MARGIN (YoY)",
      "detail": "YoY Incr OPM: +28.9% vs year-ago OPM: +4.7%",
      "severity": "HIGH"
    },
    {
      "quarter": "2022-01 (Q1)",
      "signal": "FCF TURNED POSITIVE",
      "detail": "FCF margin: -7.9% -> +26.7%",
      "severity": "HIGH"
    },
    {
      "quarter": "2022-01 (Q1)",
      "signal": "GROSS MARGIN INFLECTION",
      "detail": "GM: +56.5% -> +53.7% -> +56.1% (reversal +2.3%)",
      "severity": "MEDIUM"
    }
  ],
  "data_quality": {
    "n_quarters": 20,
    "coverage": {
      "revenue": [
        20,
        20
      ],
      "gross_profit": [
        20,
        20
      ],
      "op_income": [
        20,
        20
      ],
      "fcf": [
        20,
        20
      ]
    },
    "gaps": [],
    "warnings": []
  },
  "market_cap": null,
  "source": "SEC EDGAR",
  "last_updated": "2026-02-02T20:46:02.329186"
}