{
  "ticker": "VHI",
  "name": "VALHI,\u00a0INC.",
  "quarters": [
    {
      "date": "2020-12-31T00:00:00",
      "quarter_label": "2020-12 (Q4)",
      "revenue": 516800000,
      "gross_profit": 118700000,
      "operating_income": 46900000,
      "net_income": 24500000,
      "opex": 485000000,
      "cogs": 398100000,
      "rd": null,
      "sga": 72900000,
      "fcf": 81800000,
      "ocf": 107000000,
      "capex": -25200000,
      "gross_margin": 0.22968266253869968,
      "op_margin": 0.09075077399380804,
      "fcf_margin": 0.15828173374613003
    },
    {
      "date": "2021-03-31T00:00:00",
      "quarter_label": "2021-03 (Q1)",
      "revenue": 509000000,
      "gross_profit": 109300000,
      "operating_income": 51300000,
      "net_income": 14800000,
      "opex": 483500000,
      "cogs": 399700000,
      "rd": null,
      "sga": 70900000,
      "fcf": 45100000,
      "ocf": 56600000,
      "capex": -11500000,
      "gross_margin": 0.21473477406679764,
      "op_margin": 0.10078585461689588,
      "fcf_margin": 0.08860510805500982,
      "fcf_margin_change": -0.06967662569112021
    },
    {
      "date": "2021-06-30T00:00:00",
      "quarter_label": "2021-06 (Q2)",
      "revenue": 525300000,
      "gross_profit": 124600000,
      "operating_income": 55600000,
      "net_income": 21400000,
      "opex": 492500000,
      "cogs": 400700000,
      "rd": null,
      "sga": 78500000,
      "fcf": 8100000,
      "ocf": 20100000,
      "capex": -12000000,
      "gross_margin": 0.23719779173805444,
      "op_margin": 0.10584427945935655,
      "fcf_margin": 0.015419760137064534,
      "op_leverage_ratio": 1.7203776468020084,
      "fcf_margin_change": -0.07318534791794529
    },
    {
      "date": "2021-09-30T00:00:00",
      "quarter_label": "2021-09 (Q3)",
      "revenue": 578900000,
      "gross_profit": 152700000,
      "operating_income": 81200000,
      "net_income": 39000000,
      "opex": 520600000,
      "cogs": 426200000,
      "rd": null,
      "sga": 82200000,
      "fcf": 96800000,
      "ocf": 112500000,
      "capex": -15700000,
      "gross_margin": 0.2637761271376749,
      "op_margin": 0.14026602176541716,
      "fcf_margin": 0.1672136811193643,
      "op_leverage_ratio": 1.7883697029929686,
      "fcf_margin_change": 0.15179392098229977
    },
    {
      "date": "2021-12-31T00:00:00",
      "quarter_label": "2021-12 (Q4)",
      "revenue": 683200000,
      "gross_profit": 193600000,
      "operating_income": 130500000,
      "net_income": 52000000,
      "opex": 581000000,
      "cogs": 489600000,
      "rd": null,
      "sga": 80300000,
      "fcf": 245600000,
      "ocf": 270500000,
      "capex": -24900000,
      "gross_margin": 0.28337236533957844,
      "op_margin": 0.1910128805620609,
      "fcf_margin": 0.3594847775175644,
      "incr_op_margin_yoy": 0.5024038461538461,
      "rev_growth_yoy": 0.3219814241486068,
      "op_leverage_ratio": 1.5529160694123019,
      "fcf_margin_change": 0.19227109639820011
    },
    {
      "date": "2022-03-31T00:00:00",
      "quarter_label": "2022-03 (Q1)",
      "revenue": 629000000,
      "gross_profit": 170700000,
      "operating_income": 100700000,
      "net_income": 45400000,
      "opex": 545700000,
      "cogs": 458300000,
      "rd": null,
      "sga": 77200000,
      "fcf": -39000000,
      "ocf": -22800000,
      "capex": -16200000,
      "gross_margin": 0.2713831478537361,
      "op_margin": 0.1600953895071542,
      "fcf_margin": -0.06200317965023847,
      "incr_op_margin_yoy": 0.4116666666666667,
      "rev_growth_yoy": 0.2357563850687623,
      "rev_growth_yoy_accel": -0.08622503907984452,
      "fcf_margin_change": -0.4214879571678029
    },
    {
      "date": "2022-06-30T00:00:00",
      "quarter_label": "2022-06 (Q2)",
      "revenue": 634600000,
      "gross_profit": 146700000,
      "operating_income": 71900000,
      "net_income": 28000000,
      "opex": 593200000,
      "cogs": 487900000,
      "rd": null,
      "sga": 79000000,
      "fcf": 33600000,
      "ocf": 50600000,
      "capex": -17000000,
      "gross_margin": 0.23116924046643555,
      "op_margin": 0.11329971635676016,
      "fcf_margin": 0.052946738102741885,
      "incr_op_margin_yoy": 0.14913083257090576,
      "rev_growth_yoy": 0.20807157814582145,
      "rev_growth_yoy_accel": -0.02768480692294084,
      "fcf_margin_change": 0.11494991775298036
    },
    {
      "date": "2022-09-30T00:00:00",
      "quarter_label": "2022-09 (Q3)",
      "revenue": 556300000,
      "gross_profit": 120400000,
      "operating_income": 69400000,
      "net_income": 26200000,
      "opex": 530400000,
      "cogs": 435900000,
      "rd": null,
      "sga": 81900000,
      "fcf": -14700000,
      "ocf": 100000,
      "capex": -14800000,
      "gross_margin": 0.21642998382167894,
      "op_margin": 0.12475283120618372,
      "fcf_margin": -0.026424591047995685,
      "incr_op_margin_yoy": 0.5221238938053098,
      "rev_growth_yoy": -0.03903955778200035,
      "rev_growth_yoy_accel": -0.2471111359278218,
      "fcf_margin_change": -0.07937132915073757
    },
    {
      "date": "2022-12-31T00:00:00",
      "quarter_label": "2022-12 (Q4)",
      "revenue": 402600000,
      "gross_profit": 52600000,
      "operating_income": -2600000,
      "net_income": -9400000,
      "opex": 427000000,
      "cogs": 350000000,
      "rd": null,
      "sga": 65900000,
      "fcf": -12600000,
      "ocf": 7000000,
      "capex": -19600000,
      "gross_margin": 0.13065076999503228,
      "op_margin": -0.006458022851465474,
      "fcf_margin": -0.03129657228017884,
      "incr_op_margin_yoy": 0.4743406985032074,
      "rev_growth_yoy": -0.4107142857142857,
      "rev_growth_yoy_accel": -0.37167472793228534,
      "fcf_margin_change": -0.004871981232183156
    },
    {
      "date": "2023-03-31T00:00:00",
      "quarter_label": "2023-03 (Q1)",
      "revenue": 492700000,
      "gross_profit": 54100000,
      "operating_income": 2500000,
      "net_income": -4900000,
      "opex": 515600000,
      "cogs": 438600000,
      "rd": null,
      "sga": 68800000,
      "fcf": -143500000,
      "ocf": -126800000,
      "capex": -16700000,
      "gross_margin": 0.1098031256342602,
      "op_margin": 0.005074081591231987,
      "fcf_margin": -0.29125228333671604,
      "incr_op_margin_yoy": 0.7204695524578136,
      "rev_growth_yoy": -0.21669316375198727,
      "rev_growth_yoy_accel": 0.19402112196229843,
      "op_leverage_ratio": 1.0785621451535674,
      "fcf_margin_change": -0.2599557110565372
    },
    {
      "date": "2023-06-30T00:00:00",
      "quarter_label": "2023-06 (Q2)",
      "revenue": 507100000,
      "gross_profit": 65500000,
      "operating_income": 12000000,
      "net_income": -5100000,
      "opex": 524700000,
      "cogs": 441600000,
      "rd": null,
      "sga": 68400000,
      "fcf": 14000000,
      "ocf": 31700000,
      "capex": -17700000,
      "gross_margin": 0.129165845000986,
      "op_margin": 0.023663971603234076,
      "fcf_margin": 0.027607966870439756,
      "incr_op_margin_yoy": 0.46980392156862744,
      "rev_growth_yoy": -0.20091396155058305,
      "rev_growth_yoy_accel": 0.01577920220140422,
      "op_leverage_ratio": 1.6559661162867985,
      "fcf_margin_change": 0.3188602502071558
    },
    {
      "date": "2023-09-30T00:00:00",
      "quarter_label": "2023-09 (Q3)",
      "revenue": 468900000,
      "gross_profit": 60600000,
      "operating_income": 2500000,
      "net_income": -6000000,
      "opex": 485900000,
      "cogs": 408300000,
      "rd": null,
      "sga": 69100000,
      "fcf": 25600000,
      "ocf": 33900000,
      "capex": -8300000,
      "gross_margin": 0.12923864363403711,
      "op_margin": 0.0053316272126252935,
      "fcf_margin": 0.054595862657283,
      "incr_op_margin_yoy": 0.7654462242562929,
      "rev_growth_yoy": -0.15710947330577027,
      "rev_growth_yoy_accel": 0.043804488244812784,
      "fcf_margin_change": 0.026987895786843245
    },
    {
      "date": "2023-12-31T00:00:00",
      "quarter_label": "2023-12 (Q4)",
      "revenue": 453000000,
      "gross_profit": 65000000,
      "operating_income": 17200000,
      "net_income": 3900000,
      "opex": 470400000,
      "cogs": 388000000,
      "rd": null,
      "sga": 71100000,
      "fcf": 59300000,
      "ocf": 65100000,
      "capex": -5800000,
      "gross_margin": 0.1434878587196468,
      "op_margin": 0.037969094922737305,
      "fcf_margin": 0.13090507726269315,
      "incr_op_margin_yoy": 0.39285714285714285,
      "rev_growth_yoy": 0.12518628912071536,
      "rev_growth_yoy_accel": 0.28229576242648563,
      "fcf_margin_change": 0.07630921460541015
    },
    {
      "date": "2024-03-31T00:00:00",
      "quarter_label": "2024-03 (Q1)",
      "revenue": 530600000,
      "gross_profit": 86300000,
      "operating_income": 31500000,
      "net_income": 7800000,
      "opex": 524800000,
      "cogs": 444300000,
      "rd": null,
      "sga": 68600000,
      "fcf": -53800000,
      "ocf": -48800000,
      "capex": -5000000,
      "gross_margin": 0.1626460610629476,
      "op_margin": 0.059366754617414245,
      "fcf_margin": -0.10139464756879005,
      "incr_op_margin_yoy": 0.7651715039577837,
      "rev_growth_yoy": 0.07692307692307693,
      "rev_growth_yoy_accel": -0.04826321219763843,
      "op_leverage_ratio": 1.4812621737436695,
      "fcf_margin_change": -0.2322997248314832
    },
    {
      "date": "2024-06-30T00:00:00",
      "quarter_label": "2024-06 (Q2)",
      "revenue": 559700000,
      "gross_profit": 121300000,
      "operating_income": 54800000,
      "net_income": 19900000,
      "opex": 525800000,
      "cogs": 438400000,
      "rd": null,
      "sga": 74900000,
      "fcf": 29700000,
      "ocf": 33500000,
      "capex": -3800000,
      "gross_margin": 0.21672324459531891,
      "op_margin": 0.09790959442558514,
      "fcf_margin": 0.05306414150437735,
      "incr_op_margin_yoy": 0.8136882129277566,
      "rev_growth_yoy": 0.10372707552750937,
      "rev_growth_yoy_accel": 0.026803998604432444,
      "op_leverage_ratio": 28.781907274783265,
      "fcf_margin_change": 0.1544587890731674
    },
    {
      "date": "2024-09-30T00:00:00",
      "quarter_label": "2024-09 (Q3)",
      "revenue": 533600000,
      "gross_profit": 116300000,
      "operating_income": 67700000,
      "net_income": 57500000,
      "opex": 438900000,
      "cogs": 417300000,
      "rd": null,
      "sga": 74200000,
      "fcf": 3900000,
      "ocf": 13500000,
      "capex": -9600000,
      "gross_margin": 0.2179535232383808,
      "op_margin": 0.12687406296851575,
      "fcf_margin": 0.007308845577211395,
      "incr_op_margin_yoy": 1.007727975270479,
      "rev_growth_yoy": 0.13798251226274258,
      "rev_growth_yoy_accel": 0.03425543673523321,
      "fcf_margin_change": -0.045755295927165957
    },
    {
      "date": "2024-12-31T00:00:00",
      "quarter_label": "2024-12 (Q4)",
      "revenue": 480900000,
      "gross_profit": 100600000,
      "operating_income": 56700000,
      "net_income": 22800000,
      "opex": 432900000,
      "cogs": 380300000,
      "rd": null,
      "sga": 38500000,
      "fcf": 33300000,
      "ocf": 45800000,
      "capex": -12500000,
      "gross_margin": 0.20919110002079436,
      "op_margin": 0.11790393013100436,
      "fcf_margin": 0.06924516531503432,
      "incr_op_margin_yoy": 1.4157706093189963,
      "rev_growth_yoy": 0.06158940397350993,
      "rev_growth_yoy_accel": -0.07639310828923265,
      "fcf_margin_change": 0.06193631973782292
    },
    {
      "date": "2025-03-31T00:00:00",
      "quarter_label": "2025-03 (Q1)",
      "revenue": 538600000,
      "gross_profit": 122500000,
      "operating_income": 50100000,
      "net_income": 16900000,
      "opex": 508600000,
      "cogs": 416100000,
      "rd": null,
      "sga": 78500000,
      "fcf": -168700000,
      "ocf": -155900000,
      "capex": -12800000,
      "gross_margin": 0.22744151503898996,
      "op_margin": 0.09301893798737468,
      "fcf_margin": -0.31321945785369476,
      "incr_op_margin_yoy": 2.325,
      "rev_growth_yoy": 0.015077271013946476,
      "rev_growth_yoy_accel": -0.046512132959563454,
      "op_leverage_ratio": 0.6861400066421035,
      "fcf_margin_change": -0.3824646231687291
    },
    {
      "date": "2025-06-30T00:00:00",
      "quarter_label": "2025-06 (Q2)",
      "revenue": 540400000,
      "gross_profit": 78100000,
      "operating_income": 35500000,
      "net_income": 900000,
      "opex": 556000000,
      "cogs": 462300000,
      "rd": null,
      "sga": 79200000,
      "fcf": 9100000,
      "ocf": 21700000,
      "capex": -12600000,
      "gross_margin": 0.14452257586972614,
      "op_margin": 0.0656920799407846,
      "fcf_margin": 0.01683937823834197,
      "incr_op_margin_yoy": 1.0,
      "rev_growth_yoy": -0.034482758620689655,
      "rev_growth_yoy_accel": -0.04956002963463613,
      "fcf_margin_change": 0.33005883609203673
    },
    {
      "date": "2025-09-30T00:00:00",
      "quarter_label": "2025-09 (Q3)",
      "revenue": 503500000,
      "gross_profit": 60600000,
      "operating_income": 8600000,
      "net_income": -22200000,
      "opex": 531700000,
      "cogs": 442900000,
      "rd": null,
      "sga": 77600000,
      "fcf": -12300000,
      "ocf": -1900000,
      "capex": -10400000,
      "gross_margin": 0.12035749751737836,
      "op_margin": 0.017080436941410128,
      "fcf_margin": -0.02442899702085402,
      "incr_op_margin_yoy": 1.9634551495016612,
      "rev_growth_yoy": -0.056409295352323835,
      "rev_growth_yoy_accel": -0.02192653673163418,
      "fcf_margin_change": -0.041268375259195994
    }
  ],
  "signals": [
    {
      "quarter": "2025-09 (Q3)",
      "signal": "INCREMENTAL MARGIN (YoY)",
      "detail": "YoY Incr OPM: +196.3% vs year-ago OPM: +12.7%",
      "severity": "HIGH"
    },
    {
      "quarter": "2025-06 (Q2)",
      "signal": "FCF TURNED POSITIVE",
      "detail": "FCF margin: -31.3% -> +1.7%",
      "severity": "HIGH"
    },
    {
      "quarter": "2025-06 (Q2)",
      "signal": "INCREMENTAL MARGIN (YoY)",
      "detail": "YoY Incr OPM: +100.0% vs year-ago OPM: +9.8%",
      "severity": "HIGH"
    },
    {
      "quarter": "2025-03 (Q1)",
      "signal": "INCREMENTAL MARGIN (YoY)",
      "detail": "YoY Incr OPM: +232.5% vs year-ago OPM: +5.9%",
      "severity": "HIGH"
    },
    {
      "quarter": "2024-12 (Q4)",
      "signal": "FCF MARGIN EXPANSION",
      "detail": "FCF margin: +0.7% -> +6.9% (+6.2%)",
      "severity": "MEDIUM"
    },
    {
      "quarter": "2024-12 (Q4)",
      "signal": "YoY REVENUE GROWTH DECELERATION",
      "detail": "YoY growth: +6.2% vs prior quarter YoY: +13.8% (decel: -7.6%)",
      "severity": "WARNING"
    },
    {
      "quarter": "2024-12 (Q4)",
      "signal": "INCREMENTAL MARGIN (YoY)",
      "detail": "YoY Incr OPM: +141.6% vs year-ago OPM: +3.8%",
      "severity": "HIGH"
    },
    {
      "quarter": "2024-09 (Q3)",
      "signal": "INCREMENTAL MARGIN (YoY)",
      "detail": "YoY Incr OPM: +100.8% vs year-ago OPM: +0.5%",
      "severity": "HIGH"
    },
    {
      "quarter": "2024-06 (Q2)",
      "signal": "FCF TURNED POSITIVE",
      "detail": "FCF margin: -10.1% -> +5.3%",
      "severity": "HIGH"
    },
    {
      "quarter": "2024-06 (Q2)",
      "signal": "OPERATING LEVERAGE",
      "detail": "Rev growth +5.5% vs OpEx growth +0.2% (leverage: 28.8x)",
      "severity": "MEDIUM"
    },
    {
      "quarter": "2024-06 (Q2)",
      "signal": "INCREMENTAL MARGIN (YoY)",
      "detail": "YoY Incr OPM: +81.4% vs year-ago OPM: +2.4%",
      "severity": "HIGH"
    },
    {
      "quarter": "2024-03 (Q1)",
      "signal": "INCREMENTAL MARGIN (YoY)",
      "detail": "YoY Incr OPM: +76.5% vs year-ago OPM: +0.5%",
      "severity": "HIGH"
    },
    {
      "quarter": "2023-12 (Q4)",
      "signal": "FCF MARGIN EXPANSION",
      "detail": "FCF margin: +5.5% -> +13.1% (+7.6%)",
      "severity": "MEDIUM"
    },
    {
      "quarter": "2023-12 (Q4)",
      "signal": "YoY REVENUE GROWTH ACCELERATION",
      "detail": "YoY growth: +12.5% vs prior quarter YoY: -15.7% (accel: +28.2%)",
      "severity": "HIGH"
    },
    {
      "quarter": "2023-12 (Q4)",
      "signal": "OP MARGIN TURNED POSITIVE (YoY)",
      "detail": "Op margin: -0.6% (year-ago) -> +3.8%",
      "severity": "HIGH"
    },
    {
      "quarter": "2023-09 (Q3)",
      "signal": "INCREMENTAL MARGIN (YoY)",
      "detail": "YoY Incr OPM: +76.5% vs year-ago OPM: +12.5%",
      "severity": "HIGH"
    },
    {
      "quarter": "2023-06 (Q2)",
      "signal": "FCF TURNED POSITIVE",
      "detail": "FCF margin: -29.1% -> +2.8%",
      "severity": "HIGH"
    },
    {
      "quarter": "2023-06 (Q2)",
      "signal": "OPERATING LEVERAGE",
      "detail": "Rev growth +2.9% vs OpEx growth +1.8% (leverage: 1.7x)",
      "severity": "MEDIUM"
    },
    {
      "quarter": "2023-06 (Q2)",
      "signal": "INCREMENTAL MARGIN (YoY)",
      "detail": "YoY Incr OPM: +47.0% vs year-ago OPM: +11.3%",
      "severity": "HIGH"
    },
    {
      "quarter": "2023-03 (Q1)",
      "signal": "YoY REVENUE GROWTH ACCELERATION",
      "detail": "YoY growth: -21.7% vs prior quarter YoY: -41.1% (accel: +19.4%)",
      "severity": "HIGH"
    },
    {
      "quarter": "2023-03 (Q1)",
      "signal": "INCREMENTAL MARGIN (YoY)",
      "detail": "YoY Incr OPM: +72.0% vs year-ago OPM: +16.0%",
      "severity": "HIGH"
    },
    {
      "quarter": "2023-03 (Q1)",
      "signal": "OP MARGIN TURNED POSITIVE (QoQ)",
      "detail": "Op margin: -0.6% -> +0.5%",
      "severity": "HIGH"
    },
    {
      "quarter": "2022-12 (Q4)",
      "signal": "YoY REVENUE GROWTH DECELERATION",
      "detail": "YoY growth: -41.1% vs prior quarter YoY: -3.9% (decel: -37.2%)",
      "severity": "WARNING"
    },
    {
      "quarter": "2022-09 (Q3)",
      "signal": "YoY REVENUE GROWTH DECELERATION",
      "detail": "YoY growth: -3.9% vs prior quarter YoY: +20.8% (decel: -24.7%)",
      "severity": "WARNING"
    },
    {
      "quarter": "2022-09 (Q3)",
      "signal": "INCREMENTAL MARGIN (YoY)",
      "detail": "YoY Incr OPM: +52.2% vs year-ago OPM: +14.0%",
      "severity": "HIGH"
    },
    {
      "quarter": "2022-06 (Q2)",
      "signal": "FCF TURNED POSITIVE",
      "detail": "FCF margin: -6.2% -> +5.3%",
      "severity": "HIGH"
    },
    {
      "quarter": "2022-03 (Q1)",
      "signal": "YoY REVENUE GROWTH DECELERATION",
      "detail": "YoY growth: +23.6% vs prior quarter YoY: +32.2% (decel: -8.6%)",
      "severity": "WARNING"
    },
    {
      "quarter": "2022-03 (Q1)",
      "signal": "INCREMENTAL MARGIN (YoY)",
      "detail": "YoY Incr OPM: +41.2% vs year-ago OPM: +10.1%",
      "severity": "HIGH"
    },
    {
      "quarter": "2021-12 (Q4)",
      "signal": "FCF MARGIN EXPANSION",
      "detail": "FCF margin: +16.7% -> +35.9% (+19.2%)",
      "severity": "MEDIUM"
    },
    {
      "quarter": "2021-12 (Q4)",
      "signal": "OPERATING LEVERAGE",
      "detail": "Rev growth +18.0% vs OpEx growth +11.6% (leverage: 1.6x)",
      "severity": "MEDIUM"
    },
    {
      "quarter": "2021-12 (Q4)",
      "signal": "INCREMENTAL MARGIN (YoY)",
      "detail": "YoY Incr OPM: +50.2% vs year-ago OPM: +9.1%",
      "severity": "HIGH"
    },
    {
      "quarter": "2021-09 (Q3)",
      "signal": "FCF MARGIN EXPANSION",
      "detail": "FCF margin: +1.5% -> +16.7% (+15.2%)",
      "severity": "MEDIUM"
    },
    {
      "quarter": "2021-09 (Q3)",
      "signal": "OPERATING LEVERAGE",
      "detail": "Rev growth +10.2% vs OpEx growth +5.7% (leverage: 1.8x)",
      "severity": "MEDIUM"
    },
    {
      "quarter": "2021-06 (Q2)",
      "signal": "OPERATING LEVERAGE",
      "detail": "Rev growth +3.2% vs OpEx growth +1.9% (leverage: 1.7x)",
      "severity": "MEDIUM"
    },
    {
      "quarter": "2021-06 (Q2)",
      "signal": "GROSS MARGIN INFLECTION",
      "detail": "GM: +23.0% -> +21.5% -> +23.7% (reversal +2.2%)",
      "severity": "MEDIUM"
    }
  ],
  "data_quality": {
    "n_quarters": 20,
    "coverage": {
      "revenue": [
        20,
        20
      ],
      "gross_profit": [
        20,
        20
      ],
      "op_income": [
        20,
        20
      ],
      "fcf": [
        20,
        20
      ]
    },
    "gaps": [],
    "warnings": []
  },
  "market_cap": null,
  "source": "SEC EDGAR",
  "last_updated": "2026-02-02T22:33:37.119459"
}