{
  "ticker": "VIASP",
  "name": "Via Renewables, Inc.",
  "quarters": [
    {
      "date": "2020-12-31T00:00:00",
      "quarter_label": "2020-12 (Q4)",
      "revenue": 119043000,
      "gross_profit": 43997000,
      "operating_income": 12667000,
      "net_income": 4039000,
      "opex": 106376000,
      "cogs": 75046000,
      "rd": null,
      "sga": null,
      "fcf": 6948000,
      "ocf": 7883000,
      "capex": -935000,
      "gross_margin": 0.3695891400586343,
      "op_margin": 0.10640692858882925,
      "fcf_margin": 0.05836546458002571
    },
    {
      "date": "2021-03-31T00:00:00",
      "quarter_label": "2021-03 (Q1)",
      "revenue": 113005000,
      "gross_profit": -9163000,
      "operating_income": -27870000,
      "net_income": -7631000,
      "opex": 140875000,
      "cogs": 122168000,
      "rd": null,
      "sga": null,
      "fcf": -24152000,
      "ocf": -23632000,
      "capex": -520000,
      "gross_margin": -0.0810849077474448,
      "op_margin": -0.24662625547542144,
      "fcf_margin": -0.21372505641343303,
      "fcf_margin_change": -0.27209052099345876
    },
    {
      "date": "2021-06-30T00:00:00",
      "quarter_label": "2021-06 (Q2)",
      "revenue": 82195000,
      "gross_profit": 46019000,
      "operating_income": 29943000,
      "net_income": 10483000,
      "opex": 52252000,
      "cogs": 36176000,
      "rd": null,
      "sga": null,
      "fcf": 32257000,
      "ocf": 32800000,
      "capex": -543000,
      "gross_margin": 0.559875904860393,
      "op_margin": 0.3642922318875844,
      "fcf_margin": 0.3924447959121601,
      "fcf_margin_change": 0.6061698523255932
    },
    {
      "date": "2021-09-30T00:00:00",
      "quarter_label": "2021-09 (Q3)",
      "revenue": 97979000,
      "gross_profit": 57681000,
      "operating_income": 42913000,
      "net_income": 14883000,
      "opex": 55066000,
      "cogs": 40298000,
      "rd": null,
      "sga": null,
      "fcf": 8497000,
      "ocf": 9604000,
      "capex": -1107000,
      "gross_margin": 0.58870778432113,
      "op_margin": 0.4379816083038202,
      "fcf_margin": 0.08672266506088039,
      "op_leverage_ratio": 3.5657467703931656,
      "fcf_margin_change": -0.3057221308512797
    },
    {
      "date": "2021-12-31T00:00:00",
      "quarter_label": "2021-12 (Q4)",
      "revenue": 100306000,
      "gross_profit": -24271000,
      "operating_income": -40577000,
      "net_income": -12540000,
      "opex": 140883000,
      "cogs": 124577000,
      "rd": null,
      "sga": null,
      "fcf": -6613000,
      "ocf": -6070000,
      "capex": -543000,
      "gross_margin": -0.24196957310629474,
      "op_margin": -0.4045321316770682,
      "fcf_margin": -0.0659282595258509,
      "incr_op_margin_yoy": 2.8416502108128303,
      "rev_growth_yoy": -0.1573969069999916,
      "op_leverage_ratio": 0.015239600515946845,
      "fcf_margin_change": -0.1526509245867313
    },
    {
      "date": "2022-03-31T00:00:00",
      "quarter_label": "2022-03 (Q1)",
      "revenue": 127154000,
      "gross_profit": 58447000,
      "operating_income": 38328000,
      "net_income": 12973000,
      "opex": 88826000,
      "cogs": 68707000,
      "rd": null,
      "sga": null,
      "fcf": 4378000,
      "ocf": 4583000,
      "capex": -205000,
      "gross_margin": 0.4596552212278025,
      "op_margin": 0.3014297623354358,
      "fcf_margin": 0.03443069034399233,
      "incr_op_margin_yoy": 4.678634532475793,
      "rev_growth_yoy": 0.12520684925445777,
      "rev_growth_yoy_accel": 0.28260375625444933,
      "op_leverage_ratio": Infinity,
      "fcf_margin_change": 0.10035894986984323
    },
    {
      "date": "2022-06-30T00:00:00",
      "quarter_label": "2022-06 (Q2)",
      "revenue": 97099000,
      "gross_profit": 35397000,
      "operating_income": 16878000,
      "net_income": 4618000,
      "opex": 80221000,
      "cogs": 61702000,
      "rd": null,
      "sga": null,
      "fcf": 7440000,
      "ocf": 8361000,
      "capex": -921000,
      "gross_margin": 0.3645454639079702,
      "op_margin": 0.17382259343556578,
      "fcf_margin": 0.07662282824745878,
      "incr_op_margin_yoy": -0.876610305958132,
      "rev_growth_yoy": 0.18132489810815744,
      "rev_growth_yoy_accel": 0.05611804885369967,
      "fcf_margin_change": 0.04219213790346645
    },
    {
      "date": "2022-09-30T00:00:00",
      "quarter_label": "2022-09 (Q3)",
      "revenue": 118859000,
      "gross_profit": 16647000,
      "operating_income": -2925000,
      "net_income": -881000,
      "opex": 121784000,
      "cogs": 102212000,
      "rd": null,
      "sga": null,
      "fcf": 7453000,
      "ocf": 8267000,
      "capex": -814000,
      "gross_margin": 0.14005670584474042,
      "op_margin": -0.02460899048452368,
      "fcf_margin": 0.06270454908757435,
      "incr_op_margin_yoy": -2.1953065134099616,
      "rev_growth_yoy": 0.21310689025199278,
      "rev_growth_yoy_accel": 0.03178199214383534,
      "op_leverage_ratio": 0.43253904595053505,
      "fcf_margin_change": -0.01391827915988443
    },
    {
      "date": "2022-12-31T00:00:00",
      "quarter_label": "2022-12 (Q4)",
      "revenue": 117381000,
      "gross_profit": -7094000,
      "operating_income": -27520000,
      "net_income": -9132000,
      "opex": 144901000,
      "cogs": 124475000,
      "rd": null,
      "sga": null,
      "fcf": -5217000,
      "ocf": -5004000,
      "capex": -213000,
      "gross_margin": -0.06043567527964492,
      "op_margin": -0.23445020914798817,
      "fcf_margin": -0.044445012395532495,
      "incr_op_margin_yoy": 0.7646852122986822,
      "rev_growth_yoy": 0.170229098957191,
      "rev_growth_yoy_accel": -0.04287779129480179,
      "fcf_margin_change": -0.10714956148310684
    },
    {
      "date": "2023-03-31T00:00:00",
      "quarter_label": "2023-03 (Q1)",
      "revenue": 131852000,
      "gross_profit": 14411000,
      "operating_income": -6150000,
      "net_income": -187000,
      "opex": 138002000,
      "cogs": 117441000,
      "rd": null,
      "sga": null,
      "fcf": 12686000,
      "ocf": 13060000,
      "capex": -374000,
      "gross_margin": 0.10929678730698056,
      "op_margin": -0.04664320601886964,
      "fcf_margin": 0.09621393683827321,
      "incr_op_margin_yoy": -9.46743295019157,
      "rev_growth_yoy": 0.03694732371769665,
      "rev_growth_yoy_accel": -0.13328177523949433,
      "op_leverage_ratio": Infinity,
      "fcf_margin_change": 0.1406589492338057
    },
    {
      "date": "2023-06-30T00:00:00",
      "quarter_label": "2023-06 (Q2)",
      "revenue": 91399000,
      "gross_profit": 45473000,
      "operating_income": 26766000,
      "net_income": 7981000,
      "opex": 64633000,
      "cogs": 45926000,
      "rd": null,
      "sga": null,
      "fcf": 21235000,
      "ocf": 21636000,
      "capex": -401000,
      "gross_margin": 0.4975218547248876,
      "op_margin": 0.29284784297421196,
      "fcf_margin": 0.23233295769100318,
      "incr_op_margin_yoy": -1.7347368421052631,
      "rev_growth_yoy": -0.05870297325410148,
      "rev_growth_yoy_accel": -0.09565029697179814,
      "fcf_margin_change": 0.13611902085272998
    },
    {
      "date": "2023-09-30T00:00:00",
      "quarter_label": "2023-09 (Q3)",
      "revenue": 110239000,
      "gross_profit": 39189000,
      "operating_income": 20238000,
      "net_income": 7519000,
      "opex": 90001000,
      "cogs": 71050000,
      "rd": null,
      "sga": null,
      "fcf": 5792000,
      "ocf": 6161000,
      "capex": -369000,
      "gross_margin": 0.35549125082774696,
      "op_margin": 0.18358294251580656,
      "fcf_margin": 0.052540389517321456,
      "incr_op_margin_yoy": -2.687122969837587,
      "rev_growth_yoy": -0.07252290529114329,
      "rev_growth_yoy_accel": -0.013819932037041807,
      "op_leverage_ratio": 0.5251792273086505,
      "fcf_margin_change": -0.17979256817368172
    },
    {
      "date": "2023-12-31T00:00:00",
      "quarter_label": "2023-12 (Q4)",
      "revenue": 101702000,
      "gross_profit": 25375000,
      "operating_income": 5618000,
      "net_income": -338000,
      "opex": 96084000,
      "cogs": 76327000,
      "rd": null,
      "sga": null,
      "fcf": 8167000,
      "ocf": 8458000,
      "capex": -291000,
      "gross_margin": 0.24950345125956225,
      "op_margin": 0.05523981829265894,
      "fcf_margin": 0.08030323887435842,
      "incr_op_margin_yoy": -2.113527648446967,
      "rev_growth_yoy": -0.13357357664357947,
      "rev_growth_yoy_accel": -0.06105067135243618,
      "fcf_margin_change": 0.02776284935703696
    },
    {
      "date": "2024-03-31T00:00:00",
      "quarter_label": "2024-03 (Q1)",
      "revenue": 114056000,
      "gross_profit": 45094000,
      "operating_income": 25721000,
      "net_income": 8567000,
      "opex": 88335000,
      "cogs": 68962000,
      "rd": null,
      "sga": null,
      "fcf": 16649000,
      "ocf": 17099000,
      "capex": -450000,
      "gross_margin": 0.39536718804797644,
      "op_margin": 0.2255120291786491,
      "fcf_margin": 0.14597215402959948,
      "incr_op_margin_yoy": -1.7909080692290402,
      "rev_growth_yoy": -0.13496951127021206,
      "rev_growth_yoy_accel": -0.0013959346266325945,
      "op_leverage_ratio": Infinity,
      "fcf_margin_change": 0.06566891515524106
    },
    {
      "date": "2024-06-30T00:00:00",
      "quarter_label": "2024-06 (Q2)",
      "revenue": 86696000,
      "gross_profit": 43699000,
      "operating_income": 20627000,
      "net_income": 7624000,
      "opex": 66069000,
      "cogs": 42997000,
      "rd": null,
      "sga": null,
      "fcf": 10948000,
      "ocf": 11228000,
      "capex": -280000,
      "gross_margin": 0.5040486296945649,
      "op_margin": 0.2379233182615115,
      "fcf_margin": 0.1262803358863154,
      "incr_op_margin_yoy": 1.305337018924091,
      "rev_growth_yoy": -0.05145570520465213,
      "rev_growth_yoy_accel": 0.08351380606555993,
      "fcf_margin_change": -0.01969181814328408
    },
    {
      "date": "2024-09-30T00:00:00",
      "quarter_label": "2024-09 (Q3)",
      "revenue": 93774000,
      "gross_profit": 25157000,
      "operating_income": 5000000,
      "net_income": 2138000,
      "opex": 88774000,
      "cogs": 68617000,
      "rd": null,
      "sga": null,
      "fcf": 19733000,
      "ocf": 20123000,
      "capex": -390000,
      "gross_margin": 0.26827265553351676,
      "op_margin": 0.053319683494358776,
      "fcf_margin": 0.21043146287883635,
      "incr_op_margin_yoy": 0.9254782872760401,
      "rev_growth_yoy": -0.14935730549079726,
      "rev_growth_yoy_accel": -0.09790160028614513,
      "op_leverage_ratio": 0.23756788167121878,
      "fcf_margin_change": 0.08415112699252095
    },
    {
      "date": "2024-12-31T00:00:00",
      "quarter_label": "2024-12 (Q4)",
      "revenue": 104342000,
      "gross_profit": 54127000,
      "operating_income": 32830000,
      "net_income": 9926000,
      "opex": 71512000,
      "cogs": 50215000,
      "rd": null,
      "sga": null,
      "fcf": 1577000,
      "ocf": 2034000,
      "capex": -457000,
      "gross_margin": 0.5187460466542715,
      "op_margin": 0.314638400644036,
      "fcf_margin": 0.015113760518295605,
      "incr_op_margin_yoy": 10.307575757575757,
      "rev_growth_yoy": 0.025958191579319972,
      "rev_growth_yoy_accel": 0.17531549707011723,
      "op_leverage_ratio": Infinity,
      "fcf_margin_change": -0.19531770236054075
    },
    {
      "date": "2025-03-31T00:00:00",
      "quarter_label": "2025-03 (Q1)",
      "revenue": 142257000,
      "gross_profit": 46864000,
      "operating_income": 24844000,
      "net_income": 8798000,
      "opex": 117413000,
      "cogs": 95393000,
      "rd": null,
      "sga": null,
      "fcf": 23535000,
      "ocf": 24950000,
      "capex": -1415000,
      "gross_margin": 0.3294319435950428,
      "op_margin": 0.17464166965421737,
      "fcf_margin": 0.16544001349669962,
      "incr_op_margin_yoy": -0.031098188007517465,
      "rev_growth_yoy": 0.24725573402539103,
      "rev_growth_yoy_accel": 0.22129754244607105,
      "op_leverage_ratio": 0.5661202378941936,
      "fcf_margin_change": 0.15032625297840402
    },
    {
      "date": "2025-06-30T00:00:00",
      "quarter_label": "2025-06 (Q2)",
      "revenue": 90029000,
      "gross_profit": 26974000,
      "operating_income": 6052000,
      "net_income": 2739000,
      "opex": 83977000,
      "cogs": 63055000,
      "rd": null,
      "sga": null,
      "fcf": 18424000,
      "ocf": 18998000,
      "capex": -574000,
      "gross_margin": 0.2996145686389941,
      "op_margin": 0.06722278376967422,
      "fcf_margin": 0.20464516988970222,
      "incr_op_margin_yoy": -4.372937293729373,
      "rev_growth_yoy": 0.03844468026206515,
      "rev_growth_yoy_accel": -0.20881105376332587,
      "fcf_margin_change": 0.039205156393002594
    },
    {
      "date": "2025-09-30T00:00:00",
      "quarter_label": "2025-09 (Q3)",
      "revenue": 103329000,
      "gross_profit": 23874000,
      "operating_income": 3252000,
      "net_income": 757000,
      "opex": 100077000,
      "cogs": 79455000,
      "rd": null,
      "sga": null,
      "fcf": 1943000,
      "ocf": 2361000,
      "capex": -418000,
      "gross_margin": 0.2310483988038208,
      "op_margin": 0.03147228754754232,
      "fcf_margin": 0.018804014361892597,
      "incr_op_margin_yoy": -0.18294086865515438,
      "rev_growth_yoy": 0.10189391515771963,
      "rev_growth_yoy_accel": 0.06344923489565449,
      "op_leverage_ratio": 0.77055509166853,
      "fcf_margin_change": -0.1858411555278096
    }
  ],
  "signals": [
    {
      "quarter": "2025-09 (Q3)",
      "signal": "YoY REVENUE GROWTH ACCELERATION",
      "detail": "YoY growth: +10.2% vs prior quarter YoY: +3.8% (accel: +6.3%)",
      "severity": "MEDIUM"
    },
    {
      "quarter": "2025-06 (Q2)",
      "signal": "YoY REVENUE GROWTH DECELERATION",
      "detail": "YoY growth: +3.8% vs prior quarter YoY: +24.7% (decel: -20.9%)",
      "severity": "WARNING"
    },
    {
      "quarter": "2025-03 (Q1)",
      "signal": "FCF MARGIN EXPANSION",
      "detail": "FCF margin: +1.5% -> +16.5% (+15.0%)",
      "severity": "MEDIUM"
    },
    {
      "quarter": "2025-03 (Q1)",
      "signal": "YoY REVENUE GROWTH ACCELERATION",
      "detail": "YoY growth: +24.7% vs prior quarter YoY: +2.6% (accel: +22.1%)",
      "severity": "HIGH"
    },
    {
      "quarter": "2024-12 (Q4)",
      "signal": "GROSS MARGIN INFLECTION",
      "detail": "GM: +50.4% -> +26.8% -> +51.9% (reversal +25.0%)",
      "severity": "HIGH"
    },
    {
      "quarter": "2024-12 (Q4)",
      "signal": "YoY REVENUE GROWTH ACCELERATION",
      "detail": "YoY growth: +2.6% vs prior quarter YoY: -14.9% (accel: +17.5%)",
      "severity": "HIGH"
    },
    {
      "quarter": "2024-12 (Q4)",
      "signal": "INCREMENTAL MARGIN (YoY)",
      "detail": "YoY Incr OPM: +1030.8% vs year-ago OPM: +5.5%",
      "severity": "HIGH"
    },
    {
      "quarter": "2024-09 (Q3)",
      "signal": "FCF MARGIN EXPANSION",
      "detail": "FCF margin: +12.6% -> +21.0% (+8.4%)",
      "severity": "MEDIUM"
    },
    {
      "quarter": "2024-09 (Q3)",
      "signal": "YoY REVENUE GROWTH DECELERATION",
      "detail": "YoY growth: -14.9% vs prior quarter YoY: -5.1% (decel: -9.8%)",
      "severity": "WARNING"
    },
    {
      "quarter": "2024-09 (Q3)",
      "signal": "INCREMENTAL MARGIN (YoY)",
      "detail": "YoY Incr OPM: +92.5% vs year-ago OPM: +18.4%",
      "severity": "HIGH"
    },
    {
      "quarter": "2024-06 (Q2)",
      "signal": "YoY REVENUE GROWTH ACCELERATION",
      "detail": "YoY growth: -5.1% vs prior quarter YoY: -13.5% (accel: +8.4%)",
      "severity": "MEDIUM"
    },
    {
      "quarter": "2024-06 (Q2)",
      "signal": "INCREMENTAL MARGIN (YoY)",
      "detail": "YoY Incr OPM: +130.5% vs year-ago OPM: +29.3%",
      "severity": "HIGH"
    },
    {
      "quarter": "2024-03 (Q1)",
      "signal": "FCF MARGIN EXPANSION",
      "detail": "FCF margin: +8.0% -> +14.6% (+6.6%)",
      "severity": "MEDIUM"
    },
    {
      "quarter": "2024-03 (Q1)",
      "signal": "GROSS MARGIN INFLECTION",
      "detail": "GM: +35.5% -> +25.0% -> +39.5% (reversal +14.6%)",
      "severity": "HIGH"
    },
    {
      "quarter": "2024-03 (Q1)",
      "signal": "OP MARGIN TURNED POSITIVE (YoY)",
      "detail": "Op margin: -4.7% (year-ago) -> +22.6%",
      "severity": "HIGH"
    },
    {
      "quarter": "2023-12 (Q4)",
      "signal": "YoY REVENUE GROWTH DECELERATION",
      "detail": "YoY growth: -13.4% vs prior quarter YoY: -7.3% (decel: -6.1%)",
      "severity": "WARNING"
    },
    {
      "quarter": "2023-12 (Q4)",
      "signal": "OP MARGIN TURNED POSITIVE (YoY)",
      "detail": "Op margin: -23.4% (year-ago) -> +5.5%",
      "severity": "HIGH"
    },
    {
      "quarter": "2023-09 (Q3)",
      "signal": "OP MARGIN TURNED POSITIVE (YoY)",
      "detail": "Op margin: -2.5% (year-ago) -> +18.4%",
      "severity": "HIGH"
    },
    {
      "quarter": "2023-06 (Q2)",
      "signal": "FCF MARGIN EXPANSION",
      "detail": "FCF margin: +9.6% -> +23.2% (+13.6%)",
      "severity": "MEDIUM"
    },
    {
      "quarter": "2023-06 (Q2)",
      "signal": "YoY REVENUE GROWTH DECELERATION",
      "detail": "YoY growth: -5.9% vs prior quarter YoY: +3.7% (decel: -9.6%)",
      "severity": "WARNING"
    },
    {
      "quarter": "2023-06 (Q2)",
      "signal": "OP MARGIN TURNED POSITIVE (QoQ)",
      "detail": "Op margin: -4.7% -> +29.3%",
      "severity": "HIGH"
    },
    {
      "quarter": "2023-03 (Q1)",
      "signal": "FCF TURNED POSITIVE",
      "detail": "FCF margin: -4.4% -> +9.6%",
      "severity": "HIGH"
    },
    {
      "quarter": "2023-03 (Q1)",
      "signal": "GROSS MARGIN INFLECTION",
      "detail": "GM: +14.0% -> -6.0% -> +10.9% (reversal +17.0%)",
      "severity": "HIGH"
    },
    {
      "quarter": "2023-03 (Q1)",
      "signal": "YoY REVENUE GROWTH DECELERATION",
      "detail": "YoY growth: +3.7% vs prior quarter YoY: +17.0% (decel: -13.3%)",
      "severity": "WARNING"
    },
    {
      "quarter": "2022-06 (Q2)",
      "signal": "YoY REVENUE GROWTH ACCELERATION",
      "detail": "YoY growth: +18.1% vs prior quarter YoY: +12.5% (accel: +5.6%)",
      "severity": "MEDIUM"
    },
    {
      "quarter": "2022-03 (Q1)",
      "signal": "FCF TURNED POSITIVE",
      "detail": "FCF margin: -6.6% -> +3.4%",
      "severity": "HIGH"
    },
    {
      "quarter": "2022-03 (Q1)",
      "signal": "GROSS MARGIN INFLECTION",
      "detail": "GM: +58.9% -> -24.2% -> +46.0% (reversal +70.2%)",
      "severity": "HIGH"
    },
    {
      "quarter": "2022-03 (Q1)",
      "signal": "YoY REVENUE GROWTH ACCELERATION",
      "detail": "YoY growth: +12.5% vs prior quarter YoY: -15.7% (accel: +28.3%)",
      "severity": "HIGH"
    },
    {
      "quarter": "2022-03 (Q1)",
      "signal": "OP MARGIN TURNED POSITIVE (YoY)",
      "detail": "Op margin: -24.7% (year-ago) -> +30.1%",
      "severity": "HIGH"
    },
    {
      "quarter": "2022-03 (Q1)",
      "signal": "OP MARGIN TURNED POSITIVE (QoQ)",
      "detail": "Op margin: -40.5% -> +30.1%",
      "severity": "HIGH"
    },
    {
      "quarter": "2021-09 (Q3)",
      "signal": "OPERATING LEVERAGE",
      "detail": "Rev growth +19.2% vs OpEx growth +5.4% (leverage: 3.6x)",
      "severity": "MEDIUM"
    },
    {
      "quarter": "2021-06 (Q2)",
      "signal": "FCF TURNED POSITIVE",
      "detail": "FCF margin: -21.4% -> +39.2%",
      "severity": "HIGH"
    },
    {
      "quarter": "2021-06 (Q2)",
      "signal": "GROSS MARGIN INFLECTION",
      "detail": "GM: +37.0% -> -8.1% -> +56.0% (reversal +64.1%)",
      "severity": "HIGH"
    },
    {
      "quarter": "2021-06 (Q2)",
      "signal": "OP MARGIN TURNED POSITIVE (QoQ)",
      "detail": "Op margin: -24.7% -> +36.4%",
      "severity": "HIGH"
    }
  ],
  "data_quality": {
    "n_quarters": 20,
    "coverage": {
      "revenue": [
        20,
        20
      ],
      "gross_profit": [
        20,
        20
      ],
      "op_income": [
        20,
        20
      ],
      "fcf": [
        20,
        20
      ]
    },
    "gaps": [],
    "warnings": []
  },
  "market_cap": null,
  "source": "SEC EDGAR",
  "last_updated": "2026-02-03T01:09:15.413992"
}