{
  "ticker": "VIAV",
  "name": "Viavi Solutions Inc.",
  "quarters": [
    {
      "date": "2021-04-03T00:00:00",
      "quarter_label": "2021-04 (Q2)",
      "revenue": 303400000,
      "gross_profit": 182000000,
      "operating_income": 35900000,
      "net_income": 11800000,
      "opex": 146100000,
      "cogs": 121400000,
      "rd": 52100000,
      "sga": 86100000,
      "fcf": 39900000,
      "ocf": 48100000,
      "capex": -8200000,
      "gross_margin": 0.5998681608437706,
      "op_margin": 0.11832564271588662,
      "fcf_margin": 0.13150955833882663
    },
    {
      "date": "2021-07-03T00:00:00",
      "quarter_label": "2021-07 (Q3)",
      "revenue": 310900000,
      "gross_profit": 182900000,
      "operating_income": 32700000,
      "net_income": -1900000,
      "opex": 150200000,
      "cogs": 128000000,
      "rd": 52100000,
      "sga": 90500000,
      "fcf": 37200000,
      "ocf": 62600000,
      "capex": -25400000,
      "gross_margin": 0.588292055323255,
      "op_margin": 0.10517851399163718,
      "fcf_margin": 0.119652621421679,
      "op_leverage_ratio": 0.8808704599900316,
      "fcf_margin_change": -0.011856936917147634
    },
    {
      "date": "2021-10-02T00:00:00",
      "quarter_label": "2021-10 (Q4)",
      "revenue": 326800000,
      "gross_profit": 195000000,
      "operating_income": 46900000,
      "net_income": -54800000,
      "opex": 148100000,
      "cogs": 131800000,
      "rd": 53600000,
      "sga": 91800000,
      "fcf": 37700000,
      "ocf": 53400000,
      "capex": -15700000,
      "gross_margin": 0.5966952264381885,
      "op_margin": 0.14351285189718482,
      "fcf_margin": 0.1153610771113831,
      "op_leverage_ratio": Infinity,
      "fcf_margin_change": -0.0042915443102958944
    },
    {
      "date": "2022-01-01T00:00:00",
      "quarter_label": "2022-01 (Q1)",
      "revenue": 314800000,
      "gross_profit": 190500000,
      "operating_income": 49300000,
      "net_income": 34600000,
      "opex": 141200000,
      "cogs": 124300000,
      "rd": 50500000,
      "sga": 88200000,
      "fcf": 3800000,
      "ocf": 22200000,
      "capex": -18400000,
      "gross_margin": 0.605146124523507,
      "op_margin": 0.15660736975857686,
      "fcf_margin": 0.01207115628970775,
      "fcf_margin_change": -0.10328992082167535
    },
    {
      "date": "2022-04-02T00:00:00",
      "quarter_label": "2022-04 (Q2)",
      "revenue": 315500000,
      "gross_profit": 186900000,
      "operating_income": 40800000,
      "net_income": 19200000,
      "opex": 146100000,
      "cogs": 128600000,
      "rd": 54900000,
      "sga": 89000000,
      "fcf": 9600000,
      "ocf": 28900000,
      "capex": -19300000,
      "gross_margin": 0.5923930269413629,
      "op_margin": 0.12931854199683043,
      "fcf_margin": 0.030427892234548337,
      "incr_op_margin_yoy": 0.4049586776859504,
      "rev_growth_yoy": 0.03988134475939354,
      "fcf_margin_change": 0.018356735944840587
    },
    {
      "date": "2022-07-02T00:00:00",
      "quarter_label": "2022-07 (Q3)",
      "revenue": 335300000,
      "gross_profit": 201100000,
      "operating_income": 48000000,
      "net_income": 16500000,
      "opex": 153100000,
      "cogs": 134200000,
      "rd": 54200000,
      "sga": 96700000,
      "fcf": 54500000,
      "ocf": 73600000,
      "capex": -19100000,
      "gross_margin": 0.5997614076946018,
      "op_margin": 0.14315538323889054,
      "fcf_margin": 0.1625410080524903,
      "incr_op_margin_yoy": 0.6270491803278688,
      "rev_growth_yoy": 0.0784818269540045,
      "rev_growth_yoy_accel": 0.038600482194610965,
      "op_leverage_ratio": 1.3098392574145348,
      "fcf_margin_change": 0.13211311581794197
    },
    {
      "date": "2022-10-01T00:00:00",
      "quarter_label": "2022-10 (Q4)",
      "revenue": 310200000,
      "gross_profit": 184800000,
      "operating_income": 49800000,
      "net_income": 32600000,
      "opex": 135000000,
      "cogs": 125400000,
      "rd": 52600000,
      "sga": 80200000,
      "fcf": 11800000,
      "ocf": 26600000,
      "capex": -14800000,
      "gross_margin": 0.5957446808510638,
      "op_margin": 0.16054158607350097,
      "fcf_margin": 0.038039974210186976,
      "incr_op_margin_yoy": -0.1746987951807229,
      "rev_growth_yoy": -0.05079559363525092,
      "rev_growth_yoy_accel": -0.12927742058925543,
      "fcf_margin_change": -0.12450103384230332
    },
    {
      "date": "2022-12-31T00:00:00",
      "quarter_label": "2022-12 (Q4)",
      "revenue": 284500000,
      "gross_profit": 167000000,
      "operating_income": 22900000,
      "net_income": 8400000,
      "opex": 144100000,
      "cogs": 117500000,
      "rd": 51900000,
      "sga": 90000000,
      "fcf": 28100000,
      "ocf": 46200000,
      "capex": -18100000,
      "gross_margin": 0.5869947275922671,
      "op_margin": 0.0804920913884007,
      "fcf_margin": 0.09876977152899824,
      "incr_op_margin_yoy": 0.8712871287128713,
      "rev_growth_yoy": -0.09625158831003812,
      "rev_growth_yoy_accel": -0.0454559946747872,
      "fcf_margin_change": 0.060729797318811264
    },
    {
      "date": "2023-04-01T00:00:00",
      "quarter_label": "2023-04 (Q2)",
      "revenue": 247800000,
      "gross_profit": 141000000,
      "operating_income": -2100000,
      "net_income": -15400000,
      "opex": 143100000,
      "cogs": 106800000,
      "rd": 50800000,
      "sga": 80000000,
      "fcf": 7000000,
      "ocf": 17800000,
      "capex": -10800000,
      "gross_margin": 0.5690072639225182,
      "op_margin": -0.00847457627118644,
      "fcf_margin": 0.02824858757062147,
      "incr_op_margin_yoy": 0.6336779911373708,
      "rev_growth_yoy": -0.21458003169572107,
      "rev_growth_yoy_accel": -0.11832844338568295,
      "fcf_margin_change": -0.07052118395837677
    },
    {
      "date": "2023-07-01T00:00:00",
      "quarter_label": "2023-07 (Q3)",
      "revenue": 263600000,
      "gross_profit": 146000000,
      "operating_income": 11800000,
      "net_income": -100000,
      "opex": 134200000,
      "cogs": 117600000,
      "rd": 51600000,
      "sga": 78500000,
      "fcf": 16100000,
      "ocf": 23500000,
      "capex": -7400000,
      "gross_margin": 0.5538694992412747,
      "op_margin": 0.044764795144157814,
      "fcf_margin": 0.061077389984825495,
      "incr_op_margin_yoy": 0.504881450488145,
      "rev_growth_yoy": -0.21383835371309276,
      "rev_growth_yoy_accel": 0.0007416779826283082,
      "op_leverage_ratio": Infinity,
      "fcf_margin_change": 0.03282880241420402
    },
    {
      "date": "2023-09-30T00:00:00",
      "quarter_label": "2023-09 (Q3)",
      "revenue": 247900000,
      "gross_profit": 144400000,
      "operating_income": 16000000,
      "net_income": 9800000,
      "opex": 128400000,
      "cogs": 103500000,
      "rd": 49900000,
      "sga": 77200000,
      "fcf": 43600000,
      "ocf": 50300000,
      "capex": -6700000,
      "gross_margin": 0.582492940701896,
      "op_margin": 0.0645421540943929,
      "fcf_margin": 0.17587736990722067,
      "incr_op_margin_yoy": 0.5425361155698234,
      "rev_growth_yoy": -0.2008381689232753,
      "rev_growth_yoy_accel": 0.01300018478981746,
      "fcf_margin_change": 0.11479997992239517
    },
    {
      "date": "2023-12-30T00:00:00",
      "quarter_label": "2023-12 (Q4)",
      "revenue": 254500000,
      "gross_profit": 148000000,
      "operating_income": 22400000,
      "net_income": 10700000,
      "opex": 125600000,
      "cogs": 106500000,
      "rd": 49500000,
      "sga": 74800000,
      "fcf": 14600000,
      "ocf": 20400000,
      "capex": -5800000,
      "gross_margin": 0.581532416502947,
      "op_margin": 0.08801571709233792,
      "fcf_margin": 0.057367387033398824,
      "incr_op_margin_yoy": 0.016666666666666666,
      "rev_growth_yoy": -0.1054481546572935,
      "rev_growth_yoy_accel": 0.0953900142659818,
      "op_leverage_ratio": Infinity,
      "fcf_margin_change": -0.11850998287382183
    },
    {
      "date": "2024-03-30T00:00:00",
      "quarter_label": "2024-03 (Q1)",
      "revenue": 246000000,
      "gross_profit": 137900000,
      "operating_income": -11900000,
      "net_income": -24600000,
      "opex": 149800000,
      "cogs": 108100000,
      "rd": 50000000,
      "sga": 98200000,
      "fcf": 16300000,
      "ocf": 19500000,
      "capex": -3200000,
      "gross_margin": 0.5605691056910569,
      "op_margin": -0.048373983739837395,
      "fcf_margin": 0.06626016260162601,
      "incr_op_margin_yoy": 5.444444444444445,
      "rev_growth_yoy": -0.007263922518159807,
      "rev_growth_yoy_accel": 0.09818423213913369,
      "fcf_margin_change": 0.008892775568227186
    },
    {
      "date": "2024-06-29T00:00:00",
      "quarter_label": "2024-06 (Q2)",
      "revenue": 252000000,
      "gross_profit": 145600000,
      "operating_income": -5700000,
      "net_income": -21700000,
      "opex": 151300000,
      "cogs": 106400000,
      "rd": 52500000,
      "sga": 83100000,
      "fcf": 22400000,
      "ocf": 26200000,
      "capex": -3800000,
      "gross_margin": 0.5777777777777777,
      "op_margin": -0.02261904761904762,
      "fcf_margin": 0.08888888888888889,
      "incr_op_margin_yoy": 1.5086206896551724,
      "rev_growth_yoy": -0.04400606980273141,
      "rev_growth_yoy_accel": -0.036742147284571605,
      "op_leverage_ratio": 2.435772357723577,
      "fcf_margin_change": 0.022628726287262882
    },
    {
      "date": "2024-09-28T00:00:00",
      "quarter_label": "2024-09 (Q3)",
      "revenue": 238200000,
      "gross_profit": 136100000,
      "operating_income": 11500000,
      "net_income": -1800000,
      "opex": 124600000,
      "cogs": 102100000,
      "rd": 49400000,
      "sga": 74100000,
      "fcf": 6200000,
      "ocf": 13500000,
      "capex": -7300000,
      "gross_margin": 0.5713685978169606,
      "op_margin": 0.04827875734676742,
      "fcf_margin": 0.026028547439126783,
      "incr_op_margin_yoy": 0.4639175257731959,
      "rev_growth_yoy": -0.0391286809197257,
      "rev_growth_yoy_accel": 0.0048773888830057135,
      "fcf_margin_change": -0.0628603414497621
    },
    {
      "date": "2024-12-28T00:00:00",
      "quarter_label": "2024-12 (Q4)",
      "revenue": 270800000,
      "gross_profit": 160800000,
      "operating_income": 22200000,
      "net_income": 9100000,
      "opex": 138600000,
      "cogs": 110000000,
      "rd": 52100000,
      "sga": 84300000,
      "fcf": 36500000,
      "ocf": 44700000,
      "capex": -8200000,
      "gross_margin": 0.5937961595273265,
      "op_margin": 0.08197932053175776,
      "fcf_margin": 0.1347858197932053,
      "incr_op_margin_yoy": -0.012269938650306749,
      "rev_growth_yoy": 0.06404715127701376,
      "rev_growth_yoy_accel": 0.10317583219673945,
      "op_leverage_ratio": 1.2180520570948783,
      "fcf_margin_change": 0.10875727235407853
    },
    {
      "date": "2025-03-29T00:00:00",
      "quarter_label": "2025-03 (Q1)",
      "revenue": 284800000,
      "gross_profit": 160700000,
      "operating_income": 8500000,
      "net_income": 19500000,
      "opex": 152200000,
      "cogs": 124100000,
      "rd": 50000000,
      "sga": 101300000,
      "fcf": 1000000,
      "ocf": 7800000,
      "capex": -6800000,
      "gross_margin": 0.5642556179775281,
      "op_margin": 0.029845505617977528,
      "fcf_margin": 0.0035112359550561797,
      "incr_op_margin_yoy": 0.5257731958762887,
      "rev_growth_yoy": 0.15772357723577235,
      "rev_growth_yoy_accel": 0.0936764259587586,
      "op_leverage_ratio": 0.5268702754366148,
      "fcf_margin_change": -0.13127458383814913
    },
    {
      "date": "2025-06-28T00:00:00",
      "quarter_label": "2025-06 (Q2)",
      "revenue": 290500000,
      "gross_profit": 163500000,
      "operating_income": 15300000,
      "net_income": 8000000,
      "opex": 148200000,
      "cogs": 127000000,
      "rd": 57200000,
      "sga": 89700000,
      "fcf": 18300000,
      "ocf": 23800000,
      "capex": -5500000,
      "gross_margin": 0.5628227194492255,
      "op_margin": 0.05266781411359724,
      "fcf_margin": 0.06299483648881239,
      "incr_op_margin_yoy": 0.5454545454545454,
      "rev_growth_yoy": 0.1527777777777778,
      "rev_growth_yoy_accel": -0.00494579945799456,
      "op_leverage_ratio": Infinity,
      "fcf_margin_change": 0.05948360053375621
    },
    {
      "date": "2025-09-27T00:00:00",
      "quarter_label": "2025-09 (Q3)",
      "revenue": 299100000,
      "gross_profit": 169000000,
      "operating_income": 7600000,
      "net_income": -21400000,
      "opex": 161400000,
      "cogs": 130100000,
      "rd": 56000000,
      "sga": 104200000,
      "fcf": 22500000,
      "ocf": 31000000,
      "capex": -8500000,
      "gross_margin": 0.5650284185891007,
      "op_margin": 0.02540956201939151,
      "fcf_margin": 0.07522567703109329,
      "incr_op_margin_yoy": -0.06403940886699508,
      "rev_growth_yoy": 0.25566750629722923,
      "rev_growth_yoy_accel": 0.10288972851945144,
      "op_leverage_ratio": 0.33237365044593964,
      "fcf_margin_change": 0.012230840542280894
    },
    {
      "date": "2025-12-27T00:00:00",
      "quarter_label": "2025-12 (Q4)",
      "revenue": 369300000,
      "gross_profit": 210600000,
      "operating_income": 11400000,
      "net_income": -48100000,
      "opex": 199200000,
      "cogs": 158700000,
      "rd": 65900000,
      "sga": 127100000,
      "fcf": 36900000,
      "ocf": 42500000,
      "capex": -5600000,
      "gross_margin": 0.570268074735987,
      "op_margin": 0.030869212022745736,
      "fcf_margin": 0.09991876523151909,
      "incr_op_margin_yoy": -0.10964467005076142,
      "rev_growth_yoy": 0.3637370753323486,
      "rev_growth_yoy_accel": 0.10806956903511938,
      "op_leverage_ratio": 1.0021493050580312,
      "fcf_margin_change": 0.024693088200425803
    }
  ],
  "signals": [
    {
      "quarter": "2025-12 (Q4)",
      "signal": "YoY REVENUE GROWTH ACCELERATION",
      "detail": "YoY growth: +36.4% vs prior quarter YoY: +25.6% (accel: +10.8%)",
      "severity": "MEDIUM"
    },
    {
      "quarter": "2025-09 (Q3)",
      "signal": "YoY REVENUE GROWTH ACCELERATION",
      "detail": "YoY growth: +25.6% vs prior quarter YoY: +15.3% (accel: +10.3%)",
      "severity": "MEDIUM"
    },
    {
      "quarter": "2025-06 (Q2)",
      "signal": "FCF MARGIN EXPANSION",
      "detail": "FCF margin: +0.4% -> +6.3% (+5.9%)",
      "severity": "MEDIUM"
    },
    {
      "quarter": "2025-06 (Q2)",
      "signal": "OP MARGIN TURNED POSITIVE (YoY)",
      "detail": "Op margin: -2.3% (year-ago) -> +5.3%",
      "severity": "HIGH"
    },
    {
      "quarter": "2025-03 (Q1)",
      "signal": "YoY REVENUE GROWTH ACCELERATION",
      "detail": "YoY growth: +15.8% vs prior quarter YoY: +6.4% (accel: +9.4%)",
      "severity": "MEDIUM"
    },
    {
      "quarter": "2025-03 (Q1)",
      "signal": "OP MARGIN TURNED POSITIVE (YoY)",
      "detail": "Op margin: -4.8% (year-ago) -> +3.0%",
      "severity": "HIGH"
    },
    {
      "quarter": "2024-12 (Q4)",
      "signal": "FCF MARGIN EXPANSION",
      "detail": "FCF margin: +2.6% -> +13.5% (+10.9%)",
      "severity": "MEDIUM"
    },
    {
      "quarter": "2024-12 (Q4)",
      "signal": "GROSS MARGIN INFLECTION",
      "detail": "GM: +57.8% -> +57.1% -> +59.4% (reversal +2.2%)",
      "severity": "MEDIUM"
    },
    {
      "quarter": "2024-12 (Q4)",
      "signal": "YoY REVENUE GROWTH ACCELERATION",
      "detail": "YoY growth: +6.4% vs prior quarter YoY: -3.9% (accel: +10.3%)",
      "severity": "MEDIUM"
    },
    {
      "quarter": "2024-09 (Q3)",
      "signal": "INCREMENTAL MARGIN (YoY)",
      "detail": "YoY Incr OPM: +46.4% vs year-ago OPM: +6.5%",
      "severity": "HIGH"
    },
    {
      "quarter": "2024-09 (Q3)",
      "signal": "OP MARGIN TURNED POSITIVE (QoQ)",
      "detail": "Op margin: -2.3% -> +4.8%",
      "severity": "HIGH"
    },
    {
      "quarter": "2024-06 (Q2)",
      "signal": "OPERATING LEVERAGE",
      "detail": "Rev growth +2.4% vs OpEx growth +1.0% (leverage: 2.4x)",
      "severity": "MEDIUM"
    },
    {
      "quarter": "2024-03 (Q1)",
      "signal": "YoY REVENUE GROWTH ACCELERATION",
      "detail": "YoY growth: -0.7% vs prior quarter YoY: -10.5% (accel: +9.8%)",
      "severity": "MEDIUM"
    },
    {
      "quarter": "2023-12 (Q4)",
      "signal": "YoY REVENUE GROWTH ACCELERATION",
      "detail": "YoY growth: -10.5% vs prior quarter YoY: -20.1% (accel: +9.5%)",
      "severity": "MEDIUM"
    },
    {
      "quarter": "2023-09 (Q3)",
      "signal": "FCF MARGIN EXPANSION",
      "detail": "FCF margin: +6.1% -> +17.6% (+11.5%)",
      "severity": "MEDIUM"
    },
    {
      "quarter": "2023-09 (Q3)",
      "signal": "GROSS MARGIN INFLECTION",
      "detail": "GM: +56.9% -> +55.4% -> +58.2% (reversal +2.9%)",
      "severity": "MEDIUM"
    },
    {
      "quarter": "2023-09 (Q3)",
      "signal": "INCREMENTAL MARGIN (YoY)",
      "detail": "YoY Incr OPM: +54.3% vs year-ago OPM: +16.1%",
      "severity": "HIGH"
    },
    {
      "quarter": "2023-07 (Q3)",
      "signal": "INCREMENTAL MARGIN (YoY)",
      "detail": "YoY Incr OPM: +50.5% vs year-ago OPM: +14.3%",
      "severity": "HIGH"
    },
    {
      "quarter": "2023-07 (Q3)",
      "signal": "OP MARGIN TURNED POSITIVE (QoQ)",
      "detail": "Op margin: -0.8% -> +4.5%",
      "severity": "HIGH"
    },
    {
      "quarter": "2023-04 (Q2)",
      "signal": "YoY REVENUE GROWTH DECELERATION",
      "detail": "YoY growth: -21.5% vs prior quarter YoY: -9.6% (decel: -11.8%)",
      "severity": "WARNING"
    },
    {
      "quarter": "2022-12 (Q4)",
      "signal": "FCF MARGIN EXPANSION",
      "detail": "FCF margin: +3.8% -> +9.9% (+6.1%)",
      "severity": "MEDIUM"
    },
    {
      "quarter": "2022-12 (Q4)",
      "signal": "INCREMENTAL MARGIN (YoY)",
      "detail": "YoY Incr OPM: +87.1% vs year-ago OPM: +15.7%",
      "severity": "HIGH"
    },
    {
      "quarter": "2022-10 (Q4)",
      "signal": "YoY REVENUE GROWTH DECELERATION",
      "detail": "YoY growth: -5.1% vs prior quarter YoY: +7.8% (decel: -12.9%)",
      "severity": "WARNING"
    },
    {
      "quarter": "2022-07 (Q3)",
      "signal": "FCF MARGIN EXPANSION",
      "detail": "FCF margin: +3.0% -> +16.3% (+13.2%)",
      "severity": "MEDIUM"
    },
    {
      "quarter": "2022-07 (Q3)",
      "signal": "INCREMENTAL MARGIN (YoY)",
      "detail": "YoY Incr OPM: +62.7% vs year-ago OPM: +10.5%",
      "severity": "HIGH"
    },
    {
      "quarter": "2022-04 (Q2)",
      "signal": "INCREMENTAL MARGIN (YoY)",
      "detail": "YoY Incr OPM: +40.5% vs year-ago OPM: +11.8%",
      "severity": "HIGH"
    }
  ],
  "data_quality": {
    "n_quarters": 20,
    "coverage": {
      "revenue": [
        20,
        20
      ],
      "gross_profit": [
        20,
        20
      ],
      "op_income": [
        20,
        20
      ],
      "fcf": [
        20,
        20
      ]
    },
    "gaps": [],
    "warnings": []
  },
  "market_cap": null,
  "source": "SEC EDGAR",
  "last_updated": "2026-02-02T21:07:53.736640"
}