{
  "ticker": "VICR",
  "name": "VICOR CORPORATION",
  "quarters": [
    {
      "date": "2020-12-31T00:00:00",
      "quarter_label": "2020-12 (Q4)",
      "revenue": 84302000,
      "gross_profit": 40451000,
      "operating_income": 11605000,
      "net_income": 11193000,
      "opex": 28846000,
      "cogs": 43851000,
      "rd": 12719000,
      "sga": 16127000,
      "fcf": 7551000,
      "ocf": 19367000,
      "capex": -11816000,
      "gross_margin": 0.47983440487770157,
      "op_margin": 0.13765984199663117,
      "fcf_margin": 0.08957082868733837
    },
    {
      "date": "2021-03-31T00:00:00",
      "quarter_label": "2021-03 (Q1)",
      "revenue": 88796000,
      "gross_profit": 44700000,
      "operating_income": 14720000,
      "net_income": 15092000,
      "opex": 29980000,
      "cogs": 44096000,
      "rd": 13026000,
      "sga": 16954000,
      "fcf": 8509000,
      "ocf": 17773000,
      "capex": -9264000,
      "gross_margin": 0.5034010541015361,
      "op_margin": 0.1657732330285148,
      "fcf_margin": 0.09582638857606199,
      "op_leverage_ratio": 1.3560251195657238,
      "fcf_margin_change": 0.006255559888723616
    },
    {
      "date": "2021-06-30T00:00:00",
      "quarter_label": "2021-06 (Q2)",
      "revenue": 95376000,
      "gross_profit": 49871000,
      "operating_income": 20009000,
      "net_income": 19394000,
      "opex": 29862000,
      "cogs": 45505000,
      "rd": 13273000,
      "sga": 16589000,
      "fcf": 5824000,
      "ocf": 12342000,
      "capex": -6518000,
      "gross_margin": 0.522888357658111,
      "op_margin": 0.20979072303304816,
      "fcf_margin": 0.061063579936252305,
      "op_leverage_ratio": Infinity,
      "fcf_margin_change": -0.034762808639809684
    },
    {
      "date": "2021-09-30T00:00:00",
      "quarter_label": "2021-09 (Q3)",
      "revenue": 84911000,
      "gross_profit": 42813000,
      "operating_income": 11972000,
      "net_income": 13259000,
      "opex": 30841000,
      "cogs": 42098000,
      "rd": 13519000,
      "sga": 17322000,
      "fcf": -5048000,
      "ocf": 10112000,
      "capex": -15160000,
      "gross_margin": 0.5042102907750469,
      "op_margin": 0.14099468855625302,
      "fcf_margin": -0.05945048344737431,
      "fcf_margin_change": -0.12051406338362661
    },
    {
      "date": "2021-12-31T00:00:00",
      "quarter_label": "2021-12 (Q4)",
      "revenue": 90281000,
      "gross_profit": 40816000,
      "operating_income": 8901000,
      "net_income": 8880000,
      "opex": 31915000,
      "cogs": 49465000,
      "rd": 13296000,
      "sga": 18619000,
      "fcf": -2602000,
      "ocf": 14217000,
      "capex": -16819000,
      "gross_margin": 0.452099555831238,
      "op_margin": 0.09859217332550592,
      "fcf_margin": -0.028821125153686823,
      "incr_op_margin_yoy": -0.4522495400568657,
      "rev_growth_yoy": 0.07092358425660127,
      "op_leverage_ratio": 1.816078011093969,
      "fcf_margin_change": 0.030629358293687486
    },
    {
      "date": "2022-03-31T00:00:00",
      "quarter_label": "2022-03 (Q1)",
      "revenue": 88282000,
      "gross_profit": 37601000,
      "operating_income": 4780000,
      "net_income": 4999000,
      "opex": 32821000,
      "cogs": 50681000,
      "rd": 14253000,
      "sga": 18568000,
      "fcf": -18098000,
      "ocf": 4585000,
      "capex": -22683000,
      "gross_margin": 0.4259192134296912,
      "op_margin": 0.05414467275322263,
      "fcf_margin": -0.20500215219410525,
      "rev_growth_yoy": -0.0057885490337402585,
      "rev_growth_yoy_accel": -0.07671213329034153,
      "fcf_margin_change": -0.17618102704041844
    },
    {
      "date": "2022-06-30T00:00:00",
      "quarter_label": "2022-06 (Q2)",
      "revenue": 102186000,
      "gross_profit": 46849000,
      "operating_income": 11298000,
      "net_income": 10593000,
      "opex": 35551000,
      "cogs": 55337000,
      "rd": 15516000,
      "sga": 20035000,
      "fcf": -3372000,
      "ocf": 10823000,
      "capex": -14195000,
      "gross_margin": 0.45846789188342824,
      "op_margin": 0.11056309083436087,
      "fcf_margin": -0.032998649521460865,
      "incr_op_margin_yoy": -1.2791483113069015,
      "rev_growth_yoy": 0.07140161046804228,
      "rev_growth_yoy_accel": 0.07719015950178254,
      "op_leverage_ratio": 1.8934627155918018,
      "fcf_margin_change": 0.1720035026726444
    },
    {
      "date": "2022-09-30T00:00:00",
      "quarter_label": "2022-09 (Q3)",
      "revenue": 103118000,
      "gross_profit": 46970000,
      "operating_income": 3004000,
      "net_income": 1792000,
      "opex": 43966000,
      "cogs": 56148000,
      "rd": 14747000,
      "sga": 22719000,
      "fcf": -7799000,
      "ocf": 6602000,
      "capex": -14401000,
      "gross_margin": 0.4554975852906379,
      "op_margin": 0.02913167439244361,
      "fcf_margin": -0.07563180046160708,
      "incr_op_margin_yoy": -0.4925578074367002,
      "rev_growth_yoy": 0.21442451508049604,
      "rev_growth_yoy_accel": 0.14302290461245376,
      "fcf_margin_change": -0.04263315094014622
    },
    {
      "date": "2022-12-31T00:00:00",
      "quarter_label": "2022-12 (Q4)",
      "revenue": 105493000,
      "gross_profit": 49139000,
      "operating_income": 8119000,
      "net_income": 8062000,
      "opex": 41020000,
      "cogs": 56354000,
      "rd": 16078000,
      "sga": 24942000,
      "fcf": -11758000,
      "ocf": 929000,
      "capex": -12687000,
      "gross_margin": 0.4658034182362811,
      "op_margin": 0.076962452484999,
      "fcf_margin": -0.11145763225996037,
      "incr_op_margin_yoy": -0.05140678411780174,
      "rev_growth_yoy": 0.16849613983008607,
      "rev_growth_yoy_accel": -0.045928375250409964,
      "op_leverage_ratio": Infinity,
      "fcf_margin_change": -0.03582583179835329
    },
    {
      "date": "2023-03-31T00:00:00",
      "quarter_label": "2023-03 (Q1)",
      "revenue": 97816000,
      "gross_profit": 46534000,
      "operating_income": 10442000,
      "net_income": 11244000,
      "opex": 36092000,
      "cogs": 51282000,
      "rd": 15869000,
      "sga": 20223000,
      "fcf": 24000,
      "ocf": 10113000,
      "capex": -10089000,
      "gross_margin": 0.4757299419317903,
      "op_margin": 0.1067514517052425,
      "fcf_margin": 0.0002453586325345547,
      "incr_op_margin_yoy": 0.5938745542269771,
      "rev_growth_yoy": 0.1079948347341474,
      "rev_growth_yoy_accel": -0.06050130509593868,
      "fcf_margin_change": 0.11170299089249493
    },
    {
      "date": "2023-06-30T00:00:00",
      "quarter_label": "2023-06 (Q2)",
      "revenue": 106747000,
      "gross_profit": 55173000,
      "operating_income": 17863000,
      "net_income": 17101000,
      "opex": 37310000,
      "cogs": 51574000,
      "rd": 16935000,
      "sga": 20375000,
      "fcf": 10502000,
      "ocf": 19040000,
      "capex": -8538000,
      "gross_margin": 0.5168576166074925,
      "op_margin": 0.16733959736573392,
      "fcf_margin": 0.09838215593880859,
      "incr_op_margin_yoy": 1.4393773295329972,
      "rev_growth_yoy": 0.04463429432603292,
      "rev_growth_yoy_accel": -0.06336054040811448,
      "op_leverage_ratio": 2.7055393236562386,
      "fcf_margin_change": 0.09813679730627403
    },
    {
      "date": "2023-09-30T00:00:00",
      "quarter_label": "2023-09 (Q3)",
      "revenue": 107844000,
      "gross_profit": 55878000,
      "operating_income": 15704000,
      "net_income": 16582000,
      "opex": 40174000,
      "cogs": 51966000,
      "rd": 17752000,
      "sga": 22422000,
      "fcf": 16179000,
      "ocf": 23841000,
      "capex": -7662000,
      "gross_margin": 0.518137309446979,
      "op_margin": 0.1456177441489559,
      "fcf_margin": 0.15002225436741962,
      "incr_op_margin_yoy": 2.687261955141769,
      "rev_growth_yoy": 0.045830989739909615,
      "rev_growth_yoy_accel": 0.0011966954138766944,
      "op_leverage_ratio": 0.133876140750073,
      "fcf_margin_change": 0.05164009842861103
    },
    {
      "date": "2023-12-31T00:00:00",
      "quarter_label": "2023-12 (Q4)",
      "revenue": 92652000,
      "gross_profit": 47344000,
      "operating_income": 7349000,
      "net_income": 8668000,
      "opex": 39995000,
      "cogs": 45308000,
      "rd": 17301000,
      "sga": 22694000,
      "fcf": 14371000,
      "ocf": 21534000,
      "capex": -7163000,
      "gross_margin": 0.510987350515909,
      "op_margin": 0.07931830937270647,
      "fcf_margin": 0.15510728316711997,
      "incr_op_margin_yoy": 0.05996417724476287,
      "rev_growth_yoy": -0.1217237162655342,
      "rev_growth_yoy_accel": -0.1675547060054438,
      "fcf_margin_change": 0.005085028799700353
    },
    {
      "date": "2024-03-31T00:00:00",
      "quarter_label": "2024-03 (Q1)",
      "revenue": 83872000,
      "gross_profit": 45123000,
      "operating_income": -16115000,
      "net_income": -14473000,
      "opex": 61238000,
      "cogs": 38749000,
      "rd": 18039000,
      "sga": 25999000,
      "fcf": -4688000,
      "ocf": 2582000,
      "capex": -7270000,
      "gross_margin": 0.5379983784814956,
      "op_margin": -0.1921380198397558,
      "fcf_margin": -0.05589469668065624,
      "incr_op_margin_yoy": 1.9045467584624212,
      "rev_growth_yoy": -0.14255336550257627,
      "rev_growth_yoy_accel": -0.020829649237042072,
      "fcf_margin_change": -0.21100197984777622
    },
    {
      "date": "2024-06-30T00:00:00",
      "quarter_label": "2024-06 (Q2)",
      "revenue": 85854000,
      "gross_profit": 42771000,
      "operating_income": 214000,
      "net_income": -1196000,
      "opex": 42557000,
      "cogs": 43083000,
      "rd": 16939000,
      "sga": 23318000,
      "fcf": 9425000,
      "ocf": 15566000,
      "capex": -6141000,
      "gross_margin": 0.49818296177231114,
      "op_margin": 0.0024926037225988305,
      "fcf_margin": 0.10977939292286906,
      "incr_op_margin_yoy": 0.8447326855884746,
      "rev_growth_yoy": -0.19572447000852483,
      "rev_growth_yoy_accel": -0.05317110450594856,
      "op_leverage_ratio": Infinity,
      "fcf_margin_change": 0.1656740896035253
    },
    {
      "date": "2024-09-30T00:00:00",
      "quarter_label": "2024-09 (Q3)",
      "revenue": 93166000,
      "gross_profit": 45744000,
      "operating_income": 5386000,
      "net_income": 11552000,
      "opex": 40358000,
      "cogs": 47422000,
      "rd": 16960000,
      "sga": 23398000,
      "fcf": 14122000,
      "ocf": 22577000,
      "capex": -8455000,
      "gross_margin": 0.490994568834124,
      "op_margin": 0.057810789343752014,
      "fcf_margin": 0.15157890217461306,
      "incr_op_margin_yoy": 0.7029568061043739,
      "rev_growth_yoy": -0.1361040020770743,
      "rev_growth_yoy_accel": 0.05962046793145054,
      "op_leverage_ratio": Infinity,
      "fcf_margin_change": 0.041799509251744
    },
    {
      "date": "2024-12-31T00:00:00",
      "quarter_label": "2024-12 (Q4)",
      "revenue": 96166000,
      "gross_profit": 50360000,
      "operating_income": 9205000,
      "net_income": 10246000,
      "opex": 41155000,
      "cogs": 45806000,
      "rd": 16984000,
      "sga": 24171000,
      "fcf": 8381000,
      "ocf": 10117000,
      "capex": -1736000,
      "gross_margin": 0.5236778071251794,
      "op_margin": 0.09571990100451302,
      "fcf_margin": 0.08715138406505418,
      "incr_op_margin_yoy": 0.5281730221969266,
      "rev_growth_yoy": 0.03792686612269568,
      "rev_growth_yoy_accel": 0.17403086819976998,
      "op_leverage_ratio": 1.6305537496500833,
      "fcf_margin_change": -0.06442751810955888
    },
    {
      "date": "2025-03-31T00:00:00",
      "quarter_label": "2025-03 (Q1)",
      "revenue": 93968000,
      "gross_profit": 44365000,
      "operating_income": -149000,
      "net_income": 2539000,
      "opex": 44514000,
      "cogs": 49603000,
      "rd": 19377000,
      "sga": 25137000,
      "fcf": 15578000,
      "ocf": 20128000,
      "capex": -4550000,
      "gross_margin": 0.4721288098075941,
      "op_margin": -0.0015856461774221011,
      "fcf_margin": 0.16577983994551337,
      "incr_op_margin_yoy": 1.581418383518225,
      "rev_growth_yoy": 0.1203739030904235,
      "rev_growth_yoy_accel": 0.08244703696772783,
      "fcf_margin_change": 0.07862845588045919
    },
    {
      "date": "2025-06-30T00:00:00",
      "quarter_label": "2025-06 (Q2)",
      "revenue": 141046000,
      "gross_profit": 92128000,
      "operating_income": 45385000,
      "net_income": 41192000,
      "opex": 46743000,
      "cogs": 48918000,
      "rd": 18791000,
      "sga": 27952000,
      "fcf": 59021000,
      "ocf": 65225000,
      "capex": -6204000,
      "gross_margin": 0.6531769777235795,
      "op_margin": 0.3217744565602711,
      "fcf_margin": 0.418452136182522,
      "incr_op_margin_yoy": 0.8184338309899986,
      "rev_growth_yoy": 0.6428588068115638,
      "rev_growth_yoy_accel": 0.5224849037211403,
      "op_leverage_ratio": 10.005172345833374,
      "fcf_margin_change": 0.25267229623700865
    },
    {
      "date": "2025-09-30T00:00:00",
      "quarter_label": "2025-09 (Q3)",
      "revenue": 110423000,
      "gross_profit": 63513000,
      "operating_income": 20907000,
      "net_income": 28292000,
      "opex": 42606000,
      "cogs": 46910000,
      "rd": 19859000,
      "sga": 22747000,
      "fcf": 34466000,
      "ocf": 38487000,
      "capex": -4021000,
      "gross_margin": 0.5751790840676309,
      "op_margin": 0.189335555092689,
      "fcf_margin": 0.31212700252664755,
      "incr_op_margin_yoy": 0.8994031407544765,
      "rev_growth_yoy": 0.18522851684090763,
      "rev_growth_yoy_accel": -0.4576302899706562,
      "fcf_margin_change": -0.10632513365587448
    }
  ],
  "signals": [
    {
      "quarter": "2025-09 (Q3)",
      "signal": "YoY REVENUE GROWTH DECELERATION",
      "detail": "YoY growth: +18.5% vs prior quarter YoY: +64.3% (decel: -45.8%)",
      "severity": "WARNING"
    },
    {
      "quarter": "2025-09 (Q3)",
      "signal": "INCREMENTAL MARGIN (YoY)",
      "detail": "YoY Incr OPM: +89.9% vs year-ago OPM: +5.8%",
      "severity": "HIGH"
    },
    {
      "quarter": "2025-06 (Q2)",
      "signal": "FCF MARGIN EXPANSION",
      "detail": "FCF margin: +16.6% -> +41.8% (+25.3%)",
      "severity": "MEDIUM"
    },
    {
      "quarter": "2025-06 (Q2)",
      "signal": "OPERATING LEVERAGE",
      "detail": "Rev growth +50.1% vs OpEx growth +5.0% (leverage: 10.0x)",
      "severity": "MEDIUM"
    },
    {
      "quarter": "2025-06 (Q2)",
      "signal": "GROSS MARGIN INFLECTION",
      "detail": "GM: +52.4% -> +47.2% -> +65.3% (reversal +18.1%)",
      "severity": "HIGH"
    },
    {
      "quarter": "2025-06 (Q2)",
      "signal": "YoY REVENUE GROWTH ACCELERATION",
      "detail": "YoY growth: +64.3% vs prior quarter YoY: +12.0% (accel: +52.2%)",
      "severity": "HIGH"
    },
    {
      "quarter": "2025-06 (Q2)",
      "signal": "INCREMENTAL MARGIN (YoY)",
      "detail": "YoY Incr OPM: +81.8% vs year-ago OPM: +0.2%",
      "severity": "HIGH"
    },
    {
      "quarter": "2025-06 (Q2)",
      "signal": "OP MARGIN TURNED POSITIVE (QoQ)",
      "detail": "Op margin: -0.2% -> +32.2%",
      "severity": "HIGH"
    },
    {
      "quarter": "2025-03 (Q1)",
      "signal": "FCF MARGIN EXPANSION",
      "detail": "FCF margin: +8.7% -> +16.6% (+7.9%)",
      "severity": "MEDIUM"
    },
    {
      "quarter": "2025-03 (Q1)",
      "signal": "YoY REVENUE GROWTH ACCELERATION",
      "detail": "YoY growth: +12.0% vs prior quarter YoY: +3.8% (accel: +8.2%)",
      "severity": "MEDIUM"
    },
    {
      "quarter": "2024-12 (Q4)",
      "signal": "OPERATING LEVERAGE",
      "detail": "Rev growth +3.2% vs OpEx growth +2.0% (leverage: 1.6x)",
      "severity": "MEDIUM"
    },
    {
      "quarter": "2024-12 (Q4)",
      "signal": "GROSS MARGIN INFLECTION",
      "detail": "GM: +49.8% -> +49.1% -> +52.4% (reversal +3.3%)",
      "severity": "MEDIUM"
    },
    {
      "quarter": "2024-12 (Q4)",
      "signal": "YoY REVENUE GROWTH ACCELERATION",
      "detail": "YoY growth: +3.8% vs prior quarter YoY: -13.6% (accel: +17.4%)",
      "severity": "HIGH"
    },
    {
      "quarter": "2024-12 (Q4)",
      "signal": "INCREMENTAL MARGIN (YoY)",
      "detail": "YoY Incr OPM: +52.8% vs year-ago OPM: +7.9%",
      "severity": "HIGH"
    },
    {
      "quarter": "2024-09 (Q3)",
      "signal": "YoY REVENUE GROWTH ACCELERATION",
      "detail": "YoY growth: -13.6% vs prior quarter YoY: -19.6% (accel: +6.0%)",
      "severity": "MEDIUM"
    },
    {
      "quarter": "2024-09 (Q3)",
      "signal": "INCREMENTAL MARGIN (YoY)",
      "detail": "YoY Incr OPM: +70.3% vs year-ago OPM: +14.6%",
      "severity": "HIGH"
    },
    {
      "quarter": "2024-06 (Q2)",
      "signal": "FCF TURNED POSITIVE",
      "detail": "FCF margin: -5.6% -> +11.0%",
      "severity": "HIGH"
    },
    {
      "quarter": "2024-06 (Q2)",
      "signal": "YoY REVENUE GROWTH DECELERATION",
      "detail": "YoY growth: -19.6% vs prior quarter YoY: -14.3% (decel: -5.3%)",
      "severity": "WARNING"
    },
    {
      "quarter": "2024-06 (Q2)",
      "signal": "INCREMENTAL MARGIN (YoY)",
      "detail": "YoY Incr OPM: +84.5% vs year-ago OPM: +16.7%",
      "severity": "HIGH"
    },
    {
      "quarter": "2024-06 (Q2)",
      "signal": "OP MARGIN TURNED POSITIVE (QoQ)",
      "detail": "Op margin: -19.2% -> +0.2%",
      "severity": "HIGH"
    },
    {
      "quarter": "2024-03 (Q1)",
      "signal": "GROSS MARGIN INFLECTION",
      "detail": "GM: +51.8% -> +51.1% -> +53.8% (reversal +2.7%)",
      "severity": "MEDIUM"
    },
    {
      "quarter": "2023-12 (Q4)",
      "signal": "YoY REVENUE GROWTH DECELERATION",
      "detail": "YoY growth: -12.2% vs prior quarter YoY: +4.6% (decel: -16.8%)",
      "severity": "WARNING"
    },
    {
      "quarter": "2023-09 (Q3)",
      "signal": "FCF MARGIN EXPANSION",
      "detail": "FCF margin: +9.8% -> +15.0% (+5.2%)",
      "severity": "MEDIUM"
    },
    {
      "quarter": "2023-09 (Q3)",
      "signal": "INCREMENTAL MARGIN (YoY)",
      "detail": "YoY Incr OPM: +268.7% vs year-ago OPM: +2.9%",
      "severity": "HIGH"
    },
    {
      "quarter": "2023-06 (Q2)",
      "signal": "FCF MARGIN EXPANSION",
      "detail": "FCF margin: +0.0% -> +9.8% (+9.8%)",
      "severity": "MEDIUM"
    },
    {
      "quarter": "2023-06 (Q2)",
      "signal": "OPERATING LEVERAGE",
      "detail": "Rev growth +9.1% vs OpEx growth +3.4% (leverage: 2.7x)",
      "severity": "MEDIUM"
    },
    {
      "quarter": "2023-06 (Q2)",
      "signal": "YoY REVENUE GROWTH DECELERATION",
      "detail": "YoY growth: +4.5% vs prior quarter YoY: +10.8% (decel: -6.3%)",
      "severity": "WARNING"
    },
    {
      "quarter": "2023-06 (Q2)",
      "signal": "INCREMENTAL MARGIN (YoY)",
      "detail": "YoY Incr OPM: +143.9% vs year-ago OPM: +11.1%",
      "severity": "HIGH"
    },
    {
      "quarter": "2023-03 (Q1)",
      "signal": "FCF TURNED POSITIVE",
      "detail": "FCF margin: -11.1% -> +0.0%",
      "severity": "HIGH"
    },
    {
      "quarter": "2023-03 (Q1)",
      "signal": "YoY REVENUE GROWTH DECELERATION",
      "detail": "YoY growth: +10.8% vs prior quarter YoY: +16.8% (decel: -6.1%)",
      "severity": "WARNING"
    },
    {
      "quarter": "2023-03 (Q1)",
      "signal": "INCREMENTAL MARGIN (YoY)",
      "detail": "YoY Incr OPM: +59.4% vs year-ago OPM: +5.4%",
      "severity": "HIGH"
    },
    {
      "quarter": "2022-09 (Q3)",
      "signal": "YoY REVENUE GROWTH ACCELERATION",
      "detail": "YoY growth: +21.4% vs prior quarter YoY: +7.1% (accel: +14.3%)",
      "severity": "MEDIUM"
    },
    {
      "quarter": "2022-06 (Q2)",
      "signal": "FCF MARGIN EXPANSION",
      "detail": "FCF margin: -20.5% -> -3.3% (+17.2%)",
      "severity": "MEDIUM"
    },
    {
      "quarter": "2022-06 (Q2)",
      "signal": "OPERATING LEVERAGE",
      "detail": "Rev growth +15.7% vs OpEx growth +8.3% (leverage: 1.9x)",
      "severity": "MEDIUM"
    },
    {
      "quarter": "2022-06 (Q2)",
      "signal": "GROSS MARGIN INFLECTION",
      "detail": "GM: +45.2% -> +42.6% -> +45.8% (reversal +3.3%)",
      "severity": "MEDIUM"
    },
    {
      "quarter": "2022-06 (Q2)",
      "signal": "YoY REVENUE GROWTH ACCELERATION",
      "detail": "YoY growth: +7.1% vs prior quarter YoY: -0.6% (accel: +7.7%)",
      "severity": "MEDIUM"
    },
    {
      "quarter": "2022-03 (Q1)",
      "signal": "YoY REVENUE GROWTH DECELERATION",
      "detail": "YoY growth: -0.6% vs prior quarter YoY: +7.1% (decel: -7.7%)",
      "severity": "WARNING"
    },
    {
      "quarter": "2021-12 (Q4)",
      "signal": "OPERATING LEVERAGE",
      "detail": "Rev growth +6.3% vs OpEx growth +3.5% (leverage: 1.8x)",
      "severity": "MEDIUM"
    }
  ],
  "data_quality": {
    "n_quarters": 20,
    "coverage": {
      "revenue": [
        20,
        20
      ],
      "gross_profit": [
        20,
        20
      ],
      "op_income": [
        20,
        20
      ],
      "fcf": [
        20,
        20
      ]
    },
    "gaps": [],
    "warnings": []
  },
  "market_cap": null,
  "source": "SEC EDGAR",
  "last_updated": "2026-02-02T20:48:59.683515"
}