{
  "ticker": "VIR",
  "name": "Vir Biotechnology, Inc.",
  "sector": "Healthcare",
  "industry": "Biotechnology",
  "quarters": [
    {
      "date": "2021-03-31T00:00:00",
      "quarter_label": "2021-03 (Q1)",
      "revenue": 1976000,
      "gross_profit": 1976000,
      "operating_income": -158633000,
      "net_income": -168911000,
      "opex": 160609000,
      "cogs": 0,
      "rd": 134870000,
      "sga": 25739000,
      "fcf": -90196000,
      "ocf": -89529000,
      "capex": -667000,
      "gross_margin": 1.0,
      "op_margin": -80.27985829959515,
      "fcf_margin": -45.64574898785425
    },
    {
      "date": "2021-06-30T00:00:00",
      "quarter_label": "2021-06 (Q2)",
      "revenue": 177068000,
      "gross_profit": 175924000,
      "operating_income": 61017000,
      "net_income": 61813000,
      "opex": 116051000,
      "cogs": 1144000,
      "rd": 86126000,
      "sga": 28781000,
      "fcf": 137981000,
      "ocf": 140058000,
      "capex": -2077000,
      "gross_margin": 0.9935392052770687,
      "op_margin": 0.3445964262317302,
      "fcf_margin": 0.7792542977839022,
      "op_leverage_ratio": null,
      "fcf_margin_change": 46.42500328563815
    },
    {
      "date": "2021-09-30T00:00:00",
      "quarter_label": "2021-09 (Q3)",
      "revenue": 103616000,
      "gross_profit": 95780000,
      "operating_income": -53385000,
      "net_income": 110428000,
      "opex": 157001000,
      "cogs": 7836000,
      "rd": 98669000,
      "sga": 50496000,
      "fcf": -111819000,
      "ocf": -105813000,
      "capex": -6006000,
      "gross_margin": 0.9243746139592341,
      "op_margin": -0.5152196571957999,
      "fcf_margin": -1.079167310067943,
      "fcf_margin_change": -1.8584216078518452
    },
    {
      "date": "2021-12-31T00:00:00",
      "quarter_label": "2021-12 (Q4)",
      "revenue": 812747000,
      "gross_profit": 755870000,
      "operating_income": 571752000,
      "net_income": 525254000,
      "opex": 240995000,
      "cogs": 56877000,
      "rd": 128341000,
      "sga": 55777000,
      "fcf": -5372000,
      "ocf": 7695000,
      "capex": -13067000,
      "gross_margin": 0.9300188127424648,
      "op_margin": 0.7034809110338149,
      "fcf_margin": -0.00660968296407123,
      "op_leverage_ratio": 12.792452207620958,
      "fcf_margin_change": 1.072557627103872
    },
    {
      "date": "2022-03-31T00:00:00",
      "quarter_label": "2022-03 (Q1)",
      "revenue": 1232459000,
      "gross_profit": 1142310000,
      "operating_income": 1013828000,
      "net_income": 518621000,
      "opex": 218631000,
      "cogs": 90149000,
      "rd": 90227000,
      "sga": 38255000,
      "fcf": 534248000,
      "ocf": 550089000,
      "capex": -15841000,
      "gross_margin": 0.9268543618895233,
      "op_margin": 0.8226058635621956,
      "fcf_margin": 0.4334813571891641,
      "incr_op_margin_yoy": 0.9528461587848024,
      "rev_growth_yoy": 622.7140688259109,
      "op_leverage_ratio": null,
      "fcf_margin_change": 0.4400910401532353
    },
    {
      "date": "2022-06-30T00:00:00",
      "quarter_label": "2022-06 (Q2)",
      "revenue": -40629000,
      "gross_profit": -68550000,
      "operating_income": -225222000,
      "net_income": -76493000,
      "opex": 184593000,
      "cogs": 27921000,
      "rd": 115082000,
      "sga": 41590000,
      "fcf": 939538000,
      "ocf": 960136000,
      "capex": -20598000,
      "gross_margin": 1.6872184892564424,
      "op_margin": 5.543380344089197,
      "fcf_margin": -23.12481232617096,
      "incr_op_margin_yoy": 1.314850457286963,
      "rev_growth_yoy": -1.2294542209772517,
      "rev_growth_yoy_accel": -623.9435230468881,
      "fcf_margin_change": -23.558293683360127
    },
    {
      "date": "2022-09-30T00:00:00",
      "quarter_label": "2022-09 (Q3)",
      "revenue": 374557000,
      "gross_profit": 352304000,
      "operating_income": 194964000,
      "net_income": 175312000,
      "opex": 179593000,
      "cogs": 22253000,
      "rd": 114166000,
      "sga": 43174000,
      "fcf": 98909000,
      "ocf": 117902000,
      "capex": -18993000,
      "gross_margin": 0.9405884818599038,
      "op_margin": 0.5205189063346833,
      "fcf_margin": 0.26406928718459405,
      "incr_op_margin_yoy": 0.9166165327506727,
      "rev_growth_yoy": 2.614856778875849,
      "rev_growth_yoy_accel": 3.844310999853101,
      "fcf_margin_change": 23.388881613355554
    },
    {
      "date": "2022-12-31T00:00:00",
      "quarter_label": "2022-12 (Q4)",
      "revenue": 49410000,
      "gross_profit": 43414000,
      "operating_income": -150502000,
      "net_income": -101603000,
      "opex": 199912000,
      "cogs": 5996000,
      "rd": 155173000,
      "sga": 38743000,
      "fcf": 22552000,
      "ocf": 35126000,
      "capex": -12574000,
      "gross_margin": 0.8786480469540578,
      "op_margin": -3.0459825946164742,
      "fcf_margin": 0.4564258247318357,
      "incr_op_margin_yoy": 0.9461797345078256,
      "rev_growth_yoy": -0.9392061736309085,
      "rev_growth_yoy_accel": -3.554062952506758,
      "fcf_margin_change": 0.19235653754724164
    },
    {
      "date": "2023-03-31T00:00:00",
      "quarter_label": "2023-03 (Q1)",
      "revenue": 62957000,
      "gross_profit": 61050000,
      "operating_income": -143371000,
      "net_income": -140956000,
      "opex": 206328000,
      "cogs": 1907000,
      "rd": 157643000,
      "sga": 46778000,
      "fcf": -132649000,
      "ocf": -125782000,
      "capex": -6867000,
      "gross_margin": 0.9697094842511556,
      "op_margin": -2.2772844957669522,
      "fcf_margin": -2.106977778483727,
      "incr_op_margin_yoy": 0.9894801376996363,
      "rev_growth_yoy": -0.9489175704830749,
      "rev_growth_yoy_accel": -0.009711396852166376,
      "op_leverage_ratio": 8.542850094960938,
      "fcf_margin_change": -2.5634036032155625
    },
    {
      "date": "2023-06-30T00:00:00",
      "quarter_label": "2023-06 (Q2)",
      "revenue": 3797000,
      "gross_profit": 3775000,
      "operating_income": -215186000,
      "net_income": -194775000,
      "opex": 218983000,
      "cogs": 22000,
      "rd": 171860000,
      "sga": 47101000,
      "fcf": -398704000,
      "ocf": -389247000,
      "capex": -9457000,
      "gross_margin": 0.9942059520674217,
      "op_margin": -56.672636291809326,
      "fcf_margin": -105.00500395048722,
      "incr_op_margin_yoy": 0.22590375005627336,
      "fcf_margin_change": -102.8980261720035
    },
    {
      "date": "2023-09-30T00:00:00",
      "quarter_label": "2023-09 (Q3)",
      "revenue": 2639000,
      "gross_profit": 2601000,
      "operating_income": -186732000,
      "net_income": -163413000,
      "opex": 189371000,
      "cogs": 38000,
      "rd": 148253000,
      "sga": 41080000,
      "fcf": -159543000,
      "ocf": -155829000,
      "capex": -3714000,
      "gross_margin": 0.9856006062902615,
      "op_margin": -70.75862068965517,
      "fcf_margin": -60.45585449033725,
      "incr_op_margin_yoy": 1.0262907415075366,
      "rev_growth_yoy": -0.9929543433976671,
      "fcf_margin_change": 44.54914946014997
    },
    {
      "date": "2023-12-31T00:00:00",
      "quarter_label": "2023-12 (Q4)",
      "revenue": 16787000,
      "gross_profit": 15989000,
      "operating_income": -139016000,
      "net_income": -115973000,
      "opex": 155803000,
      "cogs": 798000,
      "rd": 111915000,
      "sga": 43090000,
      "fcf": -109462000,
      "ocf": -107927000,
      "capex": -1535000,
      "gross_margin": 0.9524632155834872,
      "op_margin": -8.281169952939775,
      "fcf_margin": -6.520640972180854,
      "incr_op_margin_yoy": -0.3520828863072066,
      "rev_growth_yoy": -0.6602509613438575,
      "rev_growth_yoy_accel": 0.33270338205380956,
      "op_leverage_ratio": null,
      "fcf_margin_change": 53.935213518156395
    },
    {
      "date": "2024-03-31T00:00:00",
      "quarter_label": "2024-03 (Q1)",
      "revenue": 56376000,
      "gross_profit": 56317000,
      "operating_income": -80081000,
      "net_income": -65276000,
      "opex": 136457000,
      "cogs": 59000,
      "rd": 100125000,
      "sga": 36273000,
      "fcf": -111262000,
      "ocf": -109390000,
      "capex": -1872000,
      "gross_margin": 0.9989534553710799,
      "op_margin": -1.4204803462466298,
      "fcf_margin": -1.9735703136086278,
      "incr_op_margin_yoy": -9.617079471204985,
      "rev_growth_yoy": -0.10453166446939975,
      "rev_growth_yoy_accel": 0.5557192968744578,
      "op_leverage_ratio": null,
      "fcf_margin_change": 4.547070658572227
    },
    {
      "date": "2024-06-30T00:00:00",
      "quarter_label": "2024-06 (Q2)",
      "revenue": 3075000,
      "gross_profit": 3023000,
      "operating_income": -158630000,
      "net_income": -138378000,
      "opex": 161705000,
      "cogs": 52000,
      "rd": 105113000,
      "sga": 30265000,
      "fcf": -78513000,
      "ocf": -77847000,
      "capex": -666000,
      "gross_margin": 0.9830894308943089,
      "op_margin": -51.5869918699187,
      "fcf_margin": -25.532682926829267,
      "rev_growth_yoy": -0.1901501185146168,
      "rev_growth_yoy_accel": -0.08561845404521705,
      "fcf_margin_change": -23.559112613220638
    },
    {
      "date": "2024-09-30T00:00:00",
      "quarter_label": "2024-09 (Q3)",
      "revenue": 2380000,
      "gross_profit": 2330000,
      "operating_income": -231304000,
      "net_income": -213717000,
      "opex": 233684000,
      "cogs": 50000,
      "rd": 195178000,
      "sga": 25744000,
      "fcf": -174248000,
      "ocf": -171480000,
      "capex": -2768000,
      "gross_margin": 0.9789915966386554,
      "op_margin": -97.18655462184874,
      "fcf_margin": -73.21344537815126,
      "rev_growth_yoy": -0.09814323607427056,
      "rev_growth_yoy_accel": 0.09200688244034624,
      "fcf_margin_change": -47.680762451321996
    },
    {
      "date": "2024-12-31T00:00:00",
      "quarter_label": "2024-12 (Q4)",
      "revenue": 12374000,
      "gross_profit": 11690000,
      "operating_income": -117150000,
      "net_income": -104589000,
      "opex": 129524000,
      "cogs": 684000,
      "rd": 106083000,
      "sga": 26701000,
      "fcf": -89630000,
      "ocf": -87635000,
      "capex": -1995000,
      "gross_margin": 0.9447228058833037,
      "op_margin": -9.467431711653466,
      "fcf_margin": -7.24341360918054,
      "incr_op_margin_yoy": -4.954905959664627,
      "rev_growth_yoy": -0.2628819920176327,
      "rev_growth_yoy_accel": -0.16473875594336213,
      "op_leverage_ratio": null,
      "fcf_margin_change": 65.97003176897073
    },
    {
      "date": "2025-03-31T00:00:00",
      "quarter_label": "2025-03 (Q1)",
      "revenue": 3032000,
      "gross_profit": 3032000,
      "operating_income": -139547000,
      "net_income": -120965000,
      "opex": 142579000,
      "cogs": 0,
      "rd": 118645000,
      "sga": 23944000,
      "fcf": -79745000,
      "ocf": -78116000,
      "capex": -1629000,
      "gross_margin": 1.0,
      "op_margin": -46.02473614775725,
      "fcf_margin": -26.301121372031663,
      "incr_op_margin_yoy": 1.1147645470905818,
      "rev_growth_yoy": -0.9462182489002412,
      "rev_growth_yoy_accel": -0.6833362568826085,
      "fcf_margin_change": -19.057707762851123
    },
    {
      "date": "2025-06-30T00:00:00",
      "quarter_label": "2025-06 (Q2)",
      "revenue": 1214000,
      "gross_profit": 1203000,
      "operating_income": -118417000,
      "net_income": -110958000,
      "opex": 119631000,
      "cogs": 11000,
      "rd": 97509000,
      "sga": 22283000,
      "fcf": -122757000,
      "ocf": -120219000,
      "capex": -2538000,
      "gross_margin": 0.9909390444810544,
      "op_margin": -97.54283360790774,
      "fcf_margin": -101.11779242174629,
      "incr_op_margin_yoy": -21.60827512090274,
      "rev_growth_yoy": -0.6052032520325203,
      "rev_growth_yoy_accel": 0.34101499686772085,
      "fcf_margin_change": -74.81667104971463
    },
    {
      "date": "2025-09-30T00:00:00",
      "quarter_label": "2025-09 (Q3)",
      "revenue": 240000,
      "gross_profit": null,
      "operating_income": -173443000,
      "net_income": -163141000,
      "opex": 173683000,
      "cogs": null,
      "rd": 151463000,
      "sga": 22231000,
      "fcf": -167887000,
      "ocf": -167570000,
      "capex": -317000,
      "gross_margin": null,
      "op_margin": -722.6791666666667,
      "fcf_margin": -699.5291666666667,
      "incr_op_margin_yoy": -27.03785046728972,
      "rev_growth_yoy": -0.8991596638655462,
      "rev_growth_yoy_accel": -0.2939564118330259,
      "fcf_margin_change": -598.4113742449204
    },
    {
      "date": "2025-12-31T00:00:00",
      "quarter_label": "2025-12 (Q4)",
      "revenue": 64070000,
      "gross_profit": null,
      "operating_income": -47921000,
      "net_income": -42923000,
      "opex": 111991000,
      "cogs": null,
      "rd": 88349000,
      "sga": 23616000,
      "fcf": -26224000,
      "ocf": -25876000,
      "capex": -348000,
      "gross_margin": null,
      "op_margin": -0.7479475573591384,
      "fcf_margin": -0.40930232558139534,
      "incr_op_margin_yoy": 1.3391558341070875,
      "rev_growth_yoy": 4.177792144819783,
      "rev_growth_yoy_accel": 5.07695180868533,
      "op_leverage_ratio": null,
      "fcf_margin_change": 699.1198643410853
    }
  ],
  "signals": [
    {
      "quarter": "2025-12 (Q4)",
      "signal": "FCF MARGIN EXPANSION",
      "detail": "FCF margin: -69952.9% -> -40.9% (+69912.0%)",
      "severity": "MEDIUM"
    },
    {
      "quarter": "2025-12 (Q4)",
      "signal": "YoY REVENUE GROWTH ACCELERATION",
      "detail": "YoY growth: +417.8% vs prior quarter YoY: -89.9% (accel: +507.7%)",
      "severity": "HIGH"
    },
    {
      "quarter": "2025-09 (Q3)",
      "signal": "YoY REVENUE GROWTH DECELERATION",
      "detail": "YoY growth: -89.9% vs prior quarter YoY: -60.5% (decel: -29.4%)",
      "severity": "WARNING"
    },
    {
      "quarter": "2025-06 (Q2)",
      "signal": "YoY REVENUE GROWTH ACCELERATION",
      "detail": "YoY growth: -60.5% vs prior quarter YoY: -94.6% (accel: +34.1%)",
      "severity": "HIGH"
    },
    {
      "quarter": "2025-03 (Q1)",
      "signal": "GROSS MARGIN INFLECTION",
      "detail": "GM: +97.9% -> +94.5% -> +100.0% (reversal +5.5%)",
      "severity": "HIGH"
    },
    {
      "quarter": "2025-03 (Q1)",
      "signal": "YoY REVENUE GROWTH DECELERATION",
      "detail": "YoY growth: -94.6% vs prior quarter YoY: -26.3% (decel: -68.3%)",
      "severity": "WARNING"
    },
    {
      "quarter": "2024-12 (Q4)",
      "signal": "FCF MARGIN EXPANSION",
      "detail": "FCF margin: -7321.3% -> -724.3% (+6597.0%)",
      "severity": "MEDIUM"
    },
    {
      "quarter": "2024-12 (Q4)",
      "signal": "YoY REVENUE GROWTH DECELERATION",
      "detail": "YoY growth: -26.3% vs prior quarter YoY: -9.8% (decel: -16.5%)",
      "severity": "WARNING"
    },
    {
      "quarter": "2024-09 (Q3)",
      "signal": "YoY REVENUE GROWTH ACCELERATION",
      "detail": "YoY growth: -9.8% vs prior quarter YoY: -19.0% (accel: +9.2%)",
      "severity": "MEDIUM"
    },
    {
      "quarter": "2024-06 (Q2)",
      "signal": "YoY REVENUE GROWTH DECELERATION",
      "detail": "YoY growth: -19.0% vs prior quarter YoY: -10.5% (decel: -8.6%)",
      "severity": "WARNING"
    },
    {
      "quarter": "2024-03 (Q1)",
      "signal": "FCF MARGIN EXPANSION",
      "detail": "FCF margin: -652.1% -> -197.4% (+454.7%)",
      "severity": "MEDIUM"
    },
    {
      "quarter": "2024-03 (Q1)",
      "signal": "GROSS MARGIN INFLECTION",
      "detail": "GM: +98.6% -> +95.2% -> +99.9% (reversal +4.6%)",
      "severity": "MEDIUM"
    },
    {
      "quarter": "2024-03 (Q1)",
      "signal": "YoY REVENUE GROWTH ACCELERATION",
      "detail": "YoY growth: -10.5% vs prior quarter YoY: -66.0% (accel: +55.6%)",
      "severity": "HIGH"
    },
    {
      "quarter": "2023-12 (Q4)",
      "signal": "FCF MARGIN EXPANSION",
      "detail": "FCF margin: -6045.6% -> -652.1% (+5393.5%)",
      "severity": "MEDIUM"
    },
    {
      "quarter": "2023-12 (Q4)",
      "signal": "YoY REVENUE GROWTH ACCELERATION",
      "detail": "YoY growth: -66.0% vs prior quarter YoY: -99.3% (accel: +33.3%)",
      "severity": "HIGH"
    },
    {
      "quarter": "2023-09 (Q3)",
      "signal": "FCF MARGIN EXPANSION",
      "detail": "FCF margin: -10500.5% -> -6045.6% (+4454.9%)",
      "severity": "MEDIUM"
    },
    {
      "quarter": "2023-03 (Q1)",
      "signal": "OPERATING LEVERAGE",
      "detail": "Rev growth +27.4% vs OpEx growth +3.2% (leverage: 8.5x)",
      "severity": "MEDIUM"
    },
    {
      "quarter": "2023-03 (Q1)",
      "signal": "GROSS MARGIN INFLECTION",
      "detail": "GM: +94.1% -> +87.9% -> +97.0% (reversal +9.1%)",
      "severity": "HIGH"
    },
    {
      "quarter": "2022-12 (Q4)",
      "signal": "FCF MARGIN EXPANSION",
      "detail": "FCF margin: +26.4% -> +45.6% (+19.2%)",
      "severity": "MEDIUM"
    },
    {
      "quarter": "2022-12 (Q4)",
      "signal": "YoY REVENUE GROWTH DECELERATION",
      "detail": "YoY growth: -93.9% vs prior quarter YoY: +261.5% (decel: -355.4%)",
      "severity": "WARNING"
    },
    {
      "quarter": "2022-09 (Q3)",
      "signal": "FCF TURNED POSITIVE",
      "detail": "FCF margin: -2312.5% -> +26.4%",
      "severity": "HIGH"
    },
    {
      "quarter": "2022-09 (Q3)",
      "signal": "YoY REVENUE GROWTH ACCELERATION",
      "detail": "YoY growth: +261.5% vs prior quarter YoY: -122.9% (accel: +384.4%)",
      "severity": "HIGH"
    },
    {
      "quarter": "2022-09 (Q3)",
      "signal": "OP MARGIN TURNED POSITIVE (YoY)",
      "detail": "Op margin: -51.5% (year-ago) -> +52.1%",
      "severity": "HIGH"
    },
    {
      "quarter": "2022-06 (Q2)",
      "signal": "GROSS MARGIN INFLECTION",
      "detail": "GM: +93.0% -> +92.7% -> +168.7% (reversal +76.0%)",
      "severity": "HIGH"
    },
    {
      "quarter": "2022-06 (Q2)",
      "signal": "YoY REVENUE GROWTH DECELERATION",
      "detail": "YoY growth: -122.9% vs prior quarter YoY: +62271.4% (decel: -62394.4%)",
      "severity": "WARNING"
    },
    {
      "quarter": "2022-06 (Q2)",
      "signal": "INCREMENTAL MARGIN (YoY)",
      "detail": "YoY Incr OPM: +131.5% vs year-ago OPM: +34.5%",
      "severity": "HIGH"
    },
    {
      "quarter": "2022-03 (Q1)",
      "signal": "FCF TURNED POSITIVE",
      "detail": "FCF margin: -0.7% -> +43.3%",
      "severity": "HIGH"
    },
    {
      "quarter": "2022-03 (Q1)",
      "signal": "OP MARGIN TURNED POSITIVE (YoY)",
      "detail": "Op margin: -8028.0% (year-ago) -> +82.3%",
      "severity": "HIGH"
    },
    {
      "quarter": "2021-12 (Q4)",
      "signal": "FCF MARGIN EXPANSION",
      "detail": "FCF margin: -107.9% -> -0.7% (+107.3%)",
      "severity": "MEDIUM"
    },
    {
      "quarter": "2021-12 (Q4)",
      "signal": "OPERATING LEVERAGE",
      "detail": "Rev growth +684.4% vs OpEx growth +53.5% (leverage: 12.8x)",
      "severity": "MEDIUM"
    },
    {
      "quarter": "2021-12 (Q4)",
      "signal": "OP MARGIN TURNED POSITIVE (QoQ)",
      "detail": "Op margin: -51.5% -> +70.3%",
      "severity": "HIGH"
    },
    {
      "quarter": "2021-06 (Q2)",
      "signal": "FCF TURNED POSITIVE",
      "detail": "FCF margin: -4564.6% -> +77.9%",
      "severity": "HIGH"
    },
    {
      "quarter": "2021-06 (Q2)",
      "signal": "OP MARGIN TURNED POSITIVE (QoQ)",
      "detail": "Op margin: -8028.0% -> +34.5%",
      "severity": "HIGH"
    }
  ],
  "data_quality": {
    "n_quarters": 20,
    "coverage": {
      "revenue": [
        20,
        20
      ],
      "gross_profit": [
        18,
        20
      ],
      "op_income": [
        20,
        20
      ],
      "fcf": [
        20,
        20
      ]
    },
    "gaps": [],
    "warnings": []
  },
  "market_cap": null,
  "source": "SEC EDGAR",
  "last_updated": "2026-02-24T10:05:48.187436"
}