{
  "ticker": "VIRC",
  "name": "VIRCO MFG. CORPORATION",
  "quarters": [
    {
      "date": "2021-01-31T00:00:00",
      "quarter_label": "2021-01 (Q1)",
      "revenue": 19170000,
      "gross_profit": 4543000,
      "operating_income": -5778000,
      "net_income": -5567000,
      "opex": 10321000,
      "cogs": 97001000,
      "rd": null,
      "sga": 10321000,
      "fcf": -5107000,
      "ocf": -4853000,
      "capex": -254000,
      "gross_margin": 0.2369848721961398,
      "op_margin": -0.30140845070422534,
      "fcf_margin": -0.26640584246218046
    },
    {
      "date": "2021-04-30T00:00:00",
      "quarter_label": "2021-04 (Q2)",
      "revenue": 28367000,
      "gross_profit": 7688000,
      "operating_income": -4295000,
      "net_income": -3909000,
      "opex": 11983000,
      "cogs": 20679000,
      "rd": null,
      "sga": 11983000,
      "fcf": -7191000,
      "ocf": -6958000,
      "capex": -233000,
      "gross_margin": 0.271019141960729,
      "op_margin": -0.15140832657665598,
      "fcf_margin": -0.2534987837980752,
      "op_leverage_ratio": 2.9793040858692286,
      "fcf_margin_change": 0.012907058664105242
    },
    {
      "date": "2021-07-31T00:00:00",
      "quarter_label": "2021-07 (Q3)",
      "revenue": 59022000,
      "gross_profit": 22319000,
      "operating_income": 6068000,
      "net_income": 3760000,
      "opex": 16251000,
      "cogs": 36703000,
      "rd": null,
      "sga": 16251000,
      "fcf": -2329000,
      "ocf": -1599000,
      "capex": -730000,
      "gross_margin": 0.37814713157805563,
      "op_margin": 0.10280912202229676,
      "fcf_margin": -0.039459862424180814,
      "op_leverage_ratio": 3.034094200565496,
      "fcf_margin_change": 0.2140389213738944
    },
    {
      "date": "2021-10-31T00:00:00",
      "quarter_label": "2021-10 (Q4)",
      "revenue": 57331000,
      "gross_profit": 20299000,
      "operating_income": 2517000,
      "net_income": 1325000,
      "opex": 17782000,
      "cogs": 37032000,
      "rd": null,
      "sga": 17782000,
      "fcf": 8060000,
      "ocf": 9377000,
      "capex": -1317000,
      "gross_margin": 0.35406673527411,
      "op_margin": 0.043902949538644015,
      "fcf_margin": 0.14058711691754897,
      "fcf_margin_change": 0.18004697934172978
    },
    {
      "date": "2022-01-31T00:00:00",
      "quarter_label": "2022-01 (Q1)",
      "revenue": 40108000,
      "gross_profit": 10623000,
      "operating_income": -4626000,
      "net_income": -16312000,
      "opex": 15249000,
      "cogs": 29485000,
      "rd": null,
      "sga": 15249000,
      "fcf": -1936000,
      "ocf": -1221000,
      "capex": -715000,
      "gross_margin": 0.264859878328513,
      "op_margin": -0.11533858581829061,
      "fcf_margin": -0.04826967188590805,
      "incr_op_margin_yoy": 0.055019581621931414,
      "rev_growth_yoy": 1.092227438706312,
      "fcf_margin_change": -0.18885678880345702
    },
    {
      "date": "2022-04-30T00:00:00",
      "quarter_label": "2022-04 (Q2)",
      "revenue": 32084000,
      "gross_profit": 9707000,
      "operating_income": -4744000,
      "net_income": -5084000,
      "opex": 14451000,
      "cogs": 22377000,
      "rd": null,
      "sga": 14451000,
      "fcf": -19575000,
      "ocf": -18966000,
      "capex": -609000,
      "gross_margin": 0.30254955741179407,
      "op_margin": -0.14786186261064704,
      "fcf_margin": -0.6101171923700287,
      "incr_op_margin_yoy": -0.12079634113532418,
      "rev_growth_yoy": 0.13103253780801635,
      "rev_growth_yoy_accel": -0.9611949008982956,
      "fcf_margin_change": -0.5618475204841207
    },
    {
      "date": "2022-07-31T00:00:00",
      "quarter_label": "2022-07 (Q3)",
      "revenue": 82797000,
      "gross_profit": 31845000,
      "operating_income": 11174000,
      "net_income": 9680000,
      "opex": 20671000,
      "cogs": 50952000,
      "rd": null,
      "sga": 20671000,
      "fcf": -1919000,
      "ocf": -1004000,
      "capex": -915000,
      "gross_margin": 0.38461538461538464,
      "op_margin": 0.13495658055243548,
      "fcf_margin": -0.023177168254888462,
      "incr_op_margin_yoy": 0.2147634069400631,
      "rev_growth_yoy": 0.4028158991562468,
      "rev_growth_yoy_accel": 0.27178336134823045,
      "op_leverage_ratio": 3.6723013414144785,
      "fcf_margin_change": 0.5869400241151402
    },
    {
      "date": "2022-10-31T00:00:00",
      "quarter_label": "2022-10 (Q4)",
      "revenue": 77395000,
      "gross_profit": 30777000,
      "operating_income": 8800000,
      "net_income": 7875000,
      "opex": 21977000,
      "cogs": 46618000,
      "rd": null,
      "sga": 21977000,
      "fcf": 20335000,
      "ocf": 21425000,
      "capex": -1090000,
      "gross_margin": 0.397661347632276,
      "op_margin": 0.11370243555785257,
      "fcf_margin": 0.2627430712578332,
      "incr_op_margin_yoy": 0.31314792663476876,
      "rev_growth_yoy": 0.34996773124487623,
      "rev_growth_yoy_accel": -0.05284816791137059,
      "fcf_margin_change": 0.28592023951272166
    },
    {
      "date": "2023-01-31T00:00:00",
      "quarter_label": "2023-01 (Q1)",
      "revenue": 38788000,
      "gross_profit": 13012000,
      "operating_income": -4392000,
      "net_income": 4076000,
      "opex": 17404000,
      "cogs": 25776000,
      "rd": null,
      "sga": 17404000,
      "fcf": -5961000,
      "ocf": -5243000,
      "capex": -718000,
      "gross_margin": 0.3354645766731979,
      "op_margin": -0.11323089615344951,
      "fcf_margin": -0.15368155099515313,
      "incr_op_margin_yoy": -0.17727272727272728,
      "rev_growth_yoy": -0.03291113992221003,
      "rev_growth_yoy_accel": -0.38287887116708624,
      "fcf_margin_change": -0.4164246222529863
    },
    {
      "date": "2023-04-30T00:00:00",
      "quarter_label": "2023-04 (Q2)",
      "revenue": 34943000,
      "gross_profit": 13202000,
      "operating_income": -1312000,
      "net_income": -1442000,
      "opex": 14514000,
      "cogs": 21741000,
      "rd": null,
      "sga": 14514000,
      "fcf": -13248000,
      "ocf": -11715000,
      "capex": -1533000,
      "gross_margin": 0.3778152992015568,
      "op_margin": -0.03754686203245285,
      "fcf_margin": -0.3791317288154995,
      "incr_op_margin_yoy": 1.2004197271773347,
      "rev_growth_yoy": 0.08910983667871837,
      "rev_growth_yoy_accel": 0.1220209766009284,
      "fcf_margin_change": -0.22545017782034638
    },
    {
      "date": "2023-07-31T00:00:00",
      "quarter_label": "2023-07 (Q3)",
      "revenue": 107321000,
      "gross_profit": 48578000,
      "operating_income": 21254000,
      "net_income": 15534000,
      "opex": 27324000,
      "cogs": 58743000,
      "rd": null,
      "sga": 27324000,
      "fcf": -10697000,
      "ocf": -9435000,
      "capex": -1262000,
      "gross_margin": 0.452642073778664,
      "op_margin": 0.19804138984914416,
      "fcf_margin": -0.09967294378546603,
      "incr_op_margin_yoy": 0.41102593377915514,
      "rev_growth_yoy": 0.29619430655700085,
      "rev_growth_yoy_accel": 0.2070844698782825,
      "op_leverage_ratio": 2.3468448482275686,
      "fcf_margin_change": 0.27945878503003346
    },
    {
      "date": "2023-10-31T00:00:00",
      "quarter_label": "2023-10 (Q4)",
      "revenue": 84252000,
      "gross_profit": 38211000,
      "operating_income": 14706000,
      "net_income": 10160000,
      "opex": 23505000,
      "cogs": 46041000,
      "rd": null,
      "sga": 23505000,
      "fcf": 41613000,
      "ocf": 43423000,
      "capex": -1810000,
      "gross_margin": 0.45353226036177186,
      "op_margin": 0.17454778521578124,
      "fcf_margin": 0.4939111237715425,
      "incr_op_margin_yoy": 0.8613096106168878,
      "rev_growth_yoy": 0.08859745461593126,
      "rev_growth_yoy_accel": -0.20759685194106958,
      "fcf_margin_change": 0.5935840675570085
    },
    {
      "date": "2024-01-31T00:00:00",
      "quarter_label": "2024-01 (Q1)",
      "revenue": 42601000,
      "gross_profit": 16067000,
      "operating_income": -2771000,
      "net_income": -2342000,
      "opex": 18838000,
      "cogs": 26534000,
      "rd": null,
      "sga": 18838000,
      "fcf": 4044000,
      "ocf": 4687000,
      "capex": -643000,
      "gross_margin": 0.3771507711086594,
      "op_margin": -0.0650454214689796,
      "fcf_margin": 0.09492734912326002,
      "incr_op_margin_yoy": 0.4251245738263834,
      "rev_growth_yoy": 0.09830359905125297,
      "rev_growth_yoy_accel": 0.009706144435321709,
      "fcf_margin_change": -0.3989837746482825
    },
    {
      "date": "2024-04-30T00:00:00",
      "quarter_label": "2024-04 (Q2)",
      "revenue": 46735000,
      "gross_profit": 20347000,
      "operating_income": 2971000,
      "net_income": 2140000,
      "opex": 17376000,
      "cogs": 26388000,
      "rd": null,
      "sga": 17376000,
      "fcf": -5595000,
      "ocf": -4507000,
      "capex": -1088000,
      "gross_margin": 0.43536963731678613,
      "op_margin": 0.06357119931528833,
      "fcf_margin": -0.11971755643521986,
      "incr_op_margin_yoy": 0.3632123473541384,
      "rev_growth_yoy": 0.3374638697307043,
      "rev_growth_yoy_accel": 0.23916027067945134,
      "op_leverage_ratio": Infinity,
      "fcf_margin_change": -0.21464490555847987
    },
    {
      "date": "2024-07-31T00:00:00",
      "quarter_label": "2024-07 (Q3)",
      "revenue": 108419000,
      "gross_profit": 50218000,
      "operating_income": 21894000,
      "net_income": 16833000,
      "opex": 28324000,
      "cogs": 58201000,
      "rd": null,
      "sga": 28324000,
      "fcf": 10672000,
      "ocf": 12470000,
      "capex": -1798000,
      "gross_margin": 0.4631844971822282,
      "op_margin": 0.2019387745690331,
      "fcf_margin": 0.09843293149724679,
      "incr_op_margin_yoy": 0.5828779599271403,
      "rev_growth_yoy": 0.010230989275165159,
      "rev_growth_yoy_accel": -0.32723288045553917,
      "op_leverage_ratio": 2.0948131941618917,
      "fcf_margin_change": 0.21815048793246666
    },
    {
      "date": "2024-10-31T00:00:00",
      "quarter_label": "2024-10 (Q4)",
      "revenue": 82620000,
      "gross_profit": 36678000,
      "operating_income": 11113000,
      "net_income": 8401000,
      "opex": 25565000,
      "cogs": 45942000,
      "rd": null,
      "sga": 25565000,
      "fcf": 30978000,
      "ocf": 33457000,
      "capex": -2479000,
      "gross_margin": 0.4439360929557008,
      "op_margin": 0.13450738320019365,
      "fcf_margin": 0.3749455337690632,
      "incr_op_margin_yoy": 2.201593137254902,
      "rev_growth_yoy": -0.01937046004842615,
      "rev_growth_yoy_accel": -0.02960144932359131,
      "fcf_margin_change": 0.2765126022718164
    },
    {
      "date": "2025-01-31T00:00:00",
      "quarter_label": "2025-01 (Q1)",
      "revenue": 28466000,
      "gross_profit": 7451000,
      "operating_income": -8119000,
      "net_income": -5730000,
      "opex": 15570000,
      "cogs": 21015000,
      "rd": null,
      "sga": 15570000,
      "fcf": -9222000,
      "ocf": -8292000,
      "capex": -930000,
      "gross_margin": 0.26175086067589404,
      "op_margin": -0.2852174523993536,
      "fcf_margin": -0.32396543244572473,
      "incr_op_margin_yoy": 0.3783516094800142,
      "rev_growth_yoy": -0.3317997230111969,
      "rev_growth_yoy_accel": -0.3124292629627708,
      "fcf_margin_change": -0.6989109662147879
    },
    {
      "date": "2025-04-30T00:00:00",
      "quarter_label": "2025-04 (Q2)",
      "revenue": 33754000,
      "gross_profit": 16020000,
      "operating_income": -94000,
      "net_income": 732000,
      "opex": 16114000,
      "cogs": 17734000,
      "rd": null,
      "sga": 16114000,
      "fcf": -21475000,
      "ocf": -19031000,
      "capex": -2444000,
      "gross_margin": 0.4746104165432245,
      "op_margin": -0.0027848551282810925,
      "fcf_margin": -0.6362208923386858,
      "incr_op_margin_yoy": 0.23611432093059087,
      "rev_growth_yoy": -0.2777575692735637,
      "rev_growth_yoy_accel": 0.054042153737633214,
      "op_leverage_ratio": 5.316853749157922,
      "fcf_margin_change": -0.3122554598929611
    },
    {
      "date": "2025-07-31T00:00:00",
      "quarter_label": "2025-07 (Q3)",
      "revenue": 92086000,
      "gross_profit": 40874000,
      "operating_income": 15371000,
      "net_income": 10186000,
      "opex": 25503000,
      "cogs": 51212000,
      "rd": null,
      "sga": 25503000,
      "fcf": 1833000,
      "ocf": 3205000,
      "capex": -1372000,
      "gross_margin": 0.443867688899507,
      "op_margin": 0.16692005299394044,
      "fcf_margin": 0.019905305909693114,
      "incr_op_margin_yoy": 0.3993754974591318,
      "rev_growth_yoy": -0.15064702681264355,
      "rev_growth_yoy_accel": 0.12711054246092016,
      "op_leverage_ratio": 2.9659624014423542,
      "fcf_margin_change": 0.6561261982483789
    },
    {
      "date": "2025-10-31T00:00:00",
      "quarter_label": "2025-10 (Q4)",
      "revenue": 47636000,
      "gross_profit": 18092000,
      "operating_income": -1693000,
      "net_income": -1325000,
      "opex": 19785000,
      "cogs": 29544000,
      "rd": null,
      "sga": 19785000,
      "fcf": 24538000,
      "ocf": 25808000,
      "capex": -1270000,
      "gross_margin": 0.37979679234192626,
      "op_margin": -0.0355403476362415,
      "fcf_margin": 0.5151146191955663,
      "incr_op_margin_yoy": 0.3660530528241482,
      "rev_growth_yoy": -0.4234325829097071,
      "rev_growth_yoy_accel": -0.27278555609706356,
      "fcf_margin_change": 0.4952093132858732
    }
  ],
  "signals": [
    {
      "quarter": "2025-10 (Q4)",
      "signal": "FCF MARGIN EXPANSION",
      "detail": "FCF margin: +2.0% -> +51.5% (+49.5%)",
      "severity": "MEDIUM"
    },
    {
      "quarter": "2025-10 (Q4)",
      "signal": "YoY REVENUE GROWTH DECELERATION",
      "detail": "YoY growth: -42.3% vs prior quarter YoY: -15.1% (decel: -27.3%)",
      "severity": "WARNING"
    },
    {
      "quarter": "2025-07 (Q3)",
      "signal": "FCF TURNED POSITIVE",
      "detail": "FCF margin: -63.6% -> +2.0%",
      "severity": "HIGH"
    },
    {
      "quarter": "2025-07 (Q3)",
      "signal": "OPERATING LEVERAGE",
      "detail": "Rev growth +172.8% vs OpEx growth +58.3% (leverage: 3.0x)",
      "severity": "MEDIUM"
    },
    {
      "quarter": "2025-07 (Q3)",
      "signal": "YoY REVENUE GROWTH ACCELERATION",
      "detail": "YoY growth: -15.1% vs prior quarter YoY: -27.8% (accel: +12.7%)",
      "severity": "MEDIUM"
    },
    {
      "quarter": "2025-07 (Q3)",
      "signal": "INCREMENTAL MARGIN (YoY)",
      "detail": "YoY Incr OPM: +39.9% vs year-ago OPM: +20.2%",
      "severity": "MEDIUM"
    },
    {
      "quarter": "2025-07 (Q3)",
      "signal": "OP MARGIN TURNED POSITIVE (QoQ)",
      "detail": "Op margin: -0.3% -> +16.7%",
      "severity": "HIGH"
    },
    {
      "quarter": "2025-04 (Q2)",
      "signal": "OPERATING LEVERAGE",
      "detail": "Rev growth +18.6% vs OpEx growth +3.5% (leverage: 5.3x)",
      "severity": "MEDIUM"
    },
    {
      "quarter": "2025-04 (Q2)",
      "signal": "GROSS MARGIN INFLECTION",
      "detail": "GM: +44.4% -> +26.2% -> +47.5% (reversal +21.3%)",
      "severity": "HIGH"
    },
    {
      "quarter": "2025-04 (Q2)",
      "signal": "YoY REVENUE GROWTH ACCELERATION",
      "detail": "YoY growth: -27.8% vs prior quarter YoY: -33.2% (accel: +5.4%)",
      "severity": "MEDIUM"
    },
    {
      "quarter": "2025-01 (Q1)",
      "signal": "YoY REVENUE GROWTH DECELERATION",
      "detail": "YoY growth: -33.2% vs prior quarter YoY: -1.9% (decel: -31.2%)",
      "severity": "WARNING"
    },
    {
      "quarter": "2024-10 (Q4)",
      "signal": "FCF MARGIN EXPANSION",
      "detail": "FCF margin: +9.8% -> +37.5% (+27.7%)",
      "severity": "MEDIUM"
    },
    {
      "quarter": "2024-10 (Q4)",
      "signal": "INCREMENTAL MARGIN (YoY)",
      "detail": "YoY Incr OPM: +220.2% vs year-ago OPM: +17.5%",
      "severity": "HIGH"
    },
    {
      "quarter": "2024-07 (Q3)",
      "signal": "FCF TURNED POSITIVE",
      "detail": "FCF margin: -12.0% -> +9.8%",
      "severity": "HIGH"
    },
    {
      "quarter": "2024-07 (Q3)",
      "signal": "OPERATING LEVERAGE",
      "detail": "Rev growth +132.0% vs OpEx growth +63.0% (leverage: 2.1x)",
      "severity": "MEDIUM"
    },
    {
      "quarter": "2024-07 (Q3)",
      "signal": "YoY REVENUE GROWTH DECELERATION",
      "detail": "YoY growth: +1.0% vs prior quarter YoY: +33.7% (decel: -32.7%)",
      "severity": "WARNING"
    },
    {
      "quarter": "2024-07 (Q3)",
      "signal": "INCREMENTAL MARGIN (YoY)",
      "detail": "YoY Incr OPM: +58.3% vs year-ago OPM: +19.8%",
      "severity": "HIGH"
    },
    {
      "quarter": "2024-04 (Q2)",
      "signal": "GROSS MARGIN INFLECTION",
      "detail": "GM: +45.4% -> +37.7% -> +43.5% (reversal +5.8%)",
      "severity": "HIGH"
    },
    {
      "quarter": "2024-04 (Q2)",
      "signal": "YoY REVENUE GROWTH ACCELERATION",
      "detail": "YoY growth: +33.7% vs prior quarter YoY: +9.8% (accel: +23.9%)",
      "severity": "HIGH"
    },
    {
      "quarter": "2024-04 (Q2)",
      "signal": "OP MARGIN TURNED POSITIVE (YoY)",
      "detail": "Op margin: -3.8% (year-ago) -> +6.4%",
      "severity": "HIGH"
    },
    {
      "quarter": "2024-04 (Q2)",
      "signal": "OP MARGIN TURNED POSITIVE (QoQ)",
      "detail": "Op margin: -6.5% -> +6.4%",
      "severity": "HIGH"
    },
    {
      "quarter": "2023-10 (Q4)",
      "signal": "FCF TURNED POSITIVE",
      "detail": "FCF margin: -10.0% -> +49.4%",
      "severity": "HIGH"
    },
    {
      "quarter": "2023-10 (Q4)",
      "signal": "YoY REVENUE GROWTH DECELERATION",
      "detail": "YoY growth: +8.9% vs prior quarter YoY: +29.6% (decel: -20.8%)",
      "severity": "WARNING"
    },
    {
      "quarter": "2023-10 (Q4)",
      "signal": "INCREMENTAL MARGIN (YoY)",
      "detail": "YoY Incr OPM: +86.1% vs year-ago OPM: +11.4%",
      "severity": "HIGH"
    },
    {
      "quarter": "2023-07 (Q3)",
      "signal": "FCF MARGIN EXPANSION",
      "detail": "FCF margin: -37.9% -> -10.0% (+27.9%)",
      "severity": "MEDIUM"
    },
    {
      "quarter": "2023-07 (Q3)",
      "signal": "OPERATING LEVERAGE",
      "detail": "Rev growth +207.1% vs OpEx growth +88.3% (leverage: 2.3x)",
      "severity": "MEDIUM"
    },
    {
      "quarter": "2023-07 (Q3)",
      "signal": "YoY REVENUE GROWTH ACCELERATION",
      "detail": "YoY growth: +29.6% vs prior quarter YoY: +8.9% (accel: +20.7%)",
      "severity": "HIGH"
    },
    {
      "quarter": "2023-07 (Q3)",
      "signal": "INCREMENTAL MARGIN (YoY)",
      "detail": "YoY Incr OPM: +41.1% vs year-ago OPM: +13.5%",
      "severity": "HIGH"
    },
    {
      "quarter": "2023-07 (Q3)",
      "signal": "OP MARGIN TURNED POSITIVE (QoQ)",
      "detail": "Op margin: -3.8% -> +19.8%",
      "severity": "HIGH"
    },
    {
      "quarter": "2023-04 (Q2)",
      "signal": "GROSS MARGIN INFLECTION",
      "detail": "GM: +39.8% -> +33.5% -> +37.8% (reversal +4.2%)",
      "severity": "MEDIUM"
    },
    {
      "quarter": "2023-04 (Q2)",
      "signal": "YoY REVENUE GROWTH ACCELERATION",
      "detail": "YoY growth: +8.9% vs prior quarter YoY: -3.3% (accel: +12.2%)",
      "severity": "MEDIUM"
    },
    {
      "quarter": "2023-01 (Q1)",
      "signal": "YoY REVENUE GROWTH DECELERATION",
      "detail": "YoY growth: -3.3% vs prior quarter YoY: +35.0% (decel: -38.3%)",
      "severity": "WARNING"
    },
    {
      "quarter": "2022-10 (Q4)",
      "signal": "FCF TURNED POSITIVE",
      "detail": "FCF margin: -2.3% -> +26.3%",
      "severity": "HIGH"
    },
    {
      "quarter": "2022-10 (Q4)",
      "signal": "YoY REVENUE GROWTH DECELERATION",
      "detail": "YoY growth: +35.0% vs prior quarter YoY: +40.3% (decel: -5.3%)",
      "severity": "WARNING"
    },
    {
      "quarter": "2022-10 (Q4)",
      "signal": "INCREMENTAL MARGIN (YoY)",
      "detail": "YoY Incr OPM: +31.3% vs year-ago OPM: +4.4%",
      "severity": "HIGH"
    },
    {
      "quarter": "2022-07 (Q3)",
      "signal": "FCF MARGIN EXPANSION",
      "detail": "FCF margin: -61.0% -> -2.3% (+58.7%)",
      "severity": "MEDIUM"
    },
    {
      "quarter": "2022-07 (Q3)",
      "signal": "OPERATING LEVERAGE",
      "detail": "Rev growth +158.1% vs OpEx growth +43.0% (leverage: 3.7x)",
      "severity": "MEDIUM"
    },
    {
      "quarter": "2022-07 (Q3)",
      "signal": "YoY REVENUE GROWTH ACCELERATION",
      "detail": "YoY growth: +40.3% vs prior quarter YoY: +13.1% (accel: +27.2%)",
      "severity": "HIGH"
    },
    {
      "quarter": "2022-07 (Q3)",
      "signal": "INCREMENTAL MARGIN (YoY)",
      "detail": "YoY Incr OPM: +21.5% vs year-ago OPM: +10.3%",
      "severity": "MEDIUM"
    },
    {
      "quarter": "2022-07 (Q3)",
      "signal": "OP MARGIN TURNED POSITIVE (QoQ)",
      "detail": "Op margin: -14.8% -> +13.5%",
      "severity": "HIGH"
    },
    {
      "quarter": "2022-04 (Q2)",
      "signal": "GROSS MARGIN INFLECTION",
      "detail": "GM: +35.4% -> +26.5% -> +30.3% (reversal +3.8%)",
      "severity": "MEDIUM"
    },
    {
      "quarter": "2022-04 (Q2)",
      "signal": "YoY REVENUE GROWTH DECELERATION",
      "detail": "YoY growth: +13.1% vs prior quarter YoY: +109.2% (decel: -96.1%)",
      "severity": "WARNING"
    },
    {
      "quarter": "2021-10 (Q4)",
      "signal": "FCF TURNED POSITIVE",
      "detail": "FCF margin: -3.9% -> +14.1%",
      "severity": "HIGH"
    },
    {
      "quarter": "2021-07 (Q3)",
      "signal": "FCF MARGIN EXPANSION",
      "detail": "FCF margin: -25.3% -> -3.9% (+21.4%)",
      "severity": "MEDIUM"
    },
    {
      "quarter": "2021-07 (Q3)",
      "signal": "OPERATING LEVERAGE",
      "detail": "Rev growth +108.1% vs OpEx growth +35.6% (leverage: 3.0x)",
      "severity": "MEDIUM"
    },
    {
      "quarter": "2021-07 (Q3)",
      "signal": "OP MARGIN TURNED POSITIVE (QoQ)",
      "detail": "Op margin: -15.1% -> +10.3%",
      "severity": "HIGH"
    },
    {
      "quarter": "2021-04 (Q2)",
      "signal": "OPERATING LEVERAGE",
      "detail": "Rev growth +48.0% vs OpEx growth +16.1% (leverage: 3.0x)",
      "severity": "MEDIUM"
    }
  ],
  "data_quality": {
    "n_quarters": 20,
    "coverage": {
      "revenue": [
        20,
        20
      ],
      "gross_profit": [
        20,
        20
      ],
      "op_income": [
        20,
        20
      ],
      "fcf": [
        20,
        20
      ]
    },
    "gaps": [],
    "warnings": []
  },
  "market_cap": null,
  "source": "SEC EDGAR",
  "last_updated": "2026-02-02T23:21:54.826707"
}