{
  "ticker": "VISN",
  "name": "VISTANCE NETWORKS, INC.",
  "quarters": [
    {
      "date": "2020-12-31T00:00:00",
      "quarter_label": "2020-12 (Q4)",
      "revenue": 2131800000,
      "gross_profit": 715000000,
      "operating_income": 119000000,
      "net_income": 23900000,
      "opex": 596000000,
      "cogs": 1416800000,
      "rd": 162200000,
      "sga": 272000000,
      "fcf": 50000000,
      "ocf": 97700000,
      "capex": -47700000,
      "gross_margin": 0.33539731682146545,
      "op_margin": 0.05582137161084529,
      "fcf_margin": 0.023454357819682897
    },
    {
      "date": "2021-03-31T00:00:00",
      "quarter_label": "2021-03 (Q1)",
      "revenue": 2072000000,
      "gross_profit": 672200000,
      "operating_income": 8900000,
      "net_income": -97600000,
      "opex": 663300000,
      "cogs": 1399800000,
      "rd": 171500000,
      "sga": 292700000,
      "fcf": -150400000,
      "ocf": -124000000,
      "capex": -26400000,
      "gross_margin": 0.3244208494208494,
      "op_margin": 0.004295366795366795,
      "fcf_margin": -0.07258687258687259,
      "fcf_margin_change": -0.09604123040655549
    },
    {
      "date": "2021-06-30T00:00:00",
      "quarter_label": "2021-06 (Q2)",
      "revenue": 2185300000,
      "gross_profit": 673300000,
      "operating_income": -18400000,
      "net_income": -153800000,
      "opex": 691700000,
      "cogs": 1512000000,
      "rd": 176300000,
      "sga": 302300000,
      "fcf": 157800000,
      "ocf": 191600000,
      "capex": -33800000,
      "gross_margin": 0.3081041504598911,
      "op_margin": -0.00841989658170503,
      "fcf_margin": 0.07220976524962247,
      "op_leverage_ratio": 1.277120323291098,
      "fcf_margin_change": 0.14479663783649505
    },
    {
      "date": "2021-09-30T00:00:00",
      "quarter_label": "2021-09 (Q3)",
      "revenue": 2105300000,
      "gross_profit": 653000000,
      "operating_income": 21000000,
      "net_income": -124200000,
      "opex": 632000000,
      "cogs": 1452300000,
      "rd": 167800000,
      "sga": 314300000,
      "fcf": 31100000,
      "ocf": 67100000,
      "capex": -36000000,
      "gross_margin": 0.3101695720324894,
      "op_margin": 0.00997482544055479,
      "fcf_margin": 0.014772241485774,
      "fcf_margin_change": -0.057437523763848475
    },
    {
      "date": "2021-12-31T00:00:00",
      "quarter_label": "2021-12 (Q4)",
      "revenue": 2224100000,
      "gross_profit": 685800000,
      "operating_income": 37100000,
      "net_income": -87000000,
      "opex": 648700000,
      "cogs": 1538300000,
      "rd": 167600000,
      "sga": 324600000,
      "fcf": -47600000,
      "ocf": -12400000,
      "capex": -35200000,
      "gross_margin": 0.3083494447192123,
      "op_margin": 0.016680904635582933,
      "fcf_margin": -0.02140191538150263,
      "incr_op_margin_yoy": -0.8873239436619719,
      "rev_growth_yoy": 0.04329674453513463,
      "op_leverage_ratio": 2.1355171194683735,
      "fcf_margin_change": -0.036174156867276624
    },
    {
      "date": "2022-03-31T00:00:00",
      "quarter_label": "2022-03 (Q1)",
      "revenue": 2228600000,
      "gross_profit": 636300000,
      "operating_income": 26800000,
      "net_income": -139900000,
      "opex": 609500000,
      "cogs": 1592300000,
      "rd": 170700000,
      "sga": 286000000,
      "fcf": -42000000,
      "ocf": -14600000,
      "capex": -27400000,
      "gross_margin": 0.28551557031320113,
      "op_margin": 0.012025486852732657,
      "fcf_margin": -0.01884591223189446,
      "incr_op_margin_yoy": 0.11430395913154534,
      "rev_growth_yoy": 0.07557915057915057,
      "rev_growth_yoy_accel": 0.03228240604401594,
      "fcf_margin_change": 0.0025560031496081673
    },
    {
      "date": "2022-06-30T00:00:00",
      "quarter_label": "2022-06 (Q2)",
      "revenue": 2300200000,
      "gross_profit": 683200000,
      "operating_income": 63100000,
      "net_income": -61000000,
      "opex": 620100000,
      "cogs": 1617000000,
      "rd": 165400000,
      "sga": 277200000,
      "fcf": -122200000,
      "ocf": -94500000,
      "capex": -27700000,
      "gross_margin": 0.29701765063907487,
      "op_margin": 0.027432397182853663,
      "fcf_margin": -0.053125815146509,
      "incr_op_margin_yoy": 0.7093124456048738,
      "rev_growth_yoy": 0.05257859332814716,
      "rev_growth_yoy_accel": -0.02300055725100341,
      "op_leverage_ratio": 1.8473481109216547,
      "fcf_margin_change": -0.03427990291461454
    },
    {
      "date": "2022-09-30T00:00:00",
      "quarter_label": "2022-09 (Q3)",
      "revenue": 2381400000,
      "gross_profit": 736300000,
      "operating_income": 155600000,
      "net_income": 22900000,
      "opex": 580700000,
      "cogs": 1645100000,
      "rd": 161900000,
      "sga": 281700000,
      "fcf": -111200000,
      "ocf": -87600000,
      "capex": -23600000,
      "gross_margin": 0.3091878726799362,
      "op_margin": 0.06533971613336692,
      "fcf_margin": -0.0466952212983959,
      "incr_op_margin_yoy": 0.4875045273451648,
      "rev_growth_yoy": 0.13114520495891321,
      "rev_growth_yoy_accel": 0.07856661163076606,
      "op_leverage_ratio": Infinity,
      "fcf_margin_change": 0.006430593848113099
    },
    {
      "date": "2022-12-31T00:00:00",
      "quarter_label": "2022-12 (Q4)",
      "revenue": 1925500000,
      "gross_profit": 725200000,
      "operating_income": -903100000,
      "net_income": -1108900000,
      "opex": 1707600000,
      "cogs": 1569600000,
      "rd": 159400000,
      "sga": 290100000,
      "fcf": 364100000,
      "ocf": 386700000,
      "capex": -22600000,
      "gross_margin": 0.3766294468969099,
      "op_margin": -0.4690210334977928,
      "fcf_margin": 0.18909374188522463,
      "incr_op_margin_yoy": 3.1486939048894844,
      "rev_growth_yoy": -0.1342565532125354,
      "rev_growth_yoy_accel": -0.2654017581714486,
      "fcf_margin_change": 0.23578896318362053
    },
    {
      "date": "2023-03-31T00:00:00",
      "quarter_label": "2023-03 (Q1)",
      "revenue": 2001500000,
      "gross_profit": 691700000,
      "operating_income": 152500000,
      "net_income": 3400000,
      "opex": 539200000,
      "cogs": 1309800000,
      "rd": 153400000,
      "sga": 263500000,
      "fcf": -60500000,
      "ocf": -46100000,
      "capex": -14400000,
      "gross_margin": 0.3455908068948289,
      "op_margin": 0.07619285535848114,
      "fcf_margin": -0.030227329502872845,
      "incr_op_margin_yoy": -0.5535006605019815,
      "rev_growth_yoy": -0.10190253971102935,
      "rev_growth_yoy_accel": 0.03235401350150606,
      "op_leverage_ratio": Infinity,
      "fcf_margin_change": -0.21932107138809748
    },
    {
      "date": "2023-06-30T00:00:00",
      "quarter_label": "2023-06 (Q2)",
      "revenue": 1918400000,
      "gross_profit": 617200000,
      "operating_income": 72200000,
      "net_income": -100400000,
      "opex": 545000000,
      "cogs": 1301200000,
      "rd": 153200000,
      "sga": 254900000,
      "fcf": 116000000,
      "ocf": 136800000,
      "capex": -20800000,
      "gross_margin": 0.32172643869891576,
      "op_margin": 0.037635529608006674,
      "fcf_margin": 0.060467055879899916,
      "incr_op_margin_yoy": -0.023834468308014667,
      "rev_growth_yoy": -0.16598556647248067,
      "rev_growth_yoy_accel": -0.06408302676145132,
      "fcf_margin_change": 0.09069438538277276
    },
    {
      "date": "2023-09-30T00:00:00",
      "quarter_label": "2023-09 (Q3)",
      "revenue": 1599500000,
      "gross_profit": 546200000,
      "operating_income": -825800000,
      "net_income": -828700000,
      "opex": 1372000000,
      "cogs": 1053300000,
      "rd": 125500000,
      "sga": 229700000,
      "fcf": 130100000,
      "ocf": 138800000,
      "capex": -8700000,
      "gross_margin": 0.34148171303532354,
      "op_margin": -0.5162863394810878,
      "fcf_margin": 0.08133791809940606,
      "incr_op_margin_yoy": 1.2551477170993732,
      "rev_growth_yoy": -0.3283362727807172,
      "rev_growth_yoy_accel": -0.16235070630823653,
      "fcf_margin_change": 0.020870862219506146
    },
    {
      "date": "2023-12-31T00:00:00",
      "quarter_label": "2023-12 (Q4)",
      "revenue": 1185900000,
      "gross_profit": 448300000,
      "operating_income": -62300000,
      "net_income": -525200000,
      "opex": -195000000,
      "cogs": -23400000,
      "rd": 27600000,
      "sga": 125200000,
      "fcf": 51000000,
      "ocf": 67800000,
      "capex": -16800000,
      "gross_margin": 0.37802512859431653,
      "op_margin": -0.052533940467155746,
      "fcf_margin": 0.043005312420946115,
      "incr_op_margin_yoy": -1.1368307193077338,
      "rev_growth_yoy": -0.38410802388989873,
      "rev_growth_yoy_accel": -0.05577175110918153,
      "fcf_margin_change": -0.03833260567845995
    },
    {
      "date": "2024-03-31T00:00:00",
      "quarter_label": "2024-03 (Q1)",
      "revenue": 1168400000,
      "gross_profit": 402200000,
      "operating_income": 2900000,
      "net_income": -359200000,
      "opex": 408900000,
      "cogs": 766200000,
      "rd": 104400000,
      "sga": 199700000,
      "fcf": -183700000,
      "ocf": -177700000,
      "capex": -6000000,
      "gross_margin": 0.34423142759328995,
      "op_margin": 0.002482026703183841,
      "fcf_margin": -0.15722355357754195,
      "incr_op_margin_yoy": 0.17957027967830994,
      "rev_growth_yoy": -0.41623782163377465,
      "rev_growth_yoy_accel": -0.03212979774387592,
      "fcf_margin_change": -0.20022886599848805
    },
    {
      "date": "2024-06-30T00:00:00",
      "quarter_label": "2024-06 (Q2)",
      "revenue": 1386900000,
      "gross_profit": 547600000,
      "operating_income": 192800000,
      "net_income": 44400000,
      "opex": 363200000,
      "cogs": 839300000,
      "rd": 91600000,
      "sga": 210300000,
      "fcf": 45500000,
      "ocf": 50800000,
      "capex": -5300000,
      "gross_margin": 0.3948374071670632,
      "op_margin": 0.13901506957963805,
      "fcf_margin": 0.032806979594779725,
      "incr_op_margin_yoy": -0.2269049858889934,
      "rev_growth_yoy": -0.2770537948290242,
      "rev_growth_yoy_accel": 0.13918402680475045,
      "op_leverage_ratio": Infinity,
      "fcf_margin_change": 0.19003053317232166
    },
    {
      "date": "2024-09-30T00:00:00",
      "quarter_label": "2024-09 (Q3)",
      "revenue": 1082200000,
      "gross_profit": 435100000,
      "operating_income": 102200000,
      "net_income": -33000000,
      "opex": 337300000,
      "cogs": 647100000,
      "rd": 78000000,
      "sga": 203400000,
      "fcf": 115400000,
      "ocf": 122100000,
      "capex": -6700000,
      "gross_margin": 0.40205137682498615,
      "op_margin": 0.0944372574385511,
      "fcf_margin": 0.1066346331546849,
      "incr_op_margin_yoy": -1.7939300212642568,
      "rev_growth_yoy": -0.32341356673960614,
      "rev_growth_yoy_accel": -0.04635977191058194,
      "fcf_margin_change": 0.07382765355990517
    },
    {
      "date": "2024-12-31T00:00:00",
      "quarter_label": "2024-12 (Q4)",
      "revenue": 1169100000,
      "gross_profit": 447700000,
      "operating_income": 117600000,
      "net_income": 6800000,
      "opex": 332200000,
      "cogs": 719000000,
      "rd": 81000000,
      "sga": 190000000,
      "fcf": 270600000,
      "ocf": 277900000,
      "capex": -7300000,
      "gross_margin": 0.3829441450688564,
      "op_margin": 0.10059019758788812,
      "fcf_margin": 0.23146009751090582,
      "incr_op_margin_yoy": -10.708333333333334,
      "rev_growth_yoy": -0.014166455856311662,
      "rev_growth_yoy_accel": 0.3092471108832945,
      "op_leverage_ratio": Infinity,
      "fcf_margin_change": 0.12482546435622092
    },
    {
      "date": "2025-03-31T00:00:00",
      "quarter_label": "2025-03 (Q1)",
      "revenue": 1112200000,
      "gross_profit": 468600000,
      "operating_income": 134000000,
      "net_income": 784000000,
      "opex": 343300000,
      "cogs": 643600000,
      "rd": 83900000,
      "sga": 194200000,
      "fcf": -202400000,
      "ocf": -186900000,
      "capex": -15500000,
      "gross_margin": 0.4213270994425463,
      "op_margin": 0.12048192771084337,
      "fcf_margin": -0.1819816579751843,
      "incr_op_margin_yoy": -2.332740213523132,
      "rev_growth_yoy": -0.048099965765148925,
      "rev_growth_yoy_accel": -0.03393350990883726,
      "fcf_margin_change": -0.41344175548609013
    },
    {
      "date": "2025-06-30T00:00:00",
      "quarter_label": "2025-06 (Q2)",
      "revenue": 1388100000,
      "gross_profit": 591700000,
      "operating_income": 236000000,
      "net_income": 31800000,
      "opex": 366000000,
      "cogs": 796400000,
      "rd": 90900000,
      "sga": 215600000,
      "fcf": 64500000,
      "ocf": 77100000,
      "capex": -12600000,
      "gross_margin": 0.4262661191556804,
      "op_margin": 0.17001656941142568,
      "fcf_margin": 0.04646639291117355,
      "incr_op_margin_yoy": 36.0,
      "rev_growth_yoy": 0.0008652390222799049,
      "rev_growth_yoy_accel": 0.04896520478742883,
      "op_leverage_ratio": 3.7516019763187143,
      "fcf_margin_change": 0.22844805088635786
    },
    {
      "date": "2025-09-30T00:00:00",
      "quarter_label": "2025-09 (Q3)",
      "revenue": 1629700000,
      "gross_profit": 667800000,
      "operating_income": 300900000,
      "net_income": 108400000,
      "opex": 375500000,
      "cogs": 961900000,
      "rd": 95300000,
      "sga": 226800000,
      "fcf": 135000000,
      "ocf": 151400000,
      "capex": -16400000,
      "gross_margin": 0.4097686690801988,
      "op_margin": 0.18463520893415966,
      "fcf_margin": 0.08283733202429895,
      "incr_op_margin_yoy": 0.36292237442922376,
      "rev_growth_yoy": 0.5059138791350952,
      "rev_growth_yoy_accel": 0.5050486401128154,
      "op_leverage_ratio": 6.705538430038788,
      "fcf_margin_change": 0.0363709391131254
    }
  ],
  "signals": [
    {
      "quarter": "2025-09 (Q3)",
      "signal": "OPERATING LEVERAGE",
      "detail": "Rev growth +17.4% vs OpEx growth +2.6% (leverage: 6.7x)",
      "severity": "MEDIUM"
    },
    {
      "quarter": "2025-09 (Q3)",
      "signal": "YoY REVENUE GROWTH ACCELERATION",
      "detail": "YoY growth: +50.6% vs prior quarter YoY: +0.1% (accel: +50.5%)",
      "severity": "HIGH"
    },
    {
      "quarter": "2025-09 (Q3)",
      "signal": "INCREMENTAL MARGIN (YoY)",
      "detail": "YoY Incr OPM: +36.3% vs year-ago OPM: +9.4%",
      "severity": "HIGH"
    },
    {
      "quarter": "2025-06 (Q2)",
      "signal": "FCF TURNED POSITIVE",
      "detail": "FCF margin: -18.2% -> +4.6%",
      "severity": "HIGH"
    },
    {
      "quarter": "2025-06 (Q2)",
      "signal": "OPERATING LEVERAGE",
      "detail": "Rev growth +24.8% vs OpEx growth +6.6% (leverage: 3.8x)",
      "severity": "MEDIUM"
    },
    {
      "quarter": "2025-06 (Q2)",
      "signal": "INCREMENTAL MARGIN (YoY)",
      "detail": "YoY Incr OPM: +3600.0% vs year-ago OPM: +13.9%",
      "severity": "HIGH"
    },
    {
      "quarter": "2025-03 (Q1)",
      "signal": "GROSS MARGIN INFLECTION",
      "detail": "GM: +40.2% -> +38.3% -> +42.1% (reversal +3.8%)",
      "severity": "MEDIUM"
    },
    {
      "quarter": "2024-12 (Q4)",
      "signal": "FCF MARGIN EXPANSION",
      "detail": "FCF margin: +10.7% -> +23.1% (+12.5%)",
      "severity": "MEDIUM"
    },
    {
      "quarter": "2024-12 (Q4)",
      "signal": "YoY REVENUE GROWTH ACCELERATION",
      "detail": "YoY growth: -1.4% vs prior quarter YoY: -32.3% (accel: +30.9%)",
      "severity": "HIGH"
    },
    {
      "quarter": "2024-12 (Q4)",
      "signal": "OP MARGIN TURNED POSITIVE (YoY)",
      "detail": "Op margin: -5.3% (year-ago) -> +10.1%",
      "severity": "HIGH"
    },
    {
      "quarter": "2024-09 (Q3)",
      "signal": "FCF MARGIN EXPANSION",
      "detail": "FCF margin: +3.3% -> +10.7% (+7.4%)",
      "severity": "MEDIUM"
    },
    {
      "quarter": "2024-09 (Q3)",
      "signal": "OP MARGIN TURNED POSITIVE (YoY)",
      "detail": "Op margin: -51.6% (year-ago) -> +9.4%",
      "severity": "HIGH"
    },
    {
      "quarter": "2024-06 (Q2)",
      "signal": "FCF TURNED POSITIVE",
      "detail": "FCF margin: -15.7% -> +3.3%",
      "severity": "HIGH"
    },
    {
      "quarter": "2024-06 (Q2)",
      "signal": "GROSS MARGIN INFLECTION",
      "detail": "GM: +37.8% -> +34.4% -> +39.5% (reversal +5.1%)",
      "severity": "HIGH"
    },
    {
      "quarter": "2024-06 (Q2)",
      "signal": "YoY REVENUE GROWTH ACCELERATION",
      "detail": "YoY growth: -27.7% vs prior quarter YoY: -41.6% (accel: +13.9%)",
      "severity": "MEDIUM"
    },
    {
      "quarter": "2024-03 (Q1)",
      "signal": "INCREMENTAL MARGIN (YoY)",
      "detail": "YoY Incr OPM: +18.0% vs year-ago OPM: +7.6%",
      "severity": "MEDIUM"
    },
    {
      "quarter": "2024-03 (Q1)",
      "signal": "OP MARGIN TURNED POSITIVE (QoQ)",
      "detail": "Op margin: -5.3% -> +0.2%",
      "severity": "HIGH"
    },
    {
      "quarter": "2023-12 (Q4)",
      "signal": "YoY REVENUE GROWTH DECELERATION",
      "detail": "YoY growth: -38.4% vs prior quarter YoY: -32.8% (decel: -5.6%)",
      "severity": "WARNING"
    },
    {
      "quarter": "2023-09 (Q3)",
      "signal": "YoY REVENUE GROWTH DECELERATION",
      "detail": "YoY growth: -32.8% vs prior quarter YoY: -16.6% (decel: -16.2%)",
      "severity": "WARNING"
    },
    {
      "quarter": "2023-06 (Q2)",
      "signal": "FCF TURNED POSITIVE",
      "detail": "FCF margin: -3.0% -> +6.0%",
      "severity": "HIGH"
    },
    {
      "quarter": "2023-06 (Q2)",
      "signal": "YoY REVENUE GROWTH DECELERATION",
      "detail": "YoY growth: -16.6% vs prior quarter YoY: -10.2% (decel: -6.4%)",
      "severity": "WARNING"
    },
    {
      "quarter": "2023-03 (Q1)",
      "signal": "OP MARGIN TURNED POSITIVE (QoQ)",
      "detail": "Op margin: -46.9% -> +7.6%",
      "severity": "HIGH"
    },
    {
      "quarter": "2022-12 (Q4)",
      "signal": "FCF TURNED POSITIVE",
      "detail": "FCF margin: -4.7% -> +18.9%",
      "severity": "HIGH"
    },
    {
      "quarter": "2022-12 (Q4)",
      "signal": "YoY REVENUE GROWTH DECELERATION",
      "detail": "YoY growth: -13.4% vs prior quarter YoY: +13.1% (decel: -26.5%)",
      "severity": "WARNING"
    },
    {
      "quarter": "2022-09 (Q3)",
      "signal": "YoY REVENUE GROWTH ACCELERATION",
      "detail": "YoY growth: +13.1% vs prior quarter YoY: +5.3% (accel: +7.9%)",
      "severity": "MEDIUM"
    },
    {
      "quarter": "2022-09 (Q3)",
      "signal": "INCREMENTAL MARGIN (YoY)",
      "detail": "YoY Incr OPM: +48.8% vs year-ago OPM: +1.0%",
      "severity": "HIGH"
    },
    {
      "quarter": "2022-06 (Q2)",
      "signal": "OPERATING LEVERAGE",
      "detail": "Rev growth +3.2% vs OpEx growth +1.7% (leverage: 1.8x)",
      "severity": "MEDIUM"
    },
    {
      "quarter": "2022-06 (Q2)",
      "signal": "OP MARGIN TURNED POSITIVE (YoY)",
      "detail": "Op margin: -0.8% (year-ago) -> +2.7%",
      "severity": "HIGH"
    },
    {
      "quarter": "2022-03 (Q1)",
      "signal": "INCREMENTAL MARGIN (YoY)",
      "detail": "YoY Incr OPM: +11.4% vs year-ago OPM: +0.4%",
      "severity": "MEDIUM"
    },
    {
      "quarter": "2021-12 (Q4)",
      "signal": "OPERATING LEVERAGE",
      "detail": "Rev growth +5.6% vs OpEx growth +2.6% (leverage: 2.1x)",
      "severity": "MEDIUM"
    },
    {
      "quarter": "2021-09 (Q3)",
      "signal": "OP MARGIN TURNED POSITIVE (QoQ)",
      "detail": "Op margin: -0.8% -> +1.0%",
      "severity": "HIGH"
    },
    {
      "quarter": "2021-06 (Q2)",
      "signal": "FCF TURNED POSITIVE",
      "detail": "FCF margin: -7.3% -> +7.2%",
      "severity": "HIGH"
    }
  ],
  "data_quality": {
    "n_quarters": 20,
    "coverage": {
      "revenue": [
        20,
        20
      ],
      "gross_profit": [
        20,
        20
      ],
      "op_income": [
        20,
        20
      ],
      "fcf": [
        20,
        20
      ]
    },
    "gaps": [],
    "warnings": []
  },
  "market_cap": null,
  "source": "SEC EDGAR",
  "last_updated": "2026-02-02T21:12:34.414176"
}