{
  "ticker": "VITL",
  "name": "Vital Farms, Inc.",
  "quarters": [
    {
      "date": "2020-12-27T00:00:00",
      "quarter_label": "2020-12 (Q4)",
      "revenue": 53993000,
      "gross_profit": 17625000,
      "operating_income": -2150000,
      "net_income": -786000,
      "opex": 19775000,
      "cogs": 36368000,
      "rd": null,
      "sga": 15564000,
      "fcf": -7103000,
      "ocf": -3531000,
      "capex": -3572000,
      "gross_margin": 0.3264312040449688,
      "op_margin": -0.039819976663641586,
      "fcf_margin": -0.13155409034504473
    },
    {
      "date": "2021-03-28T00:00:00",
      "quarter_label": "2021-03 (Q1)",
      "revenue": 58545000,
      "gross_profit": 21330000,
      "operating_income": 3084000,
      "net_income": 3491000,
      "opex": 18246000,
      "cogs": 37215000,
      "rd": null,
      "sga": 13183000,
      "fcf": 4589000,
      "ocf": 8040000,
      "capex": -3451000,
      "gross_margin": 0.36433512682551883,
      "op_margin": 0.05267742761977966,
      "fcf_margin": 0.07838414894525579,
      "op_leverage_ratio": Infinity,
      "fcf_margin_change": 0.20993823929030053
    },
    {
      "date": "2021-06-27T00:00:00",
      "quarter_label": "2021-06 (Q2)",
      "revenue": 60324000,
      "gross_profit": 21933000,
      "operating_income": 3015000,
      "net_income": 3907000,
      "opex": 18918000,
      "cogs": 38391000,
      "rd": null,
      "sga": 13544000,
      "fcf": 3266000,
      "ocf": 7626000,
      "capex": -4360000,
      "gross_margin": 0.3635866321861945,
      "op_margin": 0.04998010741993236,
      "fcf_margin": 0.05414097208407931,
      "op_leverage_ratio": 0.8250581054866221,
      "fcf_margin_change": -0.024243176861176483
    },
    {
      "date": "2021-09-26T00:00:00",
      "quarter_label": "2021-09 (Q3)",
      "revenue": 64627000,
      "gross_profit": 19839000,
      "operating_income": -1805000,
      "net_income": -1321000,
      "opex": 21644000,
      "cogs": 44788000,
      "rd": null,
      "sga": 15326000,
      "fcf": -8743000,
      "ocf": -2362000,
      "capex": -6381000,
      "gross_margin": 0.3069769600940783,
      "op_margin": -0.02792950314883872,
      "fcf_margin": -0.13528401442121712,
      "op_leverage_ratio": 0.4950289347282561,
      "fcf_margin_change": -0.18942498650529643
    },
    {
      "date": "2021-12-26T00:00:00",
      "quarter_label": "2021-12 (Q4)",
      "revenue": 77405000,
      "gross_profit": 19797000,
      "operating_income": -4242000,
      "net_income": -3649000,
      "opex": 24039000,
      "cogs": 57608000,
      "rd": null,
      "sga": 15815000,
      "fcf": 1859000,
      "ocf": 4378000,
      "capex": -2519000,
      "gross_margin": 0.25575867192041857,
      "op_margin": -0.054802661326787676,
      "fcf_margin": 0.0240165363994574,
      "incr_op_margin_yoy": -0.08935588587049377,
      "rev_growth_yoy": 0.43361176448798916,
      "op_leverage_ratio": 1.7868203704876802,
      "fcf_margin_change": 0.1593005508206745
    },
    {
      "date": "2022-03-27T00:00:00",
      "quarter_label": "2022-03 (Q1)",
      "revenue": 77058000,
      "gross_profit": 21700000,
      "operating_income": -4086000,
      "net_income": -1536000,
      "opex": 25786000,
      "cogs": 55358000,
      "rd": null,
      "sga": 17624000,
      "fcf": -6625000,
      "ocf": -4939000,
      "capex": -1686000,
      "gross_margin": 0.2816060629655584,
      "op_margin": -0.053024994160242936,
      "fcf_margin": -0.08597420125100573,
      "incr_op_margin_yoy": -0.38729541403338197,
      "rev_growth_yoy": 0.3162182936202921,
      "rev_growth_yoy_accel": -0.11739347086769708,
      "fcf_margin_change": -0.10999073765046313
    },
    {
      "date": "2022-06-26T00:00:00",
      "quarter_label": "2022-06 (Q2)",
      "revenue": 82870000,
      "gross_profit": 24939000,
      "operating_income": 721000,
      "net_income": 199000,
      "opex": 24218000,
      "cogs": 57931000,
      "rd": null,
      "sga": 17007000,
      "fcf": -797000,
      "ocf": 1934000,
      "capex": -2731000,
      "gross_margin": 0.3009412332569084,
      "op_margin": 0.008700374079884155,
      "fcf_margin": -0.009617473150717992,
      "incr_op_margin_yoy": -0.10174753836600728,
      "rev_growth_yoy": 0.37374842517074464,
      "rev_growth_yoy_accel": 0.05753013155045256,
      "op_leverage_ratio": Infinity,
      "fcf_margin_change": 0.07635672810028774
    },
    {
      "date": "2022-09-25T00:00:00",
      "quarter_label": "2022-09 (Q3)",
      "revenue": 92040000,
      "gross_profit": 29491000,
      "operating_income": 2024000,
      "net_income": 723000,
      "opex": 27467000,
      "cogs": 62549000,
      "rd": null,
      "sga": 20561000,
      "fcf": -2844000,
      "ocf": -363000,
      "capex": -2481000,
      "gross_margin": 0.3204150369404607,
      "op_margin": 0.021990438939591482,
      "fcf_margin": -0.03089960886571056,
      "incr_op_margin_yoy": 0.13967825484259294,
      "rev_growth_yoy": 0.4241725594565739,
      "rev_growth_yoy_accel": 0.05042413428582926,
      "op_leverage_ratio": 0.8248226157751039,
      "fcf_margin_change": -0.02128213571499257
    },
    {
      "date": "2022-12-25T00:00:00",
      "quarter_label": "2022-12 (Q4)",
      "revenue": 110081000,
      "gross_profit": 33313000,
      "operating_income": 3445000,
      "net_income": 1865000,
      "opex": 29868000,
      "cogs": 76768000,
      "rd": null,
      "sga": 22043000,
      "fcf": -8300000,
      "ocf": -4730000,
      "capex": -3570000,
      "gross_margin": 0.30262261425677456,
      "op_margin": 0.031295137217140105,
      "fcf_margin": -0.07539902435479329,
      "incr_op_margin_yoy": 0.23524911249846983,
      "rev_growth_yoy": 0.42214327239842386,
      "rev_growth_yoy_accel": -0.002029287058150031,
      "op_leverage_ratio": 2.242348260113986,
      "fcf_margin_change": -0.044499415489082726
    },
    {
      "date": "2023-03-26T00:00:00",
      "quarter_label": "2023-03 (Q1)",
      "revenue": 119172000,
      "gross_profit": 42668000,
      "operating_income": 10896000,
      "net_income": 7150000,
      "opex": 31772000,
      "cogs": 76504000,
      "rd": null,
      "sga": 23946000,
      "fcf": 3601000,
      "ocf": 5403000,
      "capex": -1802000,
      "gross_margin": 0.35803712281408384,
      "op_margin": 0.09143087302386467,
      "fcf_margin": 0.03021682945658376,
      "incr_op_margin_yoy": 0.3557486821484542,
      "rev_growth_yoy": 0.5465233979599782,
      "rev_growth_yoy_accel": 0.12438012556155431,
      "op_leverage_ratio": 1.2955032005080445,
      "fcf_margin_change": 0.10561585381137704
    },
    {
      "date": "2023-06-25T00:00:00",
      "quarter_label": "2023-06 (Q2)",
      "revenue": 106445000,
      "gross_profit": 37800000,
      "operating_income": 8039000,
      "net_income": 6683000,
      "opex": 29761000,
      "cogs": 68645000,
      "rd": null,
      "sga": 23908000,
      "fcf": 11018000,
      "ocf": 13508000,
      "capex": -2490000,
      "gross_margin": 0.355112969138992,
      "op_margin": 0.07552257034149092,
      "fcf_margin": 0.103508854337921,
      "incr_op_margin_yoy": 0.3104135737009544,
      "rev_growth_yoy": 0.2844817183540485,
      "rev_growth_yoy_accel": -0.26204167960592967,
      "fcf_margin_change": 0.07329202488133724
    },
    {
      "date": "2023-09-24T00:00:00",
      "quarter_label": "2023-09 (Q3)",
      "revenue": 110429000,
      "gross_profit": 36665000,
      "operating_income": 5229000,
      "net_income": 4523000,
      "opex": 31436000,
      "cogs": 73764000,
      "rd": null,
      "sga": 25081000,
      "fcf": 3420000,
      "ocf": 8266000,
      "capex": -4846000,
      "gross_margin": 0.33202329098334676,
      "op_margin": 0.04735169203741771,
      "fcf_margin": 0.03097012560106494,
      "incr_op_margin_yoy": 0.1742889771058785,
      "rev_growth_yoy": 0.199793568013907,
      "rev_growth_yoy_accel": -0.08468815034014152,
      "op_leverage_ratio": 0.6650078500353698,
      "fcf_margin_change": -0.07253872873685606
    },
    {
      "date": "2023-12-31T00:00:00",
      "quarter_label": "2023-12 (Q4)",
      "revenue": 135811000,
      "gross_profit": 45193000,
      "operating_income": 9090000,
      "net_income": 7210000,
      "opex": 36103000,
      "cogs": 90618000,
      "rd": null,
      "sga": 28793000,
      "fcf": 21329000,
      "ocf": 23729000,
      "capex": -2400000,
      "gross_margin": 0.33276391455773097,
      "op_margin": 0.06693125004601984,
      "fcf_margin": 0.15704913445891716,
      "incr_op_margin_yoy": 0.21939370384764867,
      "rev_growth_yoy": 0.2337369754998592,
      "rev_growth_yoy_accel": 0.033943407485952204,
      "op_leverage_ratio": 1.5482182396497906,
      "fcf_margin_change": 0.12607900885785223
    },
    {
      "date": "2024-03-31T00:00:00",
      "quarter_label": "2024-03 (Q1)",
      "revenue": 147929000,
      "gross_profit": 58897000,
      "operating_income": 24169000,
      "net_income": 19023000,
      "opex": 34728000,
      "cogs": 89032000,
      "rd": null,
      "sga": 27132000,
      "fcf": 22625000,
      "ocf": 23949000,
      "capex": -1324000,
      "gross_margin": 0.3981437040742518,
      "op_margin": 0.16338243346470266,
      "fcf_margin": 0.15294499388220023,
      "incr_op_margin_yoy": 0.4615571860764336,
      "rev_growth_yoy": 0.2413066827778337,
      "rev_growth_yoy_accel": 0.007569707277974513,
      "op_leverage_ratio": Infinity,
      "fcf_margin_change": -0.00410414057671693
    },
    {
      "date": "2024-06-30T00:00:00",
      "quarter_label": "2024-06 (Q2)",
      "revenue": 147388000,
      "gross_profit": 57678000,
      "operating_income": 17139000,
      "net_income": 16339000,
      "opex": 40539000,
      "cogs": 89710000,
      "rd": null,
      "sga": 33336000,
      "fcf": 10543000,
      "ocf": 16133000,
      "capex": -5590000,
      "gross_margin": 0.39133443699622766,
      "op_margin": 0.11628490786224116,
      "fcf_margin": 0.07153228213965859,
      "incr_op_margin_yoy": 0.22226021542143956,
      "rev_growth_yoy": 0.38463995490628966,
      "rev_growth_yoy_accel": 0.14333327212845595,
      "fcf_margin_change": -0.08141271174254164
    },
    {
      "date": "2024-09-29T00:00:00",
      "quarter_label": "2024-09 (Q3)",
      "revenue": 145002000,
      "gross_profit": 53476000,
      "operating_income": 9240000,
      "net_income": 7446000,
      "opex": 44236000,
      "cogs": 91526000,
      "rd": null,
      "sga": 36102000,
      "fcf": 6393000,
      "ocf": 9961000,
      "capex": -3568000,
      "gross_margin": 0.3687949131736114,
      "op_margin": 0.06372325898953118,
      "fcf_margin": 0.04408904704762693,
      "incr_op_margin_yoy": 0.11601538773030978,
      "rev_growth_yoy": 0.31307899193146727,
      "rev_growth_yoy_accel": -0.0715609629748224,
      "fcf_margin_change": -0.027443235092031663
    },
    {
      "date": "2024-12-29T00:00:00",
      "quarter_label": "2024-12 (Q4)",
      "revenue": 165989000,
      "gross_profit": 59876000,
      "operating_income": 13004000,
      "net_income": null,
      "opex": 46872000,
      "cogs": 106113000,
      "rd": null,
      "sga": 37370000,
      "fcf": -3383000,
      "ocf": 14781000,
      "capex": -18164000,
      "gross_margin": 0.3607226984920687,
      "op_margin": 0.07834254077077396,
      "fcf_margin": -0.020380868611775477,
      "incr_op_margin_yoy": 0.1296971303598648,
      "rev_growth_yoy": 0.2222058596137279,
      "rev_growth_yoy_accel": -0.09087313231773936,
      "op_leverage_ratio": 2.4288842209261348,
      "fcf_margin_change": -0.06446991565940241
    },
    {
      "date": "2025-03-30T00:00:00",
      "quarter_label": "2025-03 (Q1)",
      "revenue": 162189000,
      "gross_profit": 62513000,
      "operating_income": 21769000,
      "net_income": 16901000,
      "opex": 40744000,
      "cogs": 99676000,
      "rd": null,
      "sga": 31909000,
      "fcf": 2147000,
      "ocf": 5274000,
      "capex": -3127000,
      "gross_margin": 0.3854330441645241,
      "op_margin": 0.13421995326440142,
      "fcf_margin": 0.013237642503499004,
      "incr_op_margin_yoy": -0.16830294530154277,
      "rev_growth_yoy": 0.09639759614409615,
      "rev_growth_yoy_accel": -0.12580826346963175,
      "fcf_margin_change": 0.03361851111527448
    },
    {
      "date": "2025-06-29T00:00:00",
      "quarter_label": "2025-06 (Q2)",
      "revenue": 184767000,
      "gross_profit": 71782000,
      "operating_income": 23795000,
      "net_income": 16638000,
      "opex": 47987000,
      "cogs": 112985000,
      "rd": null,
      "sga": 38987000,
      "fcf": -7628000,
      "ocf": -761000,
      "capex": -6867000,
      "gross_margin": 0.38850011095054854,
      "op_margin": 0.1287838196214692,
      "fcf_margin": -0.04128442849643064,
      "incr_op_margin_yoy": 0.17806789908772305,
      "rev_growth_yoy": 0.25360952044942603,
      "rev_growth_yoy_accel": 0.15721192430532988,
      "op_leverage_ratio": 0.7830856228555806,
      "fcf_margin_change": -0.054522070999929645
    },
    {
      "date": "2025-09-28T00:00:00",
      "quarter_label": "2025-09 (Q3)",
      "revenue": 198936000,
      "gross_profit": 74962000,
      "operating_income": 21399000,
      "net_income": 16419000,
      "opex": 53563000,
      "cogs": 123974000,
      "rd": null,
      "sga": 44394000,
      "fcf": -10608000,
      "ocf": 23422000,
      "capex": -34030000,
      "gross_margin": 0.3768146539590622,
      "op_margin": 0.10756725781155749,
      "fcf_margin": -0.0533236819881771,
      "incr_op_margin_yoy": 0.22544220714206253,
      "rev_growth_yoy": 0.37195349029668556,
      "rev_growth_yoy_accel": 0.11834396984725953,
      "op_leverage_ratio": 0.6599569820376121,
      "fcf_margin_change": -0.012039253491746463
    }
  ],
  "signals": [
    {
      "quarter": "2025-09 (Q3)",
      "signal": "YoY REVENUE GROWTH ACCELERATION",
      "detail": "YoY growth: +37.2% vs prior quarter YoY: +25.4% (accel: +11.8%)",
      "severity": "MEDIUM"
    },
    {
      "quarter": "2025-09 (Q3)",
      "signal": "INCREMENTAL MARGIN (YoY)",
      "detail": "YoY Incr OPM: +22.5% vs year-ago OPM: +6.4%",
      "severity": "MEDIUM"
    },
    {
      "quarter": "2025-06 (Q2)",
      "signal": "YoY REVENUE GROWTH ACCELERATION",
      "detail": "YoY growth: +25.4% vs prior quarter YoY: +9.6% (accel: +15.7%)",
      "severity": "HIGH"
    },
    {
      "quarter": "2025-03 (Q1)",
      "signal": "FCF TURNED POSITIVE",
      "detail": "FCF margin: -2.0% -> +1.3%",
      "severity": "HIGH"
    },
    {
      "quarter": "2025-03 (Q1)",
      "signal": "GROSS MARGIN INFLECTION",
      "detail": "GM: +36.9% -> +36.1% -> +38.5% (reversal +2.5%)",
      "severity": "MEDIUM"
    },
    {
      "quarter": "2025-03 (Q1)",
      "signal": "YoY REVENUE GROWTH DECELERATION",
      "detail": "YoY growth: +9.6% vs prior quarter YoY: +22.2% (decel: -12.6%)",
      "severity": "WARNING"
    },
    {
      "quarter": "2024-12 (Q4)",
      "signal": "OPERATING LEVERAGE",
      "detail": "Rev growth +14.5% vs OpEx growth +6.0% (leverage: 2.4x)",
      "severity": "MEDIUM"
    },
    {
      "quarter": "2024-12 (Q4)",
      "signal": "YoY REVENUE GROWTH DECELERATION",
      "detail": "YoY growth: +22.2% vs prior quarter YoY: +31.3% (decel: -9.1%)",
      "severity": "WARNING"
    },
    {
      "quarter": "2024-09 (Q3)",
      "signal": "YoY REVENUE GROWTH DECELERATION",
      "detail": "YoY growth: +31.3% vs prior quarter YoY: +38.5% (decel: -7.2%)",
      "severity": "WARNING"
    },
    {
      "quarter": "2024-06 (Q2)",
      "signal": "YoY REVENUE GROWTH ACCELERATION",
      "detail": "YoY growth: +38.5% vs prior quarter YoY: +24.1% (accel: +14.3%)",
      "severity": "MEDIUM"
    },
    {
      "quarter": "2024-06 (Q2)",
      "signal": "INCREMENTAL MARGIN (YoY)",
      "detail": "YoY Incr OPM: +22.2% vs year-ago OPM: +7.6%",
      "severity": "MEDIUM"
    },
    {
      "quarter": "2024-03 (Q1)",
      "signal": "INCREMENTAL MARGIN (YoY)",
      "detail": "YoY Incr OPM: +46.2% vs year-ago OPM: +9.1%",
      "severity": "HIGH"
    },
    {
      "quarter": "2023-12 (Q4)",
      "signal": "FCF MARGIN EXPANSION",
      "detail": "FCF margin: +3.1% -> +15.7% (+12.6%)",
      "severity": "MEDIUM"
    },
    {
      "quarter": "2023-12 (Q4)",
      "signal": "OPERATING LEVERAGE",
      "detail": "Rev growth +23.0% vs OpEx growth +14.8% (leverage: 1.5x)",
      "severity": "MEDIUM"
    },
    {
      "quarter": "2023-12 (Q4)",
      "signal": "INCREMENTAL MARGIN (YoY)",
      "detail": "YoY Incr OPM: +21.9% vs year-ago OPM: +3.1%",
      "severity": "MEDIUM"
    },
    {
      "quarter": "2023-09 (Q3)",
      "signal": "YoY REVENUE GROWTH DECELERATION",
      "detail": "YoY growth: +20.0% vs prior quarter YoY: +28.4% (decel: -8.5%)",
      "severity": "WARNING"
    },
    {
      "quarter": "2023-09 (Q3)",
      "signal": "INCREMENTAL MARGIN (YoY)",
      "detail": "YoY Incr OPM: +17.4% vs year-ago OPM: +2.2%",
      "severity": "MEDIUM"
    },
    {
      "quarter": "2023-06 (Q2)",
      "signal": "FCF MARGIN EXPANSION",
      "detail": "FCF margin: +3.0% -> +10.4% (+7.3%)",
      "severity": "MEDIUM"
    },
    {
      "quarter": "2023-06 (Q2)",
      "signal": "YoY REVENUE GROWTH DECELERATION",
      "detail": "YoY growth: +28.4% vs prior quarter YoY: +54.7% (decel: -26.2%)",
      "severity": "WARNING"
    },
    {
      "quarter": "2023-06 (Q2)",
      "signal": "INCREMENTAL MARGIN (YoY)",
      "detail": "YoY Incr OPM: +31.0% vs year-ago OPM: +0.9%",
      "severity": "HIGH"
    },
    {
      "quarter": "2023-03 (Q1)",
      "signal": "FCF TURNED POSITIVE",
      "detail": "FCF margin: -7.5% -> +3.0%",
      "severity": "HIGH"
    },
    {
      "quarter": "2023-03 (Q1)",
      "signal": "GROSS MARGIN INFLECTION",
      "detail": "GM: +32.0% -> +30.3% -> +35.8% (reversal +5.5%)",
      "severity": "HIGH"
    },
    {
      "quarter": "2023-03 (Q1)",
      "signal": "YoY REVENUE GROWTH ACCELERATION",
      "detail": "YoY growth: +54.7% vs prior quarter YoY: +42.2% (accel: +12.4%)",
      "severity": "MEDIUM"
    },
    {
      "quarter": "2023-03 (Q1)",
      "signal": "OP MARGIN TURNED POSITIVE (YoY)",
      "detail": "Op margin: -5.3% (year-ago) -> +9.1%",
      "severity": "HIGH"
    },
    {
      "quarter": "2022-12 (Q4)",
      "signal": "OPERATING LEVERAGE",
      "detail": "Rev growth +19.6% vs OpEx growth +8.7% (leverage: 2.2x)",
      "severity": "MEDIUM"
    },
    {
      "quarter": "2022-12 (Q4)",
      "signal": "OP MARGIN TURNED POSITIVE (YoY)",
      "detail": "Op margin: -5.5% (year-ago) -> +3.1%",
      "severity": "HIGH"
    },
    {
      "quarter": "2022-09 (Q3)",
      "signal": "YoY REVENUE GROWTH ACCELERATION",
      "detail": "YoY growth: +42.4% vs prior quarter YoY: +37.4% (accel: +5.0%)",
      "severity": "MEDIUM"
    },
    {
      "quarter": "2022-09 (Q3)",
      "signal": "OP MARGIN TURNED POSITIVE (YoY)",
      "detail": "Op margin: -2.8% (year-ago) -> +2.2%",
      "severity": "HIGH"
    },
    {
      "quarter": "2022-06 (Q2)",
      "signal": "FCF MARGIN EXPANSION",
      "detail": "FCF margin: -8.6% -> -1.0% (+7.6%)",
      "severity": "MEDIUM"
    },
    {
      "quarter": "2022-06 (Q2)",
      "signal": "YoY REVENUE GROWTH ACCELERATION",
      "detail": "YoY growth: +37.4% vs prior quarter YoY: +31.6% (accel: +5.8%)",
      "severity": "MEDIUM"
    },
    {
      "quarter": "2022-06 (Q2)",
      "signal": "OP MARGIN TURNED POSITIVE (QoQ)",
      "detail": "Op margin: -5.3% -> +0.9%",
      "severity": "HIGH"
    },
    {
      "quarter": "2022-03 (Q1)",
      "signal": "GROSS MARGIN INFLECTION",
      "detail": "GM: +30.7% -> +25.6% -> +28.2% (reversal +2.6%)",
      "severity": "MEDIUM"
    },
    {
      "quarter": "2022-03 (Q1)",
      "signal": "YoY REVENUE GROWTH DECELERATION",
      "detail": "YoY growth: +31.6% vs prior quarter YoY: +43.4% (decel: -11.7%)",
      "severity": "WARNING"
    },
    {
      "quarter": "2021-12 (Q4)",
      "signal": "FCF TURNED POSITIVE",
      "detail": "FCF margin: -13.5% -> +2.4%",
      "severity": "HIGH"
    },
    {
      "quarter": "2021-12 (Q4)",
      "signal": "OPERATING LEVERAGE",
      "detail": "Rev growth +19.8% vs OpEx growth +11.1% (leverage: 1.8x)",
      "severity": "MEDIUM"
    },
    {
      "quarter": "2021-03 (Q1)",
      "signal": "FCF TURNED POSITIVE",
      "detail": "FCF margin: -13.2% -> +7.8%",
      "severity": "HIGH"
    },
    {
      "quarter": "2021-03 (Q1)",
      "signal": "OP MARGIN TURNED POSITIVE (QoQ)",
      "detail": "Op margin: -4.0% -> +5.3%",
      "severity": "HIGH"
    }
  ],
  "data_quality": {
    "n_quarters": 20,
    "coverage": {
      "revenue": [
        20,
        20
      ],
      "gross_profit": [
        20,
        20
      ],
      "op_income": [
        20,
        20
      ],
      "fcf": [
        20,
        20
      ]
    },
    "gaps": [],
    "warnings": []
  },
  "market_cap": null,
  "source": "SEC EDGAR",
  "last_updated": "2026-02-02T21:54:57.655008"
}