{
  "ticker": "VIVK",
  "name": "VIVAKOR, INC.",
  "quarters": [
    {
      "date": "2021-03-31T00:00:00",
      "quarter_label": "2021-03 (Q1)",
      "revenue": 95000,
      "gross_profit": 3080,
      "operating_income": -2136572,
      "net_income": 9375000,
      "opex": 2139652,
      "cogs": 91920,
      "rd": null,
      "sga": null,
      "fcf": -1718016,
      "ocf": -1290642,
      "capex": -427374,
      "gross_margin": 0.03242105263157895,
      "op_margin": -22.49023157894737,
      "fcf_margin": -18.08437894736842
    },
    {
      "date": "2021-06-30T00:00:00",
      "quarter_label": "2021-06 (Q2)",
      "revenue": 22000,
      "gross_profit": 1470,
      "operating_income": -1724626,
      "net_income": -10524934,
      "opex": 1726096,
      "cogs": 20530,
      "rd": null,
      "sga": null,
      "fcf": -1669734,
      "ocf": -762985,
      "capex": -906749,
      "gross_margin": 0.06681818181818182,
      "op_margin": -78.39209090909091,
      "fcf_margin": -75.897,
      "fcf_margin_change": -57.812621052631584
    },
    {
      "date": "2021-09-30T00:00:00",
      "quarter_label": "2021-09 (Q3)",
      "revenue": 965757,
      "gross_profit": 27531,
      "operating_income": -1406017,
      "net_income": -3394931,
      "opex": 1433548,
      "cogs": 938226,
      "rd": null,
      "sga": null,
      "fcf": -1425734,
      "ocf": -499399,
      "capex": -926335,
      "gross_margin": 0.028507171058558208,
      "op_margin": -1.4558703690472863,
      "fcf_margin": -1.4762864778614082,
      "op_leverage_ratio": Infinity,
      "fcf_margin_change": 74.4207135221386
    },
    {
      "date": "2021-12-31T00:00:00",
      "quarter_label": "2021-12 (Q4)",
      "revenue": 5671,
      "gross_profit": 5671,
      "operating_income": -1658701,
      "net_income": -3109795,
      "opex": 1664372,
      "cogs": 0,
      "rd": null,
      "sga": null,
      "fcf": -2324488,
      "ocf": -348670,
      "capex": -1975818,
      "gross_margin": 1.0,
      "op_margin": -292.48827367307354,
      "fcf_margin": -409.8903191676953,
      "fcf_margin_change": -408.41403268983385
    },
    {
      "date": "2022-03-31T00:00:00",
      "quarter_label": "2022-03 (Q1)",
      "revenue": 0,
      "gross_profit": 0,
      "operating_income": -1879364,
      "net_income": -726035,
      "opex": 1879364,
      "cogs": 0,
      "rd": null,
      "sga": null,
      "fcf": -1073096,
      "ocf": -866798,
      "capex": -206298,
      "gross_margin": null,
      "op_margin": null,
      "fcf_margin": null,
      "rev_growth_yoy": -1.0
    },
    {
      "date": "2022-06-30T00:00:00",
      "quarter_label": "2022-06 (Q2)",
      "revenue": 0,
      "gross_profit": 0,
      "operating_income": -3600600,
      "net_income": -5227863,
      "opex": 3600600,
      "cogs": 0,
      "rd": null,
      "sga": null,
      "fcf": -2862756,
      "ocf": -1939539,
      "capex": -923217,
      "gross_margin": null,
      "op_margin": null,
      "fcf_margin": null,
      "rev_growth_yoy": -1.0,
      "rev_growth_yoy_accel": 0.0
    },
    {
      "date": "2022-09-30T00:00:00",
      "quarter_label": "2022-09 (Q3)",
      "revenue": 11765975,
      "gross_profit": 1212600,
      "operating_income": -2330926,
      "net_income": -1763021,
      "opex": 3543526,
      "cogs": 10553375,
      "rd": null,
      "sga": null,
      "fcf": -1324268,
      "ocf": -646643,
      "capex": -677625,
      "gross_margin": 0.10305988241518446,
      "op_margin": -0.19810733917078696,
      "fcf_margin": -0.11255063859986104,
      "incr_op_margin_yoy": -0.08563799360346244,
      "rev_growth_yoy": 11.18316305240345,
      "rev_growth_yoy_accel": 12.18316305240345
    },
    {
      "date": "2022-12-31T00:00:00",
      "quarter_label": "2022-12 (Q4)",
      "revenue": 16341248,
      "gross_profit": 1654661,
      "operating_income": -14933065,
      "net_income": -12530702,
      "opex": 16587726,
      "cogs": 14686587,
      "rd": null,
      "sga": null,
      "fcf": -1374351,
      "ocf": -690316,
      "capex": -684035,
      "gross_margin": 0.10125670940187677,
      "op_margin": -0.9138264715155171,
      "fcf_margin": -0.08410318477511632,
      "incr_op_margin_yoy": -0.8126045379358194,
      "rev_growth_yoy": 2880.546111796861,
      "rev_growth_yoy_accel": 2869.3629487444578,
      "op_leverage_ratio": 0.10563486127223688,
      "fcf_margin_change": 0.02844745382474473
    },
    {
      "date": "2023-03-31T00:00:00",
      "quarter_label": "2023-03 (Q1)",
      "revenue": 15544872,
      "gross_profit": 1513158,
      "operating_income": -1124872,
      "net_income": -2817167,
      "opex": 2638030,
      "cogs": 14031714,
      "rd": null,
      "sga": null,
      "fcf": -2159942,
      "ocf": -1276123,
      "capex": -883819,
      "gross_margin": 0.09734129685982619,
      "op_margin": -0.07236289883892257,
      "fcf_margin": -0.13894884435201524,
      "incr_op_margin_yoy": 0.04853639193683936,
      "fcf_margin_change": -0.05484565957689892
    },
    {
      "date": "2023-06-30T00:00:00",
      "quarter_label": "2023-06 (Q2)",
      "revenue": 13590638,
      "gross_profit": 1214764,
      "operating_income": -837934,
      "net_income": -1844673,
      "opex": 2052698,
      "cogs": 12375874,
      "rd": null,
      "sga": null,
      "fcf": -1162139,
      "ocf": -20655,
      "capex": -1141484,
      "gross_margin": 0.08938241162776905,
      "op_margin": -0.06165523649441623,
      "fcf_margin": -0.08551026081336284,
      "incr_op_margin_yoy": 0.20327713827709928,
      "fcf_margin_change": 0.0534385835386524
    },
    {
      "date": "2023-09-30T00:00:00",
      "quarter_label": "2023-09 (Q3)",
      "revenue": 16313406,
      "gross_profit": 1546912,
      "operating_income": -745114,
      "net_income": -2517374,
      "opex": 2292026,
      "cogs": 14766494,
      "rd": null,
      "sga": null,
      "fcf": -1358201,
      "ocf": 458085,
      "capex": -1816286,
      "gross_margin": 0.09482458782672362,
      "op_margin": -0.04567494979282683,
      "fcf_margin": -0.08325673988620157,
      "incr_op_margin_yoy": 0.3487270065230237,
      "rev_growth_yoy": 0.38648994239746387,
      "op_leverage_ratio": 1.7183132567119024,
      "fcf_margin_change": 0.0022535209271612733
    },
    {
      "date": "2023-12-31T00:00:00",
      "quarter_label": "2023-12 (Q4)",
      "revenue": 13872836,
      "gross_profit": 746130,
      "operating_income": -3623740,
      "net_income": -3938636,
      "opex": 4369870,
      "cogs": 13126706,
      "rd": null,
      "sga": null,
      "fcf": 594462,
      "ocf": 73791,
      "capex": 520671,
      "gross_margin": 0.053783523426644705,
      "op_margin": -0.26121118998307197,
      "fcf_margin": 0.04285079128737628,
      "incr_op_margin_yoy": -4.5816196809932865,
      "rev_growth_yoy": -0.15105406882020272,
      "rev_growth_yoy_accel": -0.5375440112176666,
      "fcf_margin_change": 0.12610753117357784
    },
    {
      "date": "2024-03-31T00:00:00",
      "quarter_label": "2024-03 (Q1)",
      "revenue": 16021391,
      "gross_profit": 1068137,
      "operating_income": -1616922,
      "net_income": -1882235,
      "opex": 2685059,
      "cogs": 14953254,
      "rd": null,
      "sga": null,
      "fcf": -2858564,
      "ocf": -1829679,
      "capex": -1028885,
      "gross_margin": 0.06666942963941146,
      "op_margin": -0.10092269766089598,
      "fcf_margin": -0.1784217113233177,
      "rev_growth_yoy": 0.03065441773981799,
      "rev_growth_yoy_accel": 0.18170848656002073,
      "op_leverage_ratio": Infinity,
      "fcf_margin_change": -0.22127250261069398
    },
    {
      "date": "2024-06-30T00:00:00",
      "quarter_label": "2024-06 (Q2)",
      "revenue": 16181122,
      "gross_profit": 1110814,
      "operating_income": -2852414,
      "net_income": -3312998,
      "opex": 3963228,
      "cogs": 15070308,
      "rd": null,
      "sga": null,
      "fcf": -143548,
      "ocf": 1004365,
      "capex": -1147913,
      "gross_margin": 0.06864876242821728,
      "op_margin": -0.17628035929770505,
      "fcf_margin": -0.00887132548657627,
      "incr_op_margin_yoy": -0.7776461850372363,
      "rev_growth_yoy": 0.19060797587280304,
      "rev_growth_yoy_accel": 0.15995355813298504,
      "fcf_margin_change": 0.16955038583674142
    },
    {
      "date": "2024-09-30T00:00:00",
      "quarter_label": "2024-09 (Q3)",
      "revenue": 15916423,
      "gross_profit": 1726350,
      "operating_income": -1958367,
      "net_income": -1688152,
      "opex": 3684987,
      "cogs": 14190073,
      "rd": null,
      "sga": null,
      "fcf": 804573,
      "ocf": 990673,
      "capex": -186100,
      "gross_margin": 0.10846344056073402,
      "op_margin": -0.12304064801494657,
      "fcf_margin": 0.05054986286805773,
      "rev_growth_yoy": -0.02433477104658586,
      "rev_growth_yoy_accel": -0.2149427469193889,
      "fcf_margin_change": 0.059421188354634
    },
    {
      "date": "2024-12-31T00:00:00",
      "quarter_label": "2024-12 (Q4)",
      "revenue": 41692304,
      "gross_profit": 6313903,
      "operating_income": -15567320,
      "net_income": -19467540,
      "opex": 21881223,
      "cogs": 35378401,
      "rd": null,
      "sga": null,
      "fcf": 1645468,
      "ocf": 1645468,
      "capex": null,
      "gross_margin": 0.15144049127148262,
      "op_margin": -0.37338593712642987,
      "fcf_margin": 0.03946694814467437,
      "incr_op_margin_yoy": -0.42932452913909064,
      "rev_growth_yoy": 2.005319460274741,
      "rev_growth_yoy_accel": 2.029654231321327,
      "op_leverage_ratio": 0.32796118329885665,
      "fcf_margin_change": -0.01108291472338336
    },
    {
      "date": "2025-03-31T00:00:00",
      "quarter_label": "2025-03 (Q1)",
      "revenue": 37340291,
      "gross_profit": 4758434,
      "operating_income": -6442481,
      "net_income": -7527298,
      "opex": 11200915,
      "cogs": 32581857,
      "rd": null,
      "sga": null,
      "fcf": -35,
      "ocf": -35,
      "capex": null,
      "gross_margin": 0.12743430414080062,
      "op_margin": -0.17253430081731286,
      "fcf_margin": -9.373253143635115e-07,
      "incr_op_margin_yoy": -0.22635121887151777,
      "rev_growth_yoy": 1.330652251106037,
      "rev_growth_yoy_accel": -0.674667209168704,
      "fcf_margin_change": -0.03946788546998874
    },
    {
      "date": "2025-06-30T00:00:00",
      "quarter_label": "2025-06 (Q2)",
      "revenue": 29099446,
      "gross_profit": 4579669,
      "operating_income": -6776747,
      "net_income": -12536370,
      "opex": 11356416,
      "cogs": 24519777,
      "rd": null,
      "sga": null,
      "fcf": -6980301,
      "ocf": -6980301,
      "capex": null,
      "gross_margin": 0.15737993774864306,
      "op_margin": -0.23288233734759073,
      "fcf_margin": -0.23987745333708416,
      "incr_op_margin_yoy": -0.3037803510734055,
      "rev_growth_yoy": 0.7983577405818953,
      "rev_growth_yoy_accel": -0.5322945105241417,
      "fcf_margin_change": -0.2398765160117698
    },
    {
      "date": "2025-09-30T00:00:00",
      "quarter_label": "2025-09 (Q3)",
      "revenue": 16981385,
      "gross_profit": 4719499,
      "operating_income": -9031001,
      "net_income": -34288467,
      "opex": 13750500,
      "cogs": 12261886,
      "rd": null,
      "sga": null,
      "fcf": 11292012,
      "ocf": 11292012,
      "capex": null,
      "gross_margin": 0.27792191272973316,
      "op_margin": -0.5318176933153568,
      "fcf_margin": 0.6649641357286229,
      "incr_op_margin_yoy": -6.641207855303757,
      "rev_growth_yoy": 0.06690963164273782,
      "rev_growth_yoy_accel": -0.7314481089391576,
      "fcf_margin_change": 0.9048415890657071
    }
  ],
  "signals": [
    {
      "quarter": "2025-09 (Q3)",
      "signal": "FCF TURNED POSITIVE",
      "detail": "FCF margin: -24.0% -> +66.5%",
      "severity": "HIGH"
    },
    {
      "quarter": "2025-09 (Q3)",
      "signal": "YoY REVENUE GROWTH DECELERATION",
      "detail": "YoY growth: +6.7% vs prior quarter YoY: +79.8% (decel: -73.1%)",
      "severity": "WARNING"
    },
    {
      "quarter": "2025-06 (Q2)",
      "signal": "GROSS MARGIN INFLECTION",
      "detail": "GM: +15.1% -> +12.7% -> +15.7% (reversal +3.0%)",
      "severity": "MEDIUM"
    },
    {
      "quarter": "2025-06 (Q2)",
      "signal": "YoY REVENUE GROWTH DECELERATION",
      "detail": "YoY growth: +79.8% vs prior quarter YoY: +133.1% (decel: -53.2%)",
      "severity": "WARNING"
    },
    {
      "quarter": "2025-03 (Q1)",
      "signal": "YoY REVENUE GROWTH DECELERATION",
      "detail": "YoY growth: +133.1% vs prior quarter YoY: +200.5% (decel: -67.5%)",
      "severity": "WARNING"
    },
    {
      "quarter": "2024-12 (Q4)",
      "signal": "YoY REVENUE GROWTH ACCELERATION",
      "detail": "YoY growth: +200.5% vs prior quarter YoY: -2.4% (accel: +203.0%)",
      "severity": "HIGH"
    },
    {
      "quarter": "2024-09 (Q3)",
      "signal": "FCF TURNED POSITIVE",
      "detail": "FCF margin: -0.9% -> +5.1%",
      "severity": "HIGH"
    },
    {
      "quarter": "2024-09 (Q3)",
      "signal": "YoY REVENUE GROWTH DECELERATION",
      "detail": "YoY growth: -2.4% vs prior quarter YoY: +19.1% (decel: -21.5%)",
      "severity": "WARNING"
    },
    {
      "quarter": "2024-06 (Q2)",
      "signal": "FCF MARGIN EXPANSION",
      "detail": "FCF margin: -17.8% -> -0.9% (+17.0%)",
      "severity": "MEDIUM"
    },
    {
      "quarter": "2024-06 (Q2)",
      "signal": "YoY REVENUE GROWTH ACCELERATION",
      "detail": "YoY growth: +19.1% vs prior quarter YoY: +3.1% (accel: +16.0%)",
      "severity": "HIGH"
    },
    {
      "quarter": "2024-03 (Q1)",
      "signal": "YoY REVENUE GROWTH ACCELERATION",
      "detail": "YoY growth: +3.1% vs prior quarter YoY: -15.1% (accel: +18.2%)",
      "severity": "HIGH"
    },
    {
      "quarter": "2023-12 (Q4)",
      "signal": "FCF TURNED POSITIVE",
      "detail": "FCF margin: -8.3% -> +4.3%",
      "severity": "HIGH"
    },
    {
      "quarter": "2023-12 (Q4)",
      "signal": "YoY REVENUE GROWTH DECELERATION",
      "detail": "YoY growth: -15.1% vs prior quarter YoY: +38.6% (decel: -53.8%)",
      "severity": "WARNING"
    },
    {
      "quarter": "2023-09 (Q3)",
      "signal": "OPERATING LEVERAGE",
      "detail": "Rev growth +20.0% vs OpEx growth +11.7% (leverage: 1.7x)",
      "severity": "MEDIUM"
    },
    {
      "quarter": "2023-06 (Q2)",
      "signal": "FCF MARGIN EXPANSION",
      "detail": "FCF margin: -13.9% -> -8.6% (+5.3%)",
      "severity": "MEDIUM"
    },
    {
      "quarter": "2022-12 (Q4)",
      "signal": "YoY REVENUE GROWTH ACCELERATION",
      "detail": "YoY growth: +288054.6% vs prior quarter YoY: +1118.3% (accel: +286936.3%)",
      "severity": "HIGH"
    },
    {
      "quarter": "2022-09 (Q3)",
      "signal": "YoY REVENUE GROWTH ACCELERATION",
      "detail": "YoY growth: +1118.3% vs prior quarter YoY: -100.0% (accel: +1218.3%)",
      "severity": "HIGH"
    },
    {
      "quarter": "2021-12 (Q4)",
      "signal": "GROSS MARGIN INFLECTION",
      "detail": "GM: +6.7% -> +2.9% -> +100.0% (reversal +97.1%)",
      "severity": "HIGH"
    },
    {
      "quarter": "2021-09 (Q3)",
      "signal": "FCF MARGIN EXPANSION",
      "detail": "FCF margin: -7589.7% -> -147.6% (+7442.1%)",
      "severity": "MEDIUM"
    }
  ],
  "data_quality": {
    "n_quarters": 19,
    "coverage": {
      "revenue": [
        19,
        19
      ],
      "gross_profit": [
        19,
        19
      ],
      "op_income": [
        19,
        19
      ],
      "fcf": [
        19,
        19
      ]
    },
    "gaps": [],
    "warnings": []
  },
  "market_cap": null,
  "source": "SEC EDGAR",
  "last_updated": "2026-02-03T00:31:34.027408"
}