{
  "ticker": "VLN-WT",
  "name": "VALENS SEMICONDUCTOR LTD.",
  "quarters": [
    {
      "date": "2021-06-30T00:00:00",
      "quarter_label": "2021-06 (Q2)",
      "revenue": 17510000,
      "gross_profit": 12467000,
      "operating_income": -4077000,
      "net_income": -3698000,
      "opex": 16544000,
      "cogs": 5043000,
      "rd": 10956000,
      "sga": null,
      "fcf": -6570000,
      "ocf": -6443000,
      "capex": -127000,
      "gross_margin": 0.7119931467732724,
      "op_margin": -0.23283837806967447,
      "fcf_margin": -0.375214163335237
    },
    {
      "date": "2022-06-30T00:00:00",
      "quarter_label": "2022-06 (Q2)",
      "revenue": 22481000,
      "gross_profit": 15784000,
      "operating_income": -7933000,
      "net_income": -9995000,
      "opex": 23717000,
      "cogs": 6697000,
      "rd": 14904000,
      "sga": null,
      "fcf": -4495000,
      "ocf": -4251000,
      "capex": -244000,
      "gross_margin": 0.7021039989324318,
      "op_margin": -0.35287576175437035,
      "fcf_margin": -0.1999466215915662,
      "incr_op_margin_yoy": -0.7756990545161939,
      "rev_growth_yoy": 0.28389491719017707,
      "op_leverage_ratio": 0.654782867697517,
      "fcf_margin_change": 0.1752675417436708
    },
    {
      "date": "2023-06-30T00:00:00",
      "quarter_label": "2023-06 (Q2)",
      "revenue": 24175000,
      "gross_profit": 14934000,
      "operating_income": -5183000,
      "net_income": -4582000,
      "opex": 20117000,
      "cogs": 9241000,
      "rd": 12161000,
      "sga": null,
      "fcf": -419000,
      "ocf": 358000,
      "capex": -777000,
      "gross_margin": 0.6177456049638056,
      "op_margin": -0.21439503619441572,
      "fcf_margin": -0.01733195449844881,
      "incr_op_margin_yoy": 1.6233766233766234,
      "rev_growth_yoy": 0.07535251990569815,
      "rev_growth_yoy_accel": -0.20854239728447893,
      "op_leverage_ratio": Infinity,
      "fcf_margin_change": 0.18261466709311738
    },
    {
      "date": "2023-09-30T00:00:00",
      "quarter_label": "2023-09 (Q3)",
      "revenue": 14166000,
      "gross_profit": 8338000,
      "operating_income": -12939000,
      "net_income": -12492000,
      "opex": 21277000,
      "cogs": 5828000,
      "rd": 13419000,
      "sga": null,
      "fcf": 5908000,
      "ocf": 6088000,
      "capex": -180000,
      "gross_margin": 0.58859240434844,
      "op_margin": -0.9133841592545532,
      "fcf_margin": 0.4170549202315403,
      "fcf_margin_change": 0.4343868747299891
    },
    {
      "date": "2023-12-31T00:00:00",
      "quarter_label": "2023-12 (Q4)",
      "revenue": 21940000,
      "gross_profit": 13527000,
      "operating_income": -1736000,
      "net_income": 2790000,
      "opex": 15263000,
      "cogs": 8413000,
      "rd": 8631000,
      "sga": null,
      "fcf": -4222000,
      "ocf": -4136000,
      "capex": -86000,
      "gross_margin": 0.6165451230628988,
      "op_margin": -0.07912488605287146,
      "fcf_margin": -0.19243391066545124,
      "op_leverage_ratio": Infinity,
      "fcf_margin_change": -0.6094888308969915
    },
    {
      "date": "2024-03-31T00:00:00",
      "quarter_label": "2024-03 (Q1)",
      "revenue": 11559000,
      "gross_profit": 6815000,
      "operating_income": -11289000,
      "net_income": -10042000,
      "opex": 18104000,
      "cogs": 4744000,
      "rd": 10145000,
      "sga": 4858000,
      "fcf": -1420000,
      "ocf": -1390000,
      "capex": -30000,
      "gross_margin": 0.5895838740375465,
      "op_margin": -0.9766415779911757,
      "fcf_margin": -0.12284799723159442,
      "fcf_margin_change": 0.06958591343385681
    },
    {
      "date": "2024-06-30T00:00:00",
      "quarter_label": "2024-06 (Q2)",
      "revenue": 13597000,
      "gross_profit": 8344000,
      "operating_income": -9410000,
      "net_income": -8869000,
      "opex": 17754000,
      "cogs": 5253000,
      "rd": 9961000,
      "sga": 3397000,
      "fcf": -460000,
      "ocf": -225000,
      "capex": -235000,
      "gross_margin": 0.6136647789953666,
      "op_margin": -0.6920644259763183,
      "fcf_margin": -0.03383099213061705,
      "incr_op_margin_yoy": 0.3996029495178673,
      "rev_growth_yoy": -0.437559462254395,
      "op_leverage_ratio": Infinity,
      "fcf_margin_change": 0.08901700510097738
    },
    {
      "date": "2024-09-30T00:00:00",
      "quarter_label": "2024-09 (Q3)",
      "revenue": 16038000,
      "gross_profit": 9045000,
      "operating_income": -12233000,
      "net_income": -10355000,
      "opex": 21278000,
      "cogs": 6993000,
      "rd": 10309000,
      "sga": 5825000,
      "fcf": 2242000,
      "ocf": 2964000,
      "capex": -722000,
      "gross_margin": 0.563973063973064,
      "op_margin": -0.7627509664546701,
      "fcf_margin": 0.1397929916448435,
      "incr_op_margin_yoy": 0.37713675213675213,
      "rev_growth_yoy": 0.13214739517153748,
      "rev_growth_yoy_accel": 0.5697068574259325,
      "op_leverage_ratio": 0.904450905032884,
      "fcf_margin_change": 0.17362398377546054
    },
    {
      "date": "2024-12-31T00:00:00",
      "quarter_label": "2024-12 (Q4)",
      "revenue": 16665000,
      "gross_profit": 10073000,
      "operating_income": -8410000,
      "net_income": -7317000,
      "opex": 18483000,
      "cogs": 6592000,
      "rd": 10060000,
      "sga": null,
      "fcf": -1210000,
      "ocf": -330000,
      "capex": -880000,
      "gross_margin": 0.6044404440444044,
      "op_margin": -0.5046504650465047,
      "fcf_margin": -0.07260726072607261,
      "incr_op_margin_yoy": 1.26521327014218,
      "rev_growth_yoy": -0.2404284412032817,
      "rev_growth_yoy_accel": -0.37257583637481917,
      "op_leverage_ratio": Infinity,
      "fcf_margin_change": -0.2124002523709161
    },
    {
      "date": "2025-03-31T00:00:00",
      "quarter_label": "2025-03 (Q1)",
      "revenue": 16828000,
      "gross_profit": 10582000,
      "operating_income": -9456000,
      "net_income": -8308000,
      "opex": 20038000,
      "cogs": 6246000,
      "rd": 10590000,
      "sga": 3667000,
      "fcf": -7968000,
      "ocf": -7611000,
      "capex": -357000,
      "gross_margin": 0.6288328975516996,
      "op_margin": -0.5619206085096268,
      "fcf_margin": -0.4734965533634419,
      "incr_op_margin_yoy": 0.34788384892769025,
      "rev_growth_yoy": 0.45583527986850075,
      "rev_growth_yoy_accel": 0.6962637210717825,
      "fcf_margin_change": -0.4008892926373693
    },
    {
      "date": "2025-06-30T00:00:00",
      "quarter_label": "2025-06 (Q2)",
      "revenue": 17059000,
      "gross_profit": 10835000,
      "operating_income": -7389000,
      "net_income": -7184000,
      "opex": 18224000,
      "cogs": 6224000,
      "rd": 10198000,
      "sga": 3697000,
      "fcf": -330000,
      "ocf": -211000,
      "capex": -119000,
      "gross_margin": 0.6351486019110147,
      "op_margin": -0.433143795064189,
      "fcf_margin": -0.019344627469371007,
      "incr_op_margin_yoy": 0.5837666088965916,
      "rev_growth_yoy": 0.2546149886004266,
      "rev_growth_yoy_accel": -0.20122029126807417,
      "op_leverage_ratio": Infinity,
      "fcf_margin_change": 0.4541519258940709
    },
    {
      "date": "2025-09-30T00:00:00",
      "quarter_label": "2025-09 (Q3)",
      "revenue": 17335000,
      "gross_profit": 10922000,
      "operating_income": -8037000,
      "net_income": -7321000,
      "opex": 18959000,
      "cogs": 6413000,
      "rd": 10803000,
      "sga": 2211000,
      "fcf": -4943000,
      "ocf": -4662000,
      "capex": -281000,
      "gross_margin": 0.630054802422844,
      "op_margin": -0.46362849725987887,
      "fcf_margin": -0.2851456590712432,
      "incr_op_margin_yoy": 3.2351580570547416,
      "rev_growth_yoy": 0.08087043272228457,
      "rev_growth_yoy_accel": -0.17374455587814203,
      "op_leverage_ratio": 0.4011546960070152,
      "fcf_margin_change": -0.2658010316018722
    }
  ],
  "signals": [
    {
      "quarter": "2025-09 (Q3)",
      "signal": "YoY REVENUE GROWTH DECELERATION",
      "detail": "YoY growth: +8.1% vs prior quarter YoY: +25.5% (decel: -17.4%)",
      "severity": "WARNING"
    },
    {
      "quarter": "2025-06 (Q2)",
      "signal": "FCF MARGIN EXPANSION",
      "detail": "FCF margin: -47.3% -> -1.9% (+45.4%)",
      "severity": "MEDIUM"
    },
    {
      "quarter": "2025-06 (Q2)",
      "signal": "YoY REVENUE GROWTH DECELERATION",
      "detail": "YoY growth: +25.5% vs prior quarter YoY: +45.6% (decel: -20.1%)",
      "severity": "WARNING"
    },
    {
      "quarter": "2025-03 (Q1)",
      "signal": "YoY REVENUE GROWTH ACCELERATION",
      "detail": "YoY growth: +45.6% vs prior quarter YoY: -24.0% (accel: +69.6%)",
      "severity": "HIGH"
    },
    {
      "quarter": "2024-12 (Q4)",
      "signal": "GROSS MARGIN INFLECTION",
      "detail": "GM: +61.4% -> +56.4% -> +60.4% (reversal +4.0%)",
      "severity": "MEDIUM"
    },
    {
      "quarter": "2024-12 (Q4)",
      "signal": "YoY REVENUE GROWTH DECELERATION",
      "detail": "YoY growth: -24.0% vs prior quarter YoY: +13.2% (decel: -37.3%)",
      "severity": "WARNING"
    },
    {
      "quarter": "2024-09 (Q3)",
      "signal": "FCF TURNED POSITIVE",
      "detail": "FCF margin: -3.4% -> +14.0%",
      "severity": "HIGH"
    },
    {
      "quarter": "2024-09 (Q3)",
      "signal": "YoY REVENUE GROWTH ACCELERATION",
      "detail": "YoY growth: +13.2% vs prior quarter YoY: -43.8% (accel: +57.0%)",
      "severity": "HIGH"
    },
    {
      "quarter": "2024-06 (Q2)",
      "signal": "FCF MARGIN EXPANSION",
      "detail": "FCF margin: -12.3% -> -3.4% (+8.9%)",
      "severity": "MEDIUM"
    },
    {
      "quarter": "2024-06 (Q2)",
      "signal": "GROSS MARGIN INFLECTION",
      "detail": "GM: +61.7% -> +59.0% -> +61.4% (reversal +2.4%)",
      "severity": "MEDIUM"
    },
    {
      "quarter": "2024-03 (Q1)",
      "signal": "FCF MARGIN EXPANSION",
      "detail": "FCF margin: -19.2% -> -12.3% (+7.0%)",
      "severity": "MEDIUM"
    },
    {
      "quarter": "2023-12 (Q4)",
      "signal": "GROSS MARGIN INFLECTION",
      "detail": "GM: +61.8% -> +58.9% -> +61.7% (reversal +2.8%)",
      "severity": "MEDIUM"
    },
    {
      "quarter": "2023-09 (Q3)",
      "signal": "FCF TURNED POSITIVE",
      "detail": "FCF margin: -1.7% -> +41.7%",
      "severity": "HIGH"
    },
    {
      "quarter": "2023-06 (Q2)",
      "signal": "FCF MARGIN EXPANSION",
      "detail": "FCF margin: -20.0% -> -1.7% (+18.3%)",
      "severity": "MEDIUM"
    },
    {
      "quarter": "2023-06 (Q2)",
      "signal": "YoY REVENUE GROWTH DECELERATION",
      "detail": "YoY growth: +7.5% vs prior quarter YoY: +28.4% (decel: -20.9%)",
      "severity": "WARNING"
    },
    {
      "quarter": "2022-06 (Q2)",
      "signal": "FCF MARGIN EXPANSION",
      "detail": "FCF margin: -37.5% -> -20.0% (+17.5%)",
      "severity": "MEDIUM"
    }
  ],
  "data_quality": {
    "n_quarters": 12,
    "coverage": {
      "revenue": [
        12,
        12
      ],
      "gross_profit": [
        12,
        12
      ],
      "op_income": [
        12,
        12
      ],
      "fcf": [
        12,
        12
      ]
    },
    "gaps": [
      [
        "2021-06 (Q2)",
        "2022-06 (Q2)",
        365
      ],
      [
        "2022-06 (Q2)",
        "2023-06 (Q2)",
        365
      ]
    ],
    "warnings": [
      "gap: 3Q missing between 2021-06 (Q2) and 2022-06 (Q2)",
      "gap: 3Q missing between 2022-06 (Q2) and 2023-06 (Q2)"
    ]
  },
  "market_cap": null,
  "source": "SEC EDGAR",
  "last_updated": "2026-02-03T01:12:19.262804"
}