{
  "ticker": "VLO",
  "name": "VALERO ENERGY CORP/TX",
  "quarters": [
    {
      "date": "2020-12-31T00:00:00",
      "quarter_label": "2020-12 (Q4)",
      "revenue": 16604000000,
      "gross_profit": -230000000,
      "operating_income": -470000000,
      "net_income": -359000000,
      "opex": 240000000,
      "cogs": 16834000000,
      "rd": null,
      "sga": null,
      "fcf": 96000000,
      "ocf": 96000000,
      "capex": null,
      "gross_margin": -0.013852083835220429,
      "op_margin": -0.02830643218501566,
      "fcf_margin": 0.005781739339918092
    },
    {
      "date": "2021-03-31T00:00:00",
      "quarter_label": "2021-03 (Q1)",
      "revenue": 20806000000,
      "gross_profit": -408000000,
      "operating_income": -666000000,
      "net_income": -704000000,
      "opex": 258000000,
      "cogs": 21214000000,
      "rd": null,
      "sga": null,
      "fcf": -52000000,
      "ocf": -52000000,
      "capex": null,
      "gross_margin": -0.019609727963087572,
      "op_margin": -0.03200999711621648,
      "fcf_margin": -0.002499279054119004,
      "op_leverage_ratio": 3.37428732032442,
      "fcf_margin_change": -0.008281018394037096
    },
    {
      "date": "2021-06-30T00:00:00",
      "quarter_label": "2021-06 (Q2)",
      "revenue": 27748000000,
      "gross_profit": 709000000,
      "operating_income": 509000000,
      "net_income": 162000000,
      "opex": 200000000,
      "cogs": 27039000000,
      "rd": null,
      "sga": null,
      "fcf": 2008000000,
      "ocf": 2008000000,
      "capex": null,
      "gross_margin": 0.02555139109124982,
      "op_margin": 0.018343664408245638,
      "fcf_margin": 0.07236557589736198,
      "op_leverage_ratio": Infinity,
      "fcf_margin_change": 0.07486485495148099
    },
    {
      "date": "2021-09-30T00:00:00",
      "quarter_label": "2021-09 (Q3)",
      "revenue": 29520000000,
      "gross_profit": 918000000,
      "operating_income": 693000000,
      "net_income": 463000000,
      "opex": 225000000,
      "cogs": 28602000000,
      "rd": null,
      "sga": null,
      "fcf": 1449000000,
      "ocf": 1449000000,
      "capex": null,
      "gross_margin": 0.031097560975609756,
      "op_margin": 0.02347560975609756,
      "fcf_margin": 0.04908536585365854,
      "op_leverage_ratio": 0.5108836672913363,
      "fcf_margin_change": -0.02328021004370344
    },
    {
      "date": "2021-12-31T00:00:00",
      "quarter_label": "2021-12 (Q4)",
      "revenue": 35903000000,
      "gross_profit": 1910000000,
      "operating_income": 1594000000,
      "net_income": 1009000000,
      "opex": 316000000,
      "cogs": 33993000000,
      "rd": null,
      "sga": null,
      "fcf": 2454000000,
      "ocf": 2454000000,
      "capex": null,
      "gross_margin": 0.0531988970281035,
      "op_margin": 0.04439740411664763,
      "fcf_margin": 0.0683508341921288,
      "incr_op_margin_yoy": 0.10694854655681642,
      "rev_growth_yoy": 1.162310286677909,
      "op_leverage_ratio": 0.5346254355400697,
      "fcf_margin_change": 0.01926546833847026
    },
    {
      "date": "2022-03-31T00:00:00",
      "quarter_label": "2022-03 (Q1)",
      "revenue": 38542000000,
      "gross_profit": 1619000000,
      "operating_income": 1384000000,
      "net_income": 905000000,
      "opex": 235000000,
      "cogs": 36923000000,
      "rd": null,
      "sga": null,
      "fcf": 588000000,
      "ocf": 588000000,
      "capex": null,
      "gross_margin": 0.042006123190285925,
      "op_margin": 0.03590887862591459,
      "fcf_margin": 0.015256084271703597,
      "incr_op_margin_yoy": 0.11558412268831754,
      "rev_growth_yoy": 0.8524464096895127,
      "rev_growth_yoy_accel": -0.30986387698839624,
      "op_leverage_ratio": Infinity,
      "fcf_margin_change": -0.053094749920425205
    },
    {
      "date": "2022-06-30T00:00:00",
      "quarter_label": "2022-06 (Q2)",
      "revenue": 51641000000,
      "gross_profit": 6479000000,
      "operating_income": 6219000000,
      "net_income": 4693000000,
      "opex": 260000000,
      "cogs": 45162000000,
      "rd": null,
      "sga": null,
      "fcf": 5845000000,
      "ocf": 5845000000,
      "capex": null,
      "gross_margin": 0.12546232644604094,
      "op_margin": 0.12042756724308205,
      "fcf_margin": 0.11318525977421041,
      "incr_op_margin_yoy": 0.2389821286569288,
      "rev_growth_yoy": 0.8610710681850944,
      "rev_growth_yoy_accel": 0.008624658495581694,
      "op_leverage_ratio": 3.194712261948005,
      "fcf_margin_change": 0.09792917550250682
    },
    {
      "date": "2022-09-30T00:00:00",
      "quarter_label": "2022-09 (Q3)",
      "revenue": 44454000000,
      "gross_profit": 4023000000,
      "operating_income": 3792000000,
      "net_income": 2817000000,
      "opex": 231000000,
      "cogs": 40431000000,
      "rd": null,
      "sga": null,
      "fcf": 2045000000,
      "ocf": 2045000000,
      "capex": null,
      "gross_margin": 0.09049804292077203,
      "op_margin": 0.08530166014306924,
      "fcf_margin": 0.046002609438970624,
      "incr_op_margin_yoy": 0.20751305745279228,
      "rev_growth_yoy": 0.5058943089430894,
      "rev_growth_yoy_accel": -0.355176759242005,
      "fcf_margin_change": -0.06718265033523979
    },
    {
      "date": "2022-12-31T00:00:00",
      "quarter_label": "2022-12 (Q4)",
      "revenue": 41746000000,
      "gross_profit": 4675000000,
      "operating_income": 4295000000,
      "net_income": 3113000000,
      "opex": 380000000,
      "cogs": 37071000000,
      "rd": null,
      "sga": null,
      "fcf": 4096000000,
      "ocf": 4096000000,
      "capex": null,
      "gross_margin": 0.11198677717625641,
      "op_margin": 0.10288410865711685,
      "fcf_margin": 0.09811718487998851,
      "incr_op_margin_yoy": 0.46226253636830394,
      "rev_growth_yoy": 0.16274406038492606,
      "rev_growth_yoy_accel": -0.34315024855816334,
      "fcf_margin_change": 0.052114575441017885
    },
    {
      "date": "2023-03-31T00:00:00",
      "quarter_label": "2023-03 (Q1)",
      "revenue": 36439000000,
      "gross_profit": 4307000000,
      "operating_income": 4043000000,
      "net_income": 3067000000,
      "opex": 264000000,
      "cogs": 32132000000,
      "rd": null,
      "sga": null,
      "fcf": 3170000000,
      "ocf": 3170000000,
      "capex": null,
      "gross_margin": 0.11819753560745355,
      "op_margin": 0.11095255083838744,
      "fcf_margin": 0.08699470347704383,
      "incr_op_margin_yoy": -1.2643842130290062,
      "rev_growth_yoy": -0.05456385242073582,
      "rev_growth_yoy_accel": -0.21730791280566186,
      "fcf_margin_change": -0.011122481402944681
    },
    {
      "date": "2023-06-30T00:00:00",
      "quarter_label": "2023-06 (Q2)",
      "revenue": 34509000000,
      "gross_profit": 2981000000,
      "operating_income": 2759000000,
      "net_income": 1944000000,
      "opex": 222000000,
      "cogs": 31528000000,
      "rd": null,
      "sga": null,
      "fcf": 1512000000,
      "ocf": 1512000000,
      "capex": null,
      "gross_margin": 0.08638326233736127,
      "op_margin": 0.07995015792981541,
      "fcf_margin": 0.043814657045988005,
      "incr_op_margin_yoy": 0.20196124212000935,
      "rev_growth_yoy": -0.331751902558045,
      "rev_growth_yoy_accel": -0.2771880501373092,
      "fcf_margin_change": -0.04318004643105582
    },
    {
      "date": "2023-09-30T00:00:00",
      "quarter_label": "2023-09 (Q3)",
      "revenue": 38404000000,
      "gross_profit": 3770000000,
      "operating_income": 3503000000,
      "net_income": 2622000000,
      "opex": 267000000,
      "cogs": 34634000000,
      "rd": null,
      "sga": null,
      "fcf": 3308000000,
      "ocf": 3308000000,
      "capex": null,
      "gross_margin": 0.09816685761899802,
      "op_margin": 0.09121445682741382,
      "fcf_margin": 0.08613686074367254,
      "incr_op_margin_yoy": 0.04776859504132231,
      "rev_growth_yoy": -0.13609573941602554,
      "rev_growth_yoy_accel": 0.19565616314201945,
      "op_leverage_ratio": 0.5568209259420247,
      "fcf_margin_change": 0.04232220369768453
    },
    {
      "date": "2023-12-31T00:00:00",
      "quarter_label": "2023-12 (Q4)",
      "revenue": 35414000000,
      "gross_profit": 1874000000,
      "operating_income": 1553000000,
      "net_income": 1202000000,
      "opex": 321000000,
      "cogs": 33540000000,
      "rd": null,
      "sga": null,
      "fcf": 1239000000,
      "ocf": 1239000000,
      "capex": null,
      "gross_margin": 0.052916925509685436,
      "op_margin": 0.04385271361608403,
      "fcf_margin": 0.03498616366408765,
      "incr_op_margin_yoy": 0.4330385344283007,
      "rev_growth_yoy": -0.15167920279787284,
      "rev_growth_yoy_accel": -0.015583463381847296,
      "fcf_margin_change": -0.05115069707958489
    },
    {
      "date": "2024-03-31T00:00:00",
      "quarter_label": "2024-03 (Q1)",
      "revenue": 31759000000,
      "gross_profit": 1983000000,
      "operating_income": 1679000000,
      "net_income": 1245000000,
      "opex": 304000000,
      "cogs": 29776000000,
      "rd": null,
      "sga": null,
      "fcf": 1846000000,
      "ocf": 1846000000,
      "capex": null,
      "gross_margin": 0.06243899367108536,
      "op_margin": 0.0528669038697692,
      "fcf_margin": 0.058125255832992224,
      "incr_op_margin_yoy": 0.5051282051282051,
      "rev_growth_yoy": -0.12843382090617195,
      "rev_growth_yoy_accel": 0.02324538189170089,
      "fcf_margin_change": 0.023139092168904578
    },
    {
      "date": "2024-06-30T00:00:00",
      "quarter_label": "2024-06 (Q2)",
      "revenue": 34490000000,
      "gross_profit": 1439000000,
      "operating_income": 1221000000,
      "net_income": 880000000,
      "opex": 218000000,
      "cogs": 33051000000,
      "rd": null,
      "sga": null,
      "fcf": 2472000000,
      "ocf": 2472000000,
      "capex": null,
      "gross_margin": 0.04172223832995071,
      "op_margin": 0.03540156567120905,
      "fcf_margin": 0.07167294868077703,
      "incr_op_margin_yoy": 80.94736842105263,
      "rev_growth_yoy": -0.0005505810078530239,
      "rev_growth_yoy_accel": 0.12788323989831893,
      "op_leverage_ratio": Infinity,
      "fcf_margin_change": 0.013547692847784808
    },
    {
      "date": "2024-09-30T00:00:00",
      "quarter_label": "2024-09 (Q3)",
      "revenue": 32876000000,
      "gross_profit": 754000000,
      "operating_income": 507000000,
      "net_income": 364000000,
      "opex": 247000000,
      "cogs": 32122000000,
      "rd": null,
      "sga": null,
      "fcf": 1295000000,
      "ocf": 1295000000,
      "capex": null,
      "gross_margin": 0.022934663584377662,
      "op_margin": 0.01542158413432291,
      "fcf_margin": 0.039390436792797176,
      "incr_op_margin_yoy": 0.5419681620839363,
      "rev_growth_yoy": -0.1439433392354963,
      "rev_growth_yoy_accel": -0.14339275822764327,
      "fcf_margin_change": -0.032282511887979856
    },
    {
      "date": "2024-12-31T00:00:00",
      "quarter_label": "2024-12 (Q4)",
      "revenue": 30756000000,
      "gross_profit": 629000000,
      "operating_income": 348000000,
      "net_income": 281000000,
      "opex": 281000000,
      "cogs": 30127000000,
      "rd": null,
      "sga": null,
      "fcf": 1070000000,
      "ocf": 1070000000,
      "capex": null,
      "gross_margin": 0.02045129405644427,
      "op_margin": 0.01131486539211861,
      "fcf_margin": 0.034789959682663546,
      "incr_op_margin_yoy": 0.25869471876341776,
      "rev_growth_yoy": -0.13152990342802282,
      "rev_growth_yoy_accel": 0.012413435807473477,
      "fcf_margin_change": -0.00460047711013363
    },
    {
      "date": "2025-03-31T00:00:00",
      "quarter_label": "2025-03 (Q1)",
      "revenue": 30258000000,
      "gross_profit": 507000000,
      "operating_income": -900000000,
      "net_income": -595000000,
      "opex": 1407000000,
      "cogs": 29751000000,
      "rd": null,
      "sga": null,
      "fcf": 952000000,
      "ocf": 952000000,
      "capex": null,
      "gross_margin": 0.016755899266309736,
      "op_margin": -0.0297441998810232,
      "fcf_margin": 0.031462753651926766,
      "incr_op_margin_yoy": 1.7181878747501667,
      "rev_growth_yoy": -0.04726219339399855,
      "rev_growth_yoy_accel": 0.08426771003402427,
      "fcf_margin_change": -0.0033272060307367804
    },
    {
      "date": "2025-06-30T00:00:00",
      "quarter_label": "2025-06 (Q2)",
      "revenue": 29889000000,
      "gross_profit": 1249000000,
      "operating_income": 997000000,
      "net_income": 714000000,
      "opex": 252000000,
      "cogs": 28640000000,
      "rd": null,
      "sga": null,
      "fcf": 936000000,
      "ocf": 936000000,
      "capex": null,
      "gross_margin": 0.041787948743684966,
      "op_margin": 0.033356753320619624,
      "fcf_margin": 0.031315868714242696,
      "incr_op_margin_yoy": 0.04868506846337753,
      "rev_growth_yoy": -0.13340098579298348,
      "rev_growth_yoy_accel": -0.08613879239898493,
      "fcf_margin_change": -0.00014688493768406918
    },
    {
      "date": "2025-09-30T00:00:00",
      "quarter_label": "2025-09 (Q3)",
      "revenue": 32168000000,
      "gross_profit": 1772000000,
      "operating_income": 1509000000,
      "net_income": 1095000000,
      "opex": 263000000,
      "cogs": 30396000000,
      "rd": null,
      "sga": null,
      "fcf": 1881000000,
      "ocf": 1881000000,
      "capex": null,
      "gross_margin": 0.05508579955235016,
      "op_margin": 0.04690997264362099,
      "fcf_margin": 0.05847426013429495,
      "incr_op_margin_yoy": -1.4152542372881356,
      "rev_growth_yoy": -0.02153546660177637,
      "rev_growth_yoy_accel": 0.11186551919120712,
      "op_leverage_ratio": 1.7467903971969014,
      "fcf_margin_change": 0.027158391420052254
    }
  ],
  "signals": [
    {
      "quarter": "2025-09 (Q3)",
      "signal": "OPERATING LEVERAGE",
      "detail": "Rev growth +7.6% vs OpEx growth +4.4% (leverage: 1.7x)",
      "severity": "MEDIUM"
    },
    {
      "quarter": "2025-09 (Q3)",
      "signal": "YoY REVENUE GROWTH ACCELERATION",
      "detail": "YoY growth: -2.2% vs prior quarter YoY: -13.3% (accel: +11.2%)",
      "severity": "MEDIUM"
    },
    {
      "quarter": "2025-06 (Q2)",
      "signal": "GROSS MARGIN INFLECTION",
      "detail": "GM: +2.0% -> +1.7% -> +4.2% (reversal +2.5%)",
      "severity": "MEDIUM"
    },
    {
      "quarter": "2025-06 (Q2)",
      "signal": "YoY REVENUE GROWTH DECELERATION",
      "detail": "YoY growth: -13.3% vs prior quarter YoY: -4.7% (decel: -8.6%)",
      "severity": "WARNING"
    },
    {
      "quarter": "2025-06 (Q2)",
      "signal": "OP MARGIN TURNED POSITIVE (QoQ)",
      "detail": "Op margin: -3.0% -> +3.3%",
      "severity": "HIGH"
    },
    {
      "quarter": "2025-03 (Q1)",
      "signal": "YoY REVENUE GROWTH ACCELERATION",
      "detail": "YoY growth: -4.7% vs prior quarter YoY: -13.2% (accel: +8.4%)",
      "severity": "MEDIUM"
    },
    {
      "quarter": "2024-12 (Q4)",
      "signal": "INCREMENTAL MARGIN (YoY)",
      "detail": "YoY Incr OPM: +25.9% vs year-ago OPM: +4.4%",
      "severity": "HIGH"
    },
    {
      "quarter": "2024-09 (Q3)",
      "signal": "YoY REVENUE GROWTH DECELERATION",
      "detail": "YoY growth: -14.4% vs prior quarter YoY: -0.1% (decel: -14.3%)",
      "severity": "WARNING"
    },
    {
      "quarter": "2024-09 (Q3)",
      "signal": "INCREMENTAL MARGIN (YoY)",
      "detail": "YoY Incr OPM: +54.2% vs year-ago OPM: +9.1%",
      "severity": "HIGH"
    },
    {
      "quarter": "2024-06 (Q2)",
      "signal": "YoY REVENUE GROWTH ACCELERATION",
      "detail": "YoY growth: -0.1% vs prior quarter YoY: -12.8% (accel: +12.8%)",
      "severity": "MEDIUM"
    },
    {
      "quarter": "2024-06 (Q2)",
      "signal": "INCREMENTAL MARGIN (YoY)",
      "detail": "YoY Incr OPM: +8094.7% vs year-ago OPM: +8.0%",
      "severity": "HIGH"
    },
    {
      "quarter": "2024-03 (Q1)",
      "signal": "INCREMENTAL MARGIN (YoY)",
      "detail": "YoY Incr OPM: +50.5% vs year-ago OPM: +11.1%",
      "severity": "HIGH"
    },
    {
      "quarter": "2023-12 (Q4)",
      "signal": "INCREMENTAL MARGIN (YoY)",
      "detail": "YoY Incr OPM: +43.3% vs year-ago OPM: +10.3%",
      "severity": "HIGH"
    },
    {
      "quarter": "2023-09 (Q3)",
      "signal": "YoY REVENUE GROWTH ACCELERATION",
      "detail": "YoY growth: -13.6% vs prior quarter YoY: -33.2% (accel: +19.6%)",
      "severity": "HIGH"
    },
    {
      "quarter": "2023-06 (Q2)",
      "signal": "YoY REVENUE GROWTH DECELERATION",
      "detail": "YoY growth: -33.2% vs prior quarter YoY: -5.5% (decel: -27.7%)",
      "severity": "WARNING"
    },
    {
      "quarter": "2023-03 (Q1)",
      "signal": "YoY REVENUE GROWTH DECELERATION",
      "detail": "YoY growth: -5.5% vs prior quarter YoY: +16.3% (decel: -21.7%)",
      "severity": "WARNING"
    },
    {
      "quarter": "2022-12 (Q4)",
      "signal": "FCF MARGIN EXPANSION",
      "detail": "FCF margin: +4.6% -> +9.8% (+5.2%)",
      "severity": "MEDIUM"
    },
    {
      "quarter": "2022-12 (Q4)",
      "signal": "GROSS MARGIN INFLECTION",
      "detail": "GM: +12.5% -> +9.0% -> +11.2% (reversal +2.1%)",
      "severity": "MEDIUM"
    },
    {
      "quarter": "2022-12 (Q4)",
      "signal": "YoY REVENUE GROWTH DECELERATION",
      "detail": "YoY growth: +16.3% vs prior quarter YoY: +50.6% (decel: -34.3%)",
      "severity": "WARNING"
    },
    {
      "quarter": "2022-12 (Q4)",
      "signal": "INCREMENTAL MARGIN (YoY)",
      "detail": "YoY Incr OPM: +46.2% vs year-ago OPM: +4.4%",
      "severity": "HIGH"
    },
    {
      "quarter": "2022-09 (Q3)",
      "signal": "YoY REVENUE GROWTH DECELERATION",
      "detail": "YoY growth: +50.6% vs prior quarter YoY: +86.1% (decel: -35.5%)",
      "severity": "WARNING"
    },
    {
      "quarter": "2022-09 (Q3)",
      "signal": "INCREMENTAL MARGIN (YoY)",
      "detail": "YoY Incr OPM: +20.8% vs year-ago OPM: +2.3%",
      "severity": "MEDIUM"
    },
    {
      "quarter": "2022-06 (Q2)",
      "signal": "FCF MARGIN EXPANSION",
      "detail": "FCF margin: +1.5% -> +11.3% (+9.8%)",
      "severity": "MEDIUM"
    },
    {
      "quarter": "2022-06 (Q2)",
      "signal": "OPERATING LEVERAGE",
      "detail": "Rev growth +34.0% vs OpEx growth +10.6% (leverage: 3.2x)",
      "severity": "MEDIUM"
    },
    {
      "quarter": "2022-06 (Q2)",
      "signal": "GROSS MARGIN INFLECTION",
      "detail": "GM: +5.3% -> +4.2% -> +12.5% (reversal +8.3%)",
      "severity": "HIGH"
    },
    {
      "quarter": "2022-06 (Q2)",
      "signal": "INCREMENTAL MARGIN (YoY)",
      "detail": "YoY Incr OPM: +23.9% vs year-ago OPM: +1.8%",
      "severity": "HIGH"
    },
    {
      "quarter": "2022-03 (Q1)",
      "signal": "YoY REVENUE GROWTH DECELERATION",
      "detail": "YoY growth: +85.2% vs prior quarter YoY: +116.2% (decel: -31.0%)",
      "severity": "WARNING"
    },
    {
      "quarter": "2022-03 (Q1)",
      "signal": "OP MARGIN TURNED POSITIVE (YoY)",
      "detail": "Op margin: -3.2% (year-ago) -> +3.6%",
      "severity": "HIGH"
    },
    {
      "quarter": "2021-12 (Q4)",
      "signal": "OP MARGIN TURNED POSITIVE (YoY)",
      "detail": "Op margin: -2.8% (year-ago) -> +4.4%",
      "severity": "HIGH"
    },
    {
      "quarter": "2021-06 (Q2)",
      "signal": "FCF TURNED POSITIVE",
      "detail": "FCF margin: -0.2% -> +7.2%",
      "severity": "HIGH"
    },
    {
      "quarter": "2021-06 (Q2)",
      "signal": "GROSS MARGIN INFLECTION",
      "detail": "GM: -1.4% -> -2.0% -> +2.6% (reversal +4.5%)",
      "severity": "MEDIUM"
    },
    {
      "quarter": "2021-06 (Q2)",
      "signal": "OP MARGIN TURNED POSITIVE (QoQ)",
      "detail": "Op margin: -3.2% -> +1.8%",
      "severity": "HIGH"
    },
    {
      "quarter": "2021-03 (Q1)",
      "signal": "OPERATING LEVERAGE",
      "detail": "Rev growth +25.3% vs OpEx growth +7.5% (leverage: 3.4x)",
      "severity": "MEDIUM"
    }
  ],
  "data_quality": {
    "n_quarters": 20,
    "coverage": {
      "revenue": [
        20,
        20
      ],
      "gross_profit": [
        20,
        20
      ],
      "op_income": [
        20,
        20
      ],
      "fcf": [
        20,
        20
      ]
    },
    "gaps": [],
    "warnings": []
  },
  "market_cap": null,
  "source": "SEC EDGAR",
  "last_updated": "2026-02-02T19:57:52.911089"
}