{
  "ticker": "VMC",
  "name": "VULCAN MATERIALS COMPANY",
  "quarters": [
    {
      "date": "2020-12-31T00:00:00",
      "quarter_label": "2020-12 (Q4)",
      "revenue": 1175119000,
      "gross_profit": 302741000,
      "operating_income": 196430000,
      "net_income": 114518000,
      "opex": 106311000,
      "cogs": 872378000,
      "rd": null,
      "sga": 98626000,
      "fcf": 199263000,
      "ocf": 292474000,
      "capex": -93211000,
      "gross_margin": 0.2576258234272444,
      "op_margin": 0.16715753893860963,
      "fcf_margin": 0.16956835860878772
    },
    {
      "date": "2021-03-31T00:00:00",
      "quarter_label": "2021-03 (Q1)",
      "revenue": 1068344000,
      "gross_profit": 229267000,
      "operating_income": 249513000,
      "net_income": 160614000,
      "opex": -20246000,
      "cogs": 839077000,
      "rd": null,
      "sga": 88593000,
      "fcf": 68600000,
      "ocf": 169300000,
      "capex": -100700000,
      "gross_margin": 0.21460035344420897,
      "op_margin": 0.233551178272167,
      "fcf_margin": 0.06421152737320564,
      "fcf_margin_change": -0.10535683123558208
    },
    {
      "date": "2021-06-30T00:00:00",
      "quarter_label": "2021-06 (Q2)",
      "revenue": 1361047000,
      "gross_profit": 398364000,
      "operating_income": 287536000,
      "net_income": 195344000,
      "opex": 110828000,
      "cogs": 962683000,
      "rd": null,
      "sga": 100667000,
      "fcf": 137100000,
      "ocf": 228600000,
      "capex": -91500000,
      "gross_margin": 0.29268937810376866,
      "op_margin": 0.21126088959455477,
      "fcf_margin": 0.10073127526088371,
      "op_leverage_ratio": Infinity,
      "fcf_margin_change": 0.036519747887678075
    },
    {
      "date": "2021-09-30T00:00:00",
      "quarter_label": "2021-09 (Q3)",
      "revenue": 1516506000,
      "gross_profit": 394061000,
      "operating_income": 262366000,
      "net_income": 176906000,
      "opex": 131695000,
      "cogs": 1122445000,
      "rd": null,
      "sga": 103792000,
      "fcf": 200500000,
      "ocf": 326900000,
      "capex": -126400000,
      "gross_margin": 0.2598479663120357,
      "op_margin": 0.17300689875279096,
      "fcf_margin": 0.13221180793218096,
      "op_leverage_ratio": 0.6066416540544342,
      "fcf_margin_change": 0.031480532671297246
    },
    {
      "date": "2021-12-31T00:00:00",
      "quarter_label": "2021-12 (Q4)",
      "revenue": 1606303000,
      "gross_profit": 351709000,
      "operating_income": 211386000,
      "net_income": 137935000,
      "opex": 140323000,
      "cogs": 1254594000,
      "rd": null,
      "sga": 124548000,
      "fcf": 154400000,
      "ocf": 287100000,
      "capex": -132700000,
      "gross_margin": 0.2189555768743506,
      "op_margin": 0.13159783677176723,
      "fcf_margin": 0.09612134198840443,
      "incr_op_margin_yoy": 0.034685888159115365,
      "rev_growth_yoy": 0.3669279451698083,
      "op_leverage_ratio": 0.9038093815041144,
      "fcf_margin_change": -0.03609046594377653
    },
    {
      "date": "2022-03-31T00:00:00",
      "quarter_label": "2022-03 (Q1)",
      "revenue": 1540700000,
      "gross_profit": 268800000,
      "operating_income": 147000000,
      "net_income": 91800000,
      "opex": 121800000,
      "cogs": 1271900000,
      "rd": null,
      "sga": 119000000,
      "fcf": 15200000,
      "ocf": 175600000,
      "capex": -160400000,
      "gross_margin": 0.1744661517492049,
      "op_margin": 0.09541117673784644,
      "fcf_margin": 0.009865645485818135,
      "incr_op_margin_yoy": -0.21702487107181873,
      "rev_growth_yoy": 0.44213848722883264,
      "rev_growth_yoy_accel": 0.07521054205902433,
      "fcf_margin_change": -0.0862556965025863
    },
    {
      "date": "2022-06-30T00:00:00",
      "quarter_label": "2022-06 (Q2)",
      "revenue": 1954300000,
      "gross_profit": 446200000,
      "operating_income": 307600000,
      "net_income": 187300000,
      "opex": 138600000,
      "cogs": 1508100000,
      "rd": null,
      "sga": 134400000,
      "fcf": 19700000,
      "ocf": 149900000,
      "capex": -130200000,
      "gross_margin": 0.22831704446604922,
      "op_margin": 0.15739651025942794,
      "fcf_margin": 0.010080335670060891,
      "incr_op_margin_yoy": 0.033820309378966476,
      "rev_growth_yoy": 0.4358798777705693,
      "rev_growth_yoy_accel": -0.006258609458263342,
      "op_leverage_ratio": 1.946258194327254,
      "fcf_margin_change": 0.0002146901842427565
    },
    {
      "date": "2022-09-30T00:00:00",
      "quarter_label": "2022-09 (Q3)",
      "revenue": 2088300000,
      "gross_profit": 492900000,
      "operating_income": 305400000,
      "net_income": 177100000,
      "opex": 187500000,
      "cogs": 1595400000,
      "rd": null,
      "sga": 135300000,
      "fcf": 263000000,
      "ocf": 422800000,
      "capex": -159800000,
      "gross_margin": 0.23602930613417614,
      "op_margin": 0.1462433558396782,
      "fcf_margin": 0.1259397596130824,
      "incr_op_margin_yoy": 0.07526137035365883,
      "rev_growth_yoy": 0.377046975086152,
      "rev_growth_yoy_accel": -0.05883290268441732,
      "op_leverage_ratio": 0.1943425681735635,
      "fcf_margin_change": 0.11585942394302151
    },
    {
      "date": "2022-12-31T00:00:00",
      "quarter_label": "2022-12 (Q4)",
      "revenue": 1731900000,
      "gross_profit": 349900000,
      "operating_income": 191500000,
      "net_income": 119400000,
      "opex": 158400000,
      "cogs": 1382000000,
      "rd": null,
      "sga": 126400000,
      "fcf": 237700000,
      "ocf": 399900000,
      "capex": -162200000,
      "gross_margin": 0.20203244991050293,
      "op_margin": 0.1105722039378717,
      "fcf_margin": 0.13724810901322249,
      "incr_op_margin_yoy": -0.15833180728839064,
      "rev_growth_yoy": 0.07819010485568414,
      "rev_growth_yoy_accel": -0.2988568702304678,
      "fcf_margin_change": 0.011308349400140083
    },
    {
      "date": "2023-03-31T00:00:00",
      "quarter_label": "2023-03 (Q1)",
      "revenue": 1649000000,
      "gross_profit": 302000000,
      "operating_income": 187200000,
      "net_income": 120700000,
      "opex": 114800000,
      "cogs": 1347000000,
      "rd": null,
      "sga": 117300000,
      "fcf": 27700000,
      "ocf": 221300000,
      "capex": -193600000,
      "gross_margin": 0.18314129775621588,
      "op_margin": 0.11352334748332323,
      "fcf_margin": 0.01679805942995755,
      "incr_op_margin_yoy": 0.37119113573407203,
      "rev_growth_yoy": 0.0702927240864542,
      "rev_growth_yoy_accel": -0.00789738076922994,
      "fcf_margin_change": -0.12045004958326494
    },
    {
      "date": "2023-06-30T00:00:00",
      "quarter_label": "2023-06 (Q2)",
      "revenue": 2112900000,
      "gross_profit": 583300000,
      "operating_income": 451100000,
      "net_income": 308600000,
      "opex": 132200000,
      "cogs": 1529600000,
      "rd": null,
      "sga": 139100000,
      "fcf": 125200000,
      "ocf": 286200000,
      "capex": -161000000,
      "gross_margin": 0.27606607032987834,
      "op_margin": 0.21349803587486393,
      "fcf_margin": 0.05925505229778977,
      "incr_op_margin_yoy": 0.9047919293820933,
      "rev_growth_yoy": 0.08115437752648007,
      "rev_growth_yoy_accel": 0.010861653440025862,
      "op_leverage_ratio": 1.8560785707813163,
      "fcf_margin_change": 0.04245699286783222
    },
    {
      "date": "2023-09-30T00:00:00",
      "quarter_label": "2023-09 (Q3)",
      "revenue": 2185800000,
      "gross_profit": 591000000,
      "operating_income": 418900000,
      "net_income": 276500000,
      "opex": 172100000,
      "cogs": 1594800000,
      "rd": null,
      "sga": 143900000,
      "fcf": 236000000,
      "ocf": 547700000,
      "capex": -311700000,
      "gross_margin": 0.2703815536645622,
      "op_margin": 0.19164607923872268,
      "fcf_margin": 0.10796962210632263,
      "incr_op_margin_yoy": 1.1641025641025642,
      "rev_growth_yoy": 0.046688694153138914,
      "rev_growth_yoy_accel": -0.034465683373341154,
      "op_leverage_ratio": 0.11431603287645495,
      "fcf_margin_change": 0.048714569808532865
    },
    {
      "date": "2023-12-31T00:00:00",
      "quarter_label": "2023-12 (Q4)",
      "revenue": 1834300000,
      "gross_profit": 472200000,
      "operating_income": 370100000,
      "net_income": 227400000,
      "opex": 102100000,
      "cogs": 1362100000,
      "rd": null,
      "sga": 142400000,
      "fcf": 275300000,
      "ocf": 481600000,
      "capex": -206300000,
      "gross_margin": 0.2574279016518563,
      "op_margin": 0.20176634138363408,
      "fcf_margin": 0.1500845008995257,
      "incr_op_margin_yoy": 1.744140625,
      "rev_growth_yoy": 0.05912581557826664,
      "rev_growth_yoy_accel": 0.012437121425127727,
      "fcf_margin_change": 0.04211487879320308
    },
    {
      "date": "2024-03-31T00:00:00",
      "quarter_label": "2024-03 (Q1)",
      "revenue": 1545700000,
      "gross_profit": 304900000,
      "operating_income": 172900000,
      "net_income": 102700000,
      "opex": 132000000,
      "cogs": 1240800000,
      "rd": null,
      "sga": 129700000,
      "fcf": 20600000,
      "ocf": 173400000,
      "capex": -152800000,
      "gross_margin": 0.1972569062560652,
      "op_margin": 0.1118587047939445,
      "fcf_margin": 0.013327295076664294,
      "incr_op_margin_yoy": 0.13843175217812198,
      "rev_growth_yoy": -0.06264402668283808,
      "rev_growth_yoy_accel": -0.12176984226110472,
      "fcf_margin_change": -0.1367572058228614
    },
    {
      "date": "2024-06-30T00:00:00",
      "quarter_label": "2024-06 (Q2)",
      "revenue": 2014400000,
      "gross_profit": 592200000,
      "operating_income": 453600000,
      "net_income": 308000000,
      "opex": 138600000,
      "cogs": 1422200000,
      "rd": null,
      "sga": 134100000,
      "fcf": 9700000,
      "ocf": 201100000,
      "capex": -191400000,
      "gross_margin": 0.29398332009531375,
      "op_margin": 0.22517871326449562,
      "fcf_margin": 0.004815329626687848,
      "incr_op_margin_yoy": -0.025380710659898477,
      "rev_growth_yoy": -0.04661839178380425,
      "rev_growth_yoy_accel": 0.01602563489903383,
      "op_leverage_ratio": 6.064566215953937,
      "fcf_margin_change": -0.008511965449976447
    },
    {
      "date": "2024-09-30T00:00:00",
      "quarter_label": "2024-09 (Q3)",
      "revenue": 2003900000,
      "gross_profit": 565200000,
      "operating_income": 337100000,
      "net_income": 207600000,
      "opex": 228100000,
      "cogs": 1438700000,
      "rd": null,
      "sga": 129100000,
      "fcf": 498200000,
      "ocf": 595000000,
      "capex": -96800000,
      "gross_margin": 0.2820500024951345,
      "op_margin": 0.16822196716403015,
      "fcf_margin": 0.24861520035929938,
      "incr_op_margin_yoy": 0.4496976360637713,
      "rev_growth_yoy": -0.08321895873364443,
      "rev_growth_yoy_accel": -0.03660056694984018,
      "fcf_margin_change": 0.24379987073261153
    },
    {
      "date": "2024-12-31T00:00:00",
      "quarter_label": "2024-12 (Q4)",
      "revenue": 1853700000,
      "gross_profit": 537200000,
      "operating_income": 401000000,
      "net_income": 293700000,
      "opex": 136200000,
      "cogs": 1316500000,
      "rd": null,
      "sga": 138100000,
      "fcf": 277600000,
      "ocf": 440100000,
      "capex": -162500000,
      "gross_margin": 0.28979878081674487,
      "op_margin": 0.2163241085396774,
      "fcf_margin": 0.1497545449641258,
      "incr_op_margin_yoy": 1.592783505154639,
      "rev_growth_yoy": 0.010576241618055935,
      "rev_growth_yoy_accel": 0.09379520035170037,
      "fcf_margin_change": -0.09886065539517358
    },
    {
      "date": "2025-03-31T00:00:00",
      "quarter_label": "2025-03 (Q1)",
      "revenue": 1634600000,
      "gross_profit": 365300000,
      "operating_income": 226400000,
      "net_income": 128900000,
      "opex": 138900000,
      "cogs": 1269300000,
      "rd": null,
      "sga": 138300000,
      "fcf": 83500000,
      "ocf": 251500000,
      "capex": -168000000,
      "gross_margin": 0.2234797503976508,
      "op_margin": 0.1385048329866634,
      "fcf_margin": 0.05108283372078796,
      "incr_op_margin_yoy": 0.6017997750281214,
      "rev_growth_yoy": 0.05751439477259494,
      "rev_growth_yoy_accel": 0.04693815315453901,
      "fcf_margin_change": -0.09867171124333785
    },
    {
      "date": "2025-06-30T00:00:00",
      "quarter_label": "2025-06 (Q2)",
      "revenue": 2102400000,
      "gross_profit": 625200000,
      "operating_income": 471000000,
      "net_income": 320900000,
      "opex": 154200000,
      "cogs": 1477200000,
      "rd": null,
      "sga": 144500000,
      "fcf": 238800000,
      "ocf": 341700000,
      "capex": -102900000,
      "gross_margin": 0.2973744292237443,
      "op_margin": 0.2240296803652968,
      "fcf_margin": 0.11358447488584475,
      "incr_op_margin_yoy": 0.19772727272727272,
      "rev_growth_yoy": 0.043685464654487687,
      "rev_growth_yoy_accel": -0.013828930118107256,
      "op_leverage_ratio": 2.598121984631366,
      "fcf_margin_change": 0.0625016411650568
    },
    {
      "date": "2025-09-30T00:00:00",
      "quarter_label": "2025-09 (Q3)",
      "revenue": 2291500000,
      "gross_profit": 697200000,
      "operating_income": 543200000,
      "net_income": 374900000,
      "opex": 154000000,
      "cogs": 1594300000,
      "rd": null,
      "sga": 145300000,
      "fcf": 454800000,
      "ocf": 676800000,
      "capex": -222000000,
      "gross_margin": 0.3042548548985381,
      "op_margin": 0.23704996727034694,
      "fcf_margin": 0.19847261619026837,
      "incr_op_margin_yoy": 0.7166203059805285,
      "rev_growth_yoy": 0.14352013573531613,
      "rev_growth_yoy_accel": 0.09983467108082844,
      "op_leverage_ratio": Infinity,
      "fcf_margin_change": 0.08488814130442363
    }
  ],
  "signals": [
    {
      "quarter": "2025-09 (Q3)",
      "signal": "FCF MARGIN EXPANSION",
      "detail": "FCF margin: +11.4% -> +19.8% (+8.5%)",
      "severity": "MEDIUM"
    },
    {
      "quarter": "2025-09 (Q3)",
      "signal": "YoY REVENUE GROWTH ACCELERATION",
      "detail": "YoY growth: +14.4% vs prior quarter YoY: +4.4% (accel: +10.0%)",
      "severity": "MEDIUM"
    },
    {
      "quarter": "2025-09 (Q3)",
      "signal": "INCREMENTAL MARGIN (YoY)",
      "detail": "YoY Incr OPM: +71.7% vs year-ago OPM: +16.8%",
      "severity": "HIGH"
    },
    {
      "quarter": "2025-06 (Q2)",
      "signal": "FCF MARGIN EXPANSION",
      "detail": "FCF margin: +5.1% -> +11.4% (+6.3%)",
      "severity": "MEDIUM"
    },
    {
      "quarter": "2025-06 (Q2)",
      "signal": "OPERATING LEVERAGE",
      "detail": "Rev growth +28.6% vs OpEx growth +11.0% (leverage: 2.6x)",
      "severity": "MEDIUM"
    },
    {
      "quarter": "2025-06 (Q2)",
      "signal": "GROSS MARGIN INFLECTION",
      "detail": "GM: +29.0% -> +22.3% -> +29.7% (reversal +7.4%)",
      "severity": "HIGH"
    },
    {
      "quarter": "2025-03 (Q1)",
      "signal": "INCREMENTAL MARGIN (YoY)",
      "detail": "YoY Incr OPM: +60.2% vs year-ago OPM: +11.2%",
      "severity": "HIGH"
    },
    {
      "quarter": "2024-12 (Q4)",
      "signal": "YoY REVENUE GROWTH ACCELERATION",
      "detail": "YoY growth: +1.1% vs prior quarter YoY: -8.3% (accel: +9.4%)",
      "severity": "MEDIUM"
    },
    {
      "quarter": "2024-12 (Q4)",
      "signal": "INCREMENTAL MARGIN (YoY)",
      "detail": "YoY Incr OPM: +159.3% vs year-ago OPM: +20.2%",
      "severity": "HIGH"
    },
    {
      "quarter": "2024-09 (Q3)",
      "signal": "FCF MARGIN EXPANSION",
      "detail": "FCF margin: +0.5% -> +24.9% (+24.4%)",
      "severity": "MEDIUM"
    },
    {
      "quarter": "2024-09 (Q3)",
      "signal": "INCREMENTAL MARGIN (YoY)",
      "detail": "YoY Incr OPM: +45.0% vs year-ago OPM: +19.2%",
      "severity": "HIGH"
    },
    {
      "quarter": "2024-06 (Q2)",
      "signal": "OPERATING LEVERAGE",
      "detail": "Rev growth +30.3% vs OpEx growth +5.0% (leverage: 6.1x)",
      "severity": "MEDIUM"
    },
    {
      "quarter": "2024-06 (Q2)",
      "signal": "GROSS MARGIN INFLECTION",
      "detail": "GM: +25.7% -> +19.7% -> +29.4% (reversal +9.7%)",
      "severity": "HIGH"
    },
    {
      "quarter": "2024-03 (Q1)",
      "signal": "YoY REVENUE GROWTH DECELERATION",
      "detail": "YoY growth: -6.3% vs prior quarter YoY: +5.9% (decel: -12.2%)",
      "severity": "WARNING"
    },
    {
      "quarter": "2023-12 (Q4)",
      "signal": "INCREMENTAL MARGIN (YoY)",
      "detail": "YoY Incr OPM: +174.4% vs year-ago OPM: +11.1%",
      "severity": "HIGH"
    },
    {
      "quarter": "2023-09 (Q3)",
      "signal": "INCREMENTAL MARGIN (YoY)",
      "detail": "YoY Incr OPM: +116.4% vs year-ago OPM: +14.6%",
      "severity": "HIGH"
    },
    {
      "quarter": "2023-06 (Q2)",
      "signal": "OPERATING LEVERAGE",
      "detail": "Rev growth +28.1% vs OpEx growth +15.2% (leverage: 1.9x)",
      "severity": "MEDIUM"
    },
    {
      "quarter": "2023-06 (Q2)",
      "signal": "GROSS MARGIN INFLECTION",
      "detail": "GM: +20.2% -> +18.3% -> +27.6% (reversal +9.3%)",
      "severity": "HIGH"
    },
    {
      "quarter": "2023-06 (Q2)",
      "signal": "INCREMENTAL MARGIN (YoY)",
      "detail": "YoY Incr OPM: +90.5% vs year-ago OPM: +15.7%",
      "severity": "HIGH"
    },
    {
      "quarter": "2023-03 (Q1)",
      "signal": "INCREMENTAL MARGIN (YoY)",
      "detail": "YoY Incr OPM: +37.1% vs year-ago OPM: +9.5%",
      "severity": "HIGH"
    },
    {
      "quarter": "2022-12 (Q4)",
      "signal": "YoY REVENUE GROWTH DECELERATION",
      "detail": "YoY growth: +7.8% vs prior quarter YoY: +37.7% (decel: -29.9%)",
      "severity": "WARNING"
    },
    {
      "quarter": "2022-09 (Q3)",
      "signal": "FCF MARGIN EXPANSION",
      "detail": "FCF margin: +1.0% -> +12.6% (+11.6%)",
      "severity": "MEDIUM"
    },
    {
      "quarter": "2022-09 (Q3)",
      "signal": "YoY REVENUE GROWTH DECELERATION",
      "detail": "YoY growth: +37.7% vs prior quarter YoY: +43.6% (decel: -5.9%)",
      "severity": "WARNING"
    },
    {
      "quarter": "2022-06 (Q2)",
      "signal": "OPERATING LEVERAGE",
      "detail": "Rev growth +26.8% vs OpEx growth +13.8% (leverage: 1.9x)",
      "severity": "MEDIUM"
    },
    {
      "quarter": "2022-06 (Q2)",
      "signal": "GROSS MARGIN INFLECTION",
      "detail": "GM: +21.9% -> +17.4% -> +22.8% (reversal +5.4%)",
      "severity": "HIGH"
    },
    {
      "quarter": "2022-03 (Q1)",
      "signal": "YoY REVENUE GROWTH ACCELERATION",
      "detail": "YoY growth: +44.2% vs prior quarter YoY: +36.7% (accel: +7.5%)",
      "severity": "MEDIUM"
    },
    {
      "quarter": "2021-06 (Q2)",
      "signal": "GROSS MARGIN INFLECTION",
      "detail": "GM: +25.8% -> +21.5% -> +29.3% (reversal +7.8%)",
      "severity": "HIGH"
    }
  ],
  "data_quality": {
    "n_quarters": 20,
    "coverage": {
      "revenue": [
        20,
        20
      ],
      "gross_profit": [
        20,
        20
      ],
      "op_income": [
        20,
        20
      ],
      "fcf": [
        20,
        20
      ]
    },
    "gaps": [],
    "warnings": []
  },
  "market_cap": null,
  "source": "SEC EDGAR",
  "last_updated": "2026-02-02T20:03:35.785588"
}