{
  "ticker": "VMD",
  "name": "Viemed Healthcare, Inc.",
  "quarters": [
    {
      "date": "2020-12-31T00:00:00",
      "quarter_label": "2020-12 (Q4)",
      "revenue": 31202000,
      "gross_profit": 19178000,
      "operating_income": 5267000,
      "net_income": 5071000,
      "opex": 13911000,
      "cogs": 12024000,
      "rd": 395000,
      "sga": 12274000,
      "fcf": 951000,
      "ocf": 5791000,
      "capex": -4840000,
      "gross_margin": 0.6146400871738991,
      "op_margin": 0.16880328184090762,
      "fcf_margin": 0.0304788154605474
    },
    {
      "date": "2021-03-31T00:00:00",
      "quarter_label": "2021-03 (Q1)",
      "revenue": 28416000,
      "gross_profit": 17742000,
      "operating_income": 1332000,
      "net_income": 1684000,
      "opex": 16410000,
      "cogs": 10674000,
      "rd": 339000,
      "sga": 14509000,
      "fcf": 2831000,
      "ocf": 4628000,
      "capex": -1797000,
      "gross_margin": 0.6243665540540541,
      "op_margin": 0.046875,
      "fcf_margin": 0.09962697072072071,
      "fcf_margin_change": 0.06914815526017332
    },
    {
      "date": "2021-06-30T00:00:00",
      "quarter_label": "2021-06 (Q2)",
      "revenue": 27399000,
      "gross_profit": 17625000,
      "operating_income": 2664000,
      "net_income": 1566000,
      "opex": 14961000,
      "cogs": 9774000,
      "rd": 583000,
      "sga": 12884000,
      "fcf": 933000,
      "ocf": 4183000,
      "capex": -3250000,
      "gross_margin": 0.6432716522500821,
      "op_margin": 0.09722982590605496,
      "fcf_margin": 0.03405233767655754,
      "fcf_margin_change": -0.06557463304416317
    },
    {
      "date": "2021-09-30T00:00:00",
      "quarter_label": "2021-09 (Q3)",
      "revenue": 29285000,
      "gross_profit": 18381000,
      "operating_income": 2919000,
      "net_income": 1789000,
      "opex": 15462000,
      "cogs": 10904000,
      "rd": 576000,
      "sga": 13260000,
      "fcf": -3005000,
      "ocf": 5028000,
      "capex": -8033000,
      "gross_margin": 0.6276592112002731,
      "op_margin": 0.09967560184394741,
      "fcf_margin": -0.10261225883558135,
      "op_leverage_ratio": 2.0555586516663378,
      "fcf_margin_change": -0.1366645965121389
    },
    {
      "date": "2021-12-31T00:00:00",
      "quarter_label": "2021-12 (Q4)",
      "revenue": 31962000,
      "gross_profit": 19662000,
      "operating_income": 4665000,
      "net_income": 4087000,
      "opex": 14997000,
      "cogs": 12300000,
      "rd": 612000,
      "sga": 14240000,
      "fcf": 1992000,
      "ocf": 8655000,
      "capex": -6663000,
      "gross_margin": 0.615168012014267,
      "op_margin": 0.1459545710531256,
      "fcf_margin": 0.06232400976159189,
      "rev_growth_yoy": 0.02435741298634703,
      "op_leverage_ratio": Infinity,
      "fcf_margin_change": 0.16493626859717325
    },
    {
      "date": "2022-03-31T00:00:00",
      "quarter_label": "2022-03 (Q1)",
      "revenue": 32255000,
      "gross_profit": 19743000,
      "operating_income": 2248000,
      "net_income": 1762000,
      "opex": 17495000,
      "cogs": 12512000,
      "rd": 632000,
      "sga": 15776000,
      "fcf": 3183000,
      "ocf": 7146000,
      "capex": -3963000,
      "gross_margin": 0.6120911486591226,
      "op_margin": 0.06969462098899395,
      "fcf_margin": 0.09868237482560843,
      "incr_op_margin_yoy": 0.23860380307371712,
      "rev_growth_yoy": 0.13509994369369369,
      "rev_growth_yoy_accel": 0.11074253070734666,
      "fcf_margin_change": 0.03635836506401654
    },
    {
      "date": "2022-06-30T00:00:00",
      "quarter_label": "2022-06 (Q2)",
      "revenue": 33310000,
      "gross_profit": 20390000,
      "operating_income": 1001000,
      "net_income": 967000,
      "opex": 19389000,
      "cogs": 12920000,
      "rd": 672000,
      "sga": 17536000,
      "fcf": -2080000,
      "ocf": 4946000,
      "capex": -7026000,
      "gross_margin": 0.6121284899429601,
      "op_margin": 0.030051035725007506,
      "fcf_margin": -0.06244371059741819,
      "incr_op_margin_yoy": -0.28133987480967687,
      "rev_growth_yoy": 0.21573780064965875,
      "rev_growth_yoy_accel": 0.08063785695596506,
      "op_leverage_ratio": 0.3021268937127697,
      "fcf_margin_change": -0.16112608542302662
    },
    {
      "date": "2022-09-30T00:00:00",
      "quarter_label": "2022-09 (Q3)",
      "revenue": 35759000,
      "gross_profit": 21651000,
      "operating_income": 1469000,
      "net_income": 1055000,
      "opex": 20182000,
      "cogs": 14108000,
      "rd": 670000,
      "sga": 17677000,
      "fcf": 1635000,
      "ocf": 7972000,
      "capex": -6337000,
      "gross_margin": 0.605469951620571,
      "op_margin": 0.041080567129953297,
      "fcf_margin": 0.045722755110601525,
      "incr_op_margin_yoy": -0.2239728143342601,
      "rev_growth_yoy": 0.22106880655625746,
      "rev_growth_yoy_accel": 0.0053310059065987125,
      "op_leverage_ratio": 1.7976137268345092,
      "fcf_margin_change": 0.10816646570801972
    },
    {
      "date": "2022-12-31T00:00:00",
      "quarter_label": "2022-12 (Q4)",
      "revenue": 37508000,
      "gross_profit": 22896000,
      "operating_income": 3534000,
      "net_income": 2438000,
      "opex": 19362000,
      "cogs": 14612000,
      "rd": 722000,
      "sga": 17172000,
      "fcf": 2112000,
      "ocf": 7684000,
      "capex": -5572000,
      "gross_margin": 0.6104297749813373,
      "op_margin": 0.09421989975471899,
      "fcf_margin": 0.05630798762930575,
      "incr_op_margin_yoy": -0.20393076090876308,
      "rev_growth_yoy": 0.1735185532820224,
      "rev_growth_yoy_accel": -0.047550253274235066,
      "op_leverage_ratio": Infinity,
      "fcf_margin_change": 0.010585232518704225
    },
    {
      "date": "2023-03-31T00:00:00",
      "quarter_label": "2023-03 (Q1)",
      "revenue": 39556000,
      "gross_profit": 24004000,
      "operating_income": 1934000,
      "net_income": 1517000,
      "opex": 22070000,
      "cogs": 15552000,
      "rd": 780000,
      "sga": 19762000,
      "fcf": 5815000,
      "ocf": 10496000,
      "capex": -4681000,
      "gross_margin": 0.606835878248559,
      "op_margin": 0.0488927090706846,
      "fcf_margin": 0.14700677520477298,
      "incr_op_margin_yoy": -0.04300780714970552,
      "rev_growth_yoy": 0.22635250348783134,
      "rev_growth_yoy_accel": 0.052833950205808944,
      "op_leverage_ratio": 0.39039801494243515,
      "fcf_margin_change": 0.09069878757546723
    },
    {
      "date": "2023-06-30T00:00:00",
      "quarter_label": "2023-06 (Q2)",
      "revenue": 43311000,
      "gross_profit": 26106000,
      "operating_income": 2901000,
      "net_income": 2330000,
      "opex": 23205000,
      "cogs": 17205000,
      "rd": 758000,
      "sga": 20563000,
      "fcf": 1545000,
      "ocf": 7623000,
      "capex": -6078000,
      "gross_margin": 0.6027568054304911,
      "op_margin": 0.06698067465539932,
      "fcf_margin": 0.03567223107293759,
      "incr_op_margin_yoy": 0.18998100189981001,
      "rev_growth_yoy": 0.3002401681176824,
      "rev_growth_yoy_accel": 0.07388766462985105,
      "op_leverage_ratio": 1.8458824671919987,
      "fcf_margin_change": -0.11133454413183538
    },
    {
      "date": "2023-09-30T00:00:00",
      "quarter_label": "2023-09 (Q3)",
      "revenue": 49402000,
      "gross_profit": 30562000,
      "operating_income": 4206000,
      "net_income": 2919000,
      "opex": 26356000,
      "cogs": 18840000,
      "rd": 593000,
      "sga": 23654000,
      "fcf": 6407000,
      "ocf": 13809000,
      "capex": -7402000,
      "gross_margin": 0.6186389215011538,
      "op_margin": 0.08513825351200356,
      "fcf_margin": 0.12969110562325412,
      "incr_op_margin_yoy": 0.20061570035915854,
      "rev_growth_yoy": 0.3815263290360469,
      "rev_growth_yoy_accel": 0.08128616091836449,
      "op_leverage_ratio": 1.0356751547290017,
      "fcf_margin_change": 0.09401887455031652
    },
    {
      "date": "2023-12-31T00:00:00",
      "quarter_label": "2023-12 (Q4)",
      "revenue": 50739000,
      "gross_profit": 32111000,
      "operating_income": 5289000,
      "net_income": 3477000,
      "opex": 26822000,
      "cogs": 18628000,
      "rd": 651000,
      "sga": 23905000,
      "fcf": 5352000,
      "ocf": 13284000,
      "capex": -7932000,
      "gross_margin": 0.6328662370168904,
      "op_margin": 0.10423934251759003,
      "fcf_margin": 0.10548099095370425,
      "incr_op_margin_yoy": 0.132643035295896,
      "rev_growth_yoy": 0.3527514130318865,
      "rev_growth_yoy_accel": -0.028774916004160378,
      "op_leverage_ratio": 1.5306660796169398,
      "fcf_margin_change": -0.024210114669549865
    },
    {
      "date": "2024-03-31T00:00:00",
      "quarter_label": "2024-03 (Q1)",
      "revenue": 50593000,
      "gross_profit": 29802000,
      "operating_income": 2204000,
      "net_income": 1603000,
      "opex": 27598000,
      "cogs": 20791000,
      "rd": 750000,
      "sga": 24814000,
      "fcf": -4831000,
      "ocf": 1175000,
      "capex": -6006000,
      "gross_margin": 0.5890538216749353,
      "op_margin": 0.04356333880181053,
      "fcf_margin": -0.09548751803609196,
      "incr_op_margin_yoy": 0.02446316933949443,
      "rev_growth_yoy": 0.2790221458185863,
      "rev_growth_yoy_accel": -0.0737292672133002,
      "fcf_margin_change": -0.2009685089897962
    },
    {
      "date": "2024-06-30T00:00:00",
      "quarter_label": "2024-06 (Q2)",
      "revenue": 54965000,
      "gross_profit": 32892000,
      "operating_income": 3616000,
      "net_income": 1468000,
      "opex": 29276000,
      "cogs": 22073000,
      "rd": 758000,
      "sga": 26503000,
      "fcf": 1248000,
      "ocf": 10182000,
      "capex": -8934000,
      "gross_margin": 0.5984171745656327,
      "op_margin": 0.06578731920312926,
      "fcf_margin": 0.022705357955062313,
      "incr_op_margin_yoy": 0.06135232538184315,
      "rev_growth_yoy": 0.2690771397566438,
      "rev_growth_yoy_accel": -0.009945006061942485,
      "op_leverage_ratio": 1.4212660256980343,
      "fcf_margin_change": 0.11819287599115427
    },
    {
      "date": "2024-09-30T00:00:00",
      "quarter_label": "2024-09 (Q3)",
      "revenue": 58004000,
      "gross_profit": 34371000,
      "operating_income": 5628000,
      "net_income": 3878000,
      "opex": 28743000,
      "cogs": 23633000,
      "rd": 757000,
      "sga": 26671000,
      "fcf": 1743000,
      "ocf": 12745000,
      "capex": -11002000,
      "gross_margin": 0.592562581890904,
      "op_margin": 0.0970277911868147,
      "fcf_margin": 0.0300496517481553,
      "incr_op_margin_yoy": 0.1653103929318763,
      "rev_growth_yoy": 0.17412250516173433,
      "rev_growth_yoy_accel": -0.09495463459490949,
      "op_leverage_ratio": Infinity,
      "fcf_margin_change": 0.007344293793092985
    },
    {
      "date": "2024-12-31T00:00:00",
      "quarter_label": "2024-12 (Q4)",
      "revenue": 60695000,
      "gross_profit": 36138000,
      "operating_income": 6452000,
      "net_income": 4316000,
      "opex": 29686000,
      "cogs": 24557000,
      "rd": 803000,
      "sga": 28211000,
      "fcf": 3158000,
      "ocf": 14987000,
      "capex": -11829000,
      "gross_margin": 0.5954032457368811,
      "op_margin": 0.1063020018123404,
      "fcf_margin": 0.052030645028420794,
      "incr_op_margin_yoy": 0.1168139815186822,
      "rev_growth_yoy": 0.1962198703167189,
      "rev_growth_yoy_accel": 0.02209736515498456,
      "op_leverage_ratio": 1.4140870856677672,
      "fcf_margin_change": 0.021980993280265496
    },
    {
      "date": "2025-03-31T00:00:00",
      "quarter_label": "2025-03 (Q1)",
      "revenue": 59129000,
      "gross_profit": 33279000,
      "operating_income": 3841000,
      "net_income": 2625000,
      "opex": 29438000,
      "cogs": 25850000,
      "rd": 797000,
      "sga": 28425000,
      "fcf": -12629000,
      "ocf": 2854000,
      "capex": -15483000,
      "gross_margin": 0.5628202743154798,
      "op_margin": 0.06495966446244651,
      "fcf_margin": -0.21358385902010857,
      "incr_op_margin_yoy": 0.19177600749765697,
      "rev_growth_yoy": 0.16871899274603205,
      "rev_growth_yoy_accel": -0.027500877570686838,
      "fcf_margin_change": -0.2656145040485294
    },
    {
      "date": "2025-06-30T00:00:00",
      "quarter_label": "2025-06 (Q2)",
      "revenue": 63056000,
      "gross_profit": 36731000,
      "operating_income": 5095000,
      "net_income": 3157000,
      "opex": 31636000,
      "cogs": 26325000,
      "rd": 847000,
      "sga": 28803000,
      "fcf": 4125000,
      "ocf": 12254000,
      "capex": -8129000,
      "gross_margin": 0.5825139558487693,
      "op_margin": 0.08080119259071301,
      "fcf_margin": 0.06541804110631819,
      "incr_op_margin_yoy": 0.1827956989247312,
      "rev_growth_yoy": 0.1472027653961612,
      "rev_growth_yoy_accel": -0.021516227349870853,
      "op_leverage_ratio": 0.8894898156928397,
      "fcf_margin_change": 0.2790019001264268
    },
    {
      "date": "2025-09-30T00:00:00",
      "quarter_label": "2025-09 (Q3)",
      "revenue": 71914000,
      "gross_profit": 41345000,
      "operating_income": 5642000,
      "net_income": 3513000,
      "opex": 35703000,
      "cogs": 30569000,
      "rd": 775000,
      "sga": 31919000,
      "fcf": 10731000,
      "ocf": 18367000,
      "capex": -7636000,
      "gross_margin": 0.5749228244848013,
      "op_margin": 0.07845482103623773,
      "fcf_margin": 0.1492199015490725,
      "incr_op_margin_yoy": 0.00100647016534867,
      "rev_growth_yoy": 0.23981104751396456,
      "rev_growth_yoy_accel": 0.09260828211780336,
      "op_leverage_ratio": 1.0927395271551175,
      "fcf_margin_change": 0.08380186044275431
    }
  ],
  "signals": [
    {
      "quarter": "2025-09 (Q3)",
      "signal": "FCF MARGIN EXPANSION",
      "detail": "FCF margin: +6.5% -> +14.9% (+8.4%)",
      "severity": "MEDIUM"
    },
    {
      "quarter": "2025-09 (Q3)",
      "signal": "YoY REVENUE GROWTH ACCELERATION",
      "detail": "YoY growth: +24.0% vs prior quarter YoY: +14.7% (accel: +9.3%)",
      "severity": "MEDIUM"
    },
    {
      "quarter": "2025-06 (Q2)",
      "signal": "FCF TURNED POSITIVE",
      "detail": "FCF margin: -21.4% -> +6.5%",
      "severity": "HIGH"
    },
    {
      "quarter": "2025-06 (Q2)",
      "signal": "INCREMENTAL MARGIN (YoY)",
      "detail": "YoY Incr OPM: +18.3% vs year-ago OPM: +6.6%",
      "severity": "MEDIUM"
    },
    {
      "quarter": "2025-03 (Q1)",
      "signal": "INCREMENTAL MARGIN (YoY)",
      "detail": "YoY Incr OPM: +19.2% vs year-ago OPM: +4.4%",
      "severity": "MEDIUM"
    },
    {
      "quarter": "2024-09 (Q3)",
      "signal": "YoY REVENUE GROWTH DECELERATION",
      "detail": "YoY growth: +17.4% vs prior quarter YoY: +26.9% (decel: -9.5%)",
      "severity": "WARNING"
    },
    {
      "quarter": "2024-06 (Q2)",
      "signal": "FCF TURNED POSITIVE",
      "detail": "FCF margin: -9.5% -> +2.3%",
      "severity": "HIGH"
    },
    {
      "quarter": "2024-03 (Q1)",
      "signal": "YoY REVENUE GROWTH DECELERATION",
      "detail": "YoY growth: +27.9% vs prior quarter YoY: +35.3% (decel: -7.4%)",
      "severity": "WARNING"
    },
    {
      "quarter": "2023-12 (Q4)",
      "signal": "OPERATING LEVERAGE",
      "detail": "Rev growth +2.7% vs OpEx growth +1.8% (leverage: 1.5x)",
      "severity": "MEDIUM"
    },
    {
      "quarter": "2023-09 (Q3)",
      "signal": "FCF MARGIN EXPANSION",
      "detail": "FCF margin: +3.6% -> +13.0% (+9.4%)",
      "severity": "MEDIUM"
    },
    {
      "quarter": "2023-09 (Q3)",
      "signal": "YoY REVENUE GROWTH ACCELERATION",
      "detail": "YoY growth: +38.2% vs prior quarter YoY: +30.0% (accel: +8.1%)",
      "severity": "MEDIUM"
    },
    {
      "quarter": "2023-09 (Q3)",
      "signal": "INCREMENTAL MARGIN (YoY)",
      "detail": "YoY Incr OPM: +20.1% vs year-ago OPM: +4.1%",
      "severity": "MEDIUM"
    },
    {
      "quarter": "2023-06 (Q2)",
      "signal": "OPERATING LEVERAGE",
      "detail": "Rev growth +9.5% vs OpEx growth +5.1% (leverage: 1.8x)",
      "severity": "MEDIUM"
    },
    {
      "quarter": "2023-06 (Q2)",
      "signal": "YoY REVENUE GROWTH ACCELERATION",
      "detail": "YoY growth: +30.0% vs prior quarter YoY: +22.6% (accel: +7.4%)",
      "severity": "MEDIUM"
    },
    {
      "quarter": "2023-06 (Q2)",
      "signal": "INCREMENTAL MARGIN (YoY)",
      "detail": "YoY Incr OPM: +19.0% vs year-ago OPM: +3.0%",
      "severity": "MEDIUM"
    },
    {
      "quarter": "2023-03 (Q1)",
      "signal": "FCF MARGIN EXPANSION",
      "detail": "FCF margin: +5.6% -> +14.7% (+9.1%)",
      "severity": "MEDIUM"
    },
    {
      "quarter": "2023-03 (Q1)",
      "signal": "YoY REVENUE GROWTH ACCELERATION",
      "detail": "YoY growth: +22.6% vs prior quarter YoY: +17.4% (accel: +5.3%)",
      "severity": "MEDIUM"
    },
    {
      "quarter": "2022-09 (Q3)",
      "signal": "FCF TURNED POSITIVE",
      "detail": "FCF margin: -6.2% -> +4.6%",
      "severity": "HIGH"
    },
    {
      "quarter": "2022-09 (Q3)",
      "signal": "OPERATING LEVERAGE",
      "detail": "Rev growth +7.4% vs OpEx growth +4.1% (leverage: 1.8x)",
      "severity": "MEDIUM"
    },
    {
      "quarter": "2022-06 (Q2)",
      "signal": "YoY REVENUE GROWTH ACCELERATION",
      "detail": "YoY growth: +21.6% vs prior quarter YoY: +13.5% (accel: +8.1%)",
      "severity": "MEDIUM"
    },
    {
      "quarter": "2022-03 (Q1)",
      "signal": "YoY REVENUE GROWTH ACCELERATION",
      "detail": "YoY growth: +13.5% vs prior quarter YoY: +2.4% (accel: +11.1%)",
      "severity": "MEDIUM"
    },
    {
      "quarter": "2022-03 (Q1)",
      "signal": "INCREMENTAL MARGIN (YoY)",
      "detail": "YoY Incr OPM: +23.9% vs year-ago OPM: +4.7%",
      "severity": "MEDIUM"
    },
    {
      "quarter": "2021-12 (Q4)",
      "signal": "FCF TURNED POSITIVE",
      "detail": "FCF margin: -10.3% -> +6.2%",
      "severity": "HIGH"
    },
    {
      "quarter": "2021-09 (Q3)",
      "signal": "OPERATING LEVERAGE",
      "detail": "Rev growth +6.9% vs OpEx growth +3.3% (leverage: 2.1x)",
      "severity": "MEDIUM"
    },
    {
      "quarter": "2021-03 (Q1)",
      "signal": "FCF MARGIN EXPANSION",
      "detail": "FCF margin: +3.0% -> +10.0% (+6.9%)",
      "severity": "MEDIUM"
    }
  ],
  "data_quality": {
    "n_quarters": 20,
    "coverage": {
      "revenue": [
        20,
        20
      ],
      "gross_profit": [
        20,
        20
      ],
      "op_income": [
        20,
        20
      ],
      "fcf": [
        20,
        20
      ]
    },
    "gaps": [],
    "warnings": []
  },
  "market_cap": null,
  "source": "SEC EDGAR",
  "last_updated": "2026-02-02T22:47:58.552417"
}