{
  "ticker": "VMI",
  "name": "Valmont Industries, Inc.",
  "quarters": [
    {
      "date": "2021-03-27T00:00:00",
      "quarter_label": "2021-03 (Q1)",
      "revenue": 774886000,
      "gross_profit": 204554000,
      "operating_income": 77211000,
      "net_income": null,
      "opex": 127343000,
      "cogs": 570332000,
      "rd": null,
      "sga": 127343000,
      "fcf": 5588000,
      "ocf": 33153000,
      "capex": -27565000,
      "gross_margin": 0.2639794756906177,
      "op_margin": 0.09964175375474586,
      "fcf_margin": 0.007211383351873695
    },
    {
      "date": "2021-06-26T00:00:00",
      "quarter_label": "2021-06 (Q2)",
      "revenue": 894629000,
      "gross_profit": 229647000,
      "operating_income": 82625000,
      "net_income": null,
      "opex": 147022000,
      "cogs": 664982000,
      "rd": null,
      "sga": 147022000,
      "fcf": 15773000,
      "ocf": 37032000,
      "capex": -21259000,
      "gross_margin": 0.25669523344313677,
      "op_margin": 0.09235671993642057,
      "fcf_margin": 0.01763077208541194,
      "op_leverage_ratio": 0.9999640143181616,
      "fcf_margin_change": 0.010419388733538246
    },
    {
      "date": "2021-09-25T00:00:00",
      "quarter_label": "2021-09 (Q3)",
      "revenue": 868782000,
      "gross_profit": 227404000,
      "operating_income": 76195000,
      "net_income": null,
      "opex": 151209000,
      "cogs": 641378000,
      "rd": null,
      "sga": 151209000,
      "fcf": -40041000,
      "ocf": -8356000,
      "capex": -31685000,
      "gross_margin": 0.26175035854794415,
      "op_margin": 0.08770324431215196,
      "fcf_margin": -0.046088662057915564,
      "fcf_margin_change": -0.06371943414332751
    },
    {
      "date": "2021-12-25T00:00:00",
      "quarter_label": "2021-12 (Q4)",
      "revenue": 963278000,
      "gross_profit": 222284000,
      "operating_income": 50754000,
      "net_income": null,
      "opex": 171530000,
      "cogs": 740994000,
      "rd": null,
      "sga": 165034000,
      "fcf": -23172000,
      "ocf": 4109000,
      "capex": -27281000,
      "gross_margin": 0.2307578912837208,
      "op_margin": 0.05268883956656334,
      "fcf_margin": -0.02405536096537033,
      "op_leverage_ratio": 0.8093477735753859,
      "fcf_margin_change": 0.022033301092545234
    },
    {
      "date": "2022-03-26T00:00:00",
      "quarter_label": "2022-03 (Q1)",
      "revenue": 980820000,
      "gross_profit": 249186000,
      "operating_income": 94842000,
      "net_income": null,
      "opex": 154344000,
      "cogs": 731634000,
      "rd": null,
      "sga": 154344000,
      "fcf": -24392000,
      "ocf": 2703000,
      "capex": -27095000,
      "gross_margin": 0.2540588487184193,
      "op_margin": 0.09669664158561204,
      "fcf_margin": -0.024868987173997267,
      "incr_op_margin_yoy": 0.08561480862800704,
      "rev_growth_yoy": 0.26576038281760156,
      "op_leverage_ratio": Infinity,
      "fcf_margin_change": -0.0008136262086269365
    },
    {
      "date": "2022-06-25T00:00:00",
      "quarter_label": "2022-06 (Q2)",
      "revenue": 1135532000,
      "gross_profit": 292601000,
      "operating_income": 118719000,
      "net_income": null,
      "opex": 173882000,
      "cogs": 842931000,
      "rd": null,
      "sga": 173882000,
      "fcf": 42735000,
      "ocf": 65316000,
      "capex": -22581000,
      "gross_margin": 0.25767745867135405,
      "op_margin": 0.10454923331090625,
      "fcf_margin": 0.037634342317081335,
      "incr_op_margin_yoy": 0.14982793904600608,
      "rev_growth_yoy": 0.26927698520839366,
      "rev_growth_yoy_accel": 0.0035166023907921007,
      "op_leverage_ratio": 1.24607543197517,
      "fcf_margin_change": 0.0625033294910786
    },
    {
      "date": "2022-09-24T00:00:00",
      "quarter_label": "2022-09 (Q3)",
      "revenue": 1097382000,
      "gross_profit": 285478000,
      "operating_income": 109972000,
      "net_income": null,
      "opex": 175506000,
      "cogs": 811904000,
      "rd": null,
      "sga": 175506000,
      "fcf": 98261000,
      "ocf": 115707000,
      "capex": -17446000,
      "gross_margin": 0.26014459869033757,
      "op_margin": 0.10021305251954196,
      "fcf_margin": 0.08954129008859267,
      "incr_op_margin_yoy": 0.14775590551181103,
      "rev_growth_yoy": 0.26312699848753773,
      "rev_growth_yoy_accel": -0.006149986720855927,
      "fcf_margin_change": 0.051906947771511336
    },
    {
      "date": "2022-12-24T00:00:00",
      "quarter_label": "2022-12 (Q4)",
      "revenue": 1131516000,
      "gross_profit": null,
      "operating_income": 109716000,
      "net_income": null,
      "opex": null,
      "cogs": null,
      "rd": null,
      "sga": null,
      "fcf": null,
      "ocf": null,
      "capex": null,
      "gross_margin": null,
      "op_margin": 0.09696371947016215,
      "fcf_margin": null,
      "incr_op_margin_yoy": 0.35046778967890724,
      "rev_growth_yoy": 0.17465155437994015,
      "rev_growth_yoy_accel": -0.08847544410759758
    },
    {
      "date": "2022-12-31T00:00:00",
      "quarter_label": "2022-12 (Q4)",
      "revenue": 1131516000,
      "gross_profit": 298959000,
      "operating_income": 109716000,
      "net_income": null,
      "opex": 189243000,
      "cogs": 832557000,
      "rd": null,
      "sga": 189243000,
      "fcf": 116373000,
      "ocf": 142539000,
      "capex": -26166000,
      "gross_margin": 0.2642110230876099,
      "op_margin": 0.09696371947016215,
      "fcf_margin": 0.10284697697602155,
      "incr_op_margin_yoy": 0.35046778967890724,
      "rev_growth_yoy": 0.17465155437994015,
      "rev_growth_yoy_accel": 0.0
    },
    {
      "date": "2023-04-01T00:00:00",
      "quarter_label": "2023-04 (Q2)",
      "revenue": 1062481000,
      "gross_profit": 308585000,
      "operating_income": 118466000,
      "net_income": 74540000,
      "opex": 190119000,
      "cogs": 753896000,
      "rd": null,
      "sga": 190119000,
      "fcf": -1162000,
      "ocf": 21199000,
      "capex": -22361000,
      "gross_margin": 0.29043813489370635,
      "op_margin": 0.11149940563643021,
      "fcf_margin": -0.0010936666161559595,
      "incr_op_margin_yoy": 0.2892935428172567,
      "rev_growth_yoy": 0.08325788625843682,
      "rev_growth_yoy_accel": -0.09139366812150333,
      "fcf_margin_change": -0.1039406435921775
    },
    {
      "date": "2023-07-01T00:00:00",
      "quarter_label": "2023-07 (Q3)",
      "revenue": 1046296000,
      "gross_profit": 329397000,
      "operating_income": 133733000,
      "net_income": 89376000,
      "opex": 195664000,
      "cogs": 716899000,
      "rd": null,
      "sga": 195664000,
      "fcf": 65315000,
      "ocf": 88347000,
      "capex": -23032000,
      "gross_margin": 0.3148220006575577,
      "op_margin": 0.12781564681505042,
      "fcf_margin": 0.06242497343008097,
      "incr_op_margin_yoy": -0.16825048186830427,
      "rev_growth_yoy": -0.07858519178675721,
      "rev_growth_yoy_accel": -0.16184307804519404,
      "fcf_margin_change": 0.06351864004623693
    },
    {
      "date": "2023-09-30T00:00:00",
      "quarter_label": "2023-09 (Q3)",
      "revenue": 1050295000,
      "gross_profit": 315111000,
      "operating_income": -24190000,
      "net_income": -49028000,
      "opex": 339301000,
      "cogs": 735184000,
      "rd": null,
      "sga": 194277000,
      "fcf": 55482000,
      "ocf": 81322000,
      "capex": -25840000,
      "gross_margin": 0.30002142255271136,
      "op_margin": -0.02303162444836927,
      "fcf_margin": 0.052825158645904244,
      "incr_op_margin_yoy": 2.849236519633869,
      "rev_growth_yoy": -0.04290848583264533,
      "rev_growth_yoy_accel": 0.03567670595411188,
      "fcf_margin_change": -0.009599814784176729
    },
    {
      "date": "2023-12-30T00:00:00",
      "quarter_label": "2023-12 (Q4)",
      "revenue": 1015526000,
      "gross_profit": 282941000,
      "operating_income": 63548000,
      "net_income": 35961000,
      "opex": 219393000,
      "cogs": 732585000,
      "rd": null,
      "sga": 188363000,
      "fcf": 90369000,
      "ocf": 115907000,
      "capex": -25538000,
      "gross_margin": 0.27861522009283857,
      "op_margin": 0.06257643822019328,
      "fcf_margin": 0.0889873819084888,
      "incr_op_margin_yoy": 0.3980343133028709,
      "rev_growth_yoy": -0.10250849303058905,
      "rev_growth_yoy_accel": -0.05960000719794372,
      "fcf_margin_change": 0.03616222326258456
    },
    {
      "date": "2024-03-30T00:00:00",
      "quarter_label": "2024-03 (Q1)",
      "revenue": 977828000,
      "gross_profit": 306216000,
      "operating_income": 131553000,
      "net_income": 87822000,
      "opex": 174663000,
      "cogs": 671612000,
      "rd": null,
      "sga": 174663000,
      "fcf": 8322000,
      "ocf": 23332000,
      "capex": -15010000,
      "gross_margin": 0.31315936954147355,
      "op_margin": 0.13453593065447092,
      "fcf_margin": 0.008510699223176264,
      "incr_op_margin_yoy": -0.15459582058521257,
      "rev_growth_yoy": -0.07967483653825339,
      "rev_growth_yoy_accel": 0.022833656492335666,
      "fcf_margin_change": -0.08047668268531254
    },
    {
      "date": "2024-06-29T00:00:00",
      "quarter_label": "2024-06 (Q2)",
      "revenue": 1039737000,
      "gross_profit": 320282000,
      "operating_income": 147308000,
      "net_income": 99716000,
      "opex": 172974000,
      "cogs": 719455000,
      "rd": null,
      "sga": 172974000,
      "fcf": 112493000,
      "ocf": 130811000,
      "capex": -18318000,
      "gross_margin": 0.3080413604594239,
      "op_margin": 0.1416781359132165,
      "fcf_margin": 0.10819370667774639,
      "incr_op_margin_yoy": -2.0696752553742948,
      "rev_growth_yoy": -0.006268780536291834,
      "rev_growth_yoy_accel": 0.07340605600196155,
      "op_leverage_ratio": Infinity,
      "fcf_margin_change": 0.09968300745457012
    },
    {
      "date": "2024-09-28T00:00:00",
      "quarter_label": "2024-09 (Q3)",
      "revenue": 1020175000,
      "gross_profit": 301693000,
      "operating_income": 125735000,
      "net_income": 83068000,
      "opex": 175958000,
      "cogs": 718482000,
      "rd": null,
      "sga": 175958000,
      "fcf": 204616000,
      "ocf": 225121000,
      "capex": -20505000,
      "gross_margin": 0.2957267135540471,
      "op_margin": 0.12324846227362952,
      "fcf_margin": 0.2005695101330654,
      "incr_op_margin_yoy": -4.977589641434263,
      "rev_growth_yoy": -0.028677657229635483,
      "rev_growth_yoy_accel": -0.022408876693343648,
      "fcf_margin_change": 0.09237580345531901
    },
    {
      "date": "2024-12-28T00:00:00",
      "quarter_label": "2024-12 (Q4)",
      "revenue": 1037294000,
      "gross_profit": 313021000,
      "operating_income": 119988000,
      "net_income": 77653000,
      "opex": 193033000,
      "cogs": 724273000,
      "rd": null,
      "sga": 193033000,
      "fcf": 167796000,
      "ocf": 193414000,
      "capex": -25618000,
      "gross_margin": 0.3017669050433146,
      "op_margin": 0.1156740519081379,
      "fcf_margin": 0.16176320310345957,
      "incr_op_margin_yoy": 2.5927967658948914,
      "rev_growth_yoy": 0.02143519712936941,
      "rev_growth_yoy_accel": 0.050112854359004894,
      "op_leverage_ratio": 0.17292270475370242,
      "fcf_margin_change": -0.03880630702960583
    },
    {
      "date": "2025-03-29T00:00:00",
      "quarter_label": "2025-03 (Q1)",
      "revenue": 969314000,
      "gross_profit": 291102000,
      "operating_income": 128314000,
      "net_income": 87261000,
      "opex": 162788000,
      "cogs": 678212000,
      "rd": null,
      "sga": 162788000,
      "fcf": 34811000,
      "ocf": 65130000,
      "capex": -30319000,
      "gross_margin": 0.3003175441600967,
      "op_margin": 0.13237609278314355,
      "fcf_margin": 0.035913027151160515,
      "incr_op_margin_yoy": 0.3804322292694386,
      "rev_growth_yoy": -0.008707052774107512,
      "rev_growth_yoy_accel": -0.03014224990347692,
      "fcf_margin_change": -0.12585017595229905
    },
    {
      "date": "2025-06-28T00:00:00",
      "quarter_label": "2025-06 (Q2)",
      "revenue": 1050548000,
      "gross_profit": 321167000,
      "operating_income": 29276000,
      "net_income": -4020000,
      "opex": 291891000,
      "cogs": 729381000,
      "rd": null,
      "sga": 191670000,
      "fcf": 135622000,
      "ocf": 167609000,
      "capex": -31987000,
      "gross_margin": 0.3057137798558467,
      "op_margin": 0.02786736065367789,
      "fcf_margin": 0.12909643348043118,
      "incr_op_margin_yoy": -10.917768939043567,
      "rev_growth_yoy": 0.010397821756848126,
      "rev_growth_yoy_accel": 0.019104874530955638,
      "op_leverage_ratio": 0.1056718733194071,
      "fcf_margin_change": 0.09318340632927066
    },
    {
      "date": "2025-09-27T00:00:00",
      "quarter_label": "2025-09 (Q3)",
      "revenue": 1045980000,
      "gross_profit": 318246000,
      "operating_income": 141456000,
      "net_income": 99031000,
      "opex": 176790000,
      "cogs": 727734000,
      "rd": null,
      "sga": 176790000,
      "fcf": 70580000,
      "ocf": 112504000,
      "capex": -41924000,
      "gross_margin": 0.3042562955314633,
      "op_margin": 0.13523776745253255,
      "fcf_margin": 0.06747738962504063,
      "incr_op_margin_yoy": 0.6092230187948072,
      "rev_growth_yoy": 0.025294679834342148,
      "rev_growth_yoy_accel": 0.014896858077494022,
      "fcf_margin_change": -0.06161904385539055
    }
  ],
  "signals": [
    {
      "quarter": "2025-09 (Q3)",
      "signal": "INCREMENTAL MARGIN (YoY)",
      "detail": "YoY Incr OPM: +60.9% vs year-ago OPM: +12.3%",
      "severity": "HIGH"
    },
    {
      "quarter": "2025-06 (Q2)",
      "signal": "FCF MARGIN EXPANSION",
      "detail": "FCF margin: +3.6% -> +12.9% (+9.3%)",
      "severity": "MEDIUM"
    },
    {
      "quarter": "2025-03 (Q1)",
      "signal": "INCREMENTAL MARGIN (YoY)",
      "detail": "YoY Incr OPM: +38.0% vs year-ago OPM: +13.5%",
      "severity": "HIGH"
    },
    {
      "quarter": "2024-12 (Q4)",
      "signal": "YoY REVENUE GROWTH ACCELERATION",
      "detail": "YoY growth: +2.1% vs prior quarter YoY: -2.9% (accel: +5.0%)",
      "severity": "MEDIUM"
    },
    {
      "quarter": "2024-12 (Q4)",
      "signal": "INCREMENTAL MARGIN (YoY)",
      "detail": "YoY Incr OPM: +259.3% vs year-ago OPM: +6.3%",
      "severity": "HIGH"
    },
    {
      "quarter": "2024-09 (Q3)",
      "signal": "FCF MARGIN EXPANSION",
      "detail": "FCF margin: +10.8% -> +20.1% (+9.2%)",
      "severity": "MEDIUM"
    },
    {
      "quarter": "2024-09 (Q3)",
      "signal": "OP MARGIN TURNED POSITIVE (YoY)",
      "detail": "Op margin: -2.3% (year-ago) -> +12.3%",
      "severity": "HIGH"
    },
    {
      "quarter": "2024-06 (Q2)",
      "signal": "FCF MARGIN EXPANSION",
      "detail": "FCF margin: +0.9% -> +10.8% (+10.0%)",
      "severity": "MEDIUM"
    },
    {
      "quarter": "2024-06 (Q2)",
      "signal": "YoY REVENUE GROWTH ACCELERATION",
      "detail": "YoY growth: -0.6% vs prior quarter YoY: -8.0% (accel: +7.3%)",
      "severity": "MEDIUM"
    },
    {
      "quarter": "2024-03 (Q1)",
      "signal": "GROSS MARGIN INFLECTION",
      "detail": "GM: +30.0% -> +27.9% -> +31.3% (reversal +3.5%)",
      "severity": "MEDIUM"
    },
    {
      "quarter": "2023-12 (Q4)",
      "signal": "YoY REVENUE GROWTH DECELERATION",
      "detail": "YoY growth: -10.3% vs prior quarter YoY: -4.3% (decel: -6.0%)",
      "severity": "WARNING"
    },
    {
      "quarter": "2023-12 (Q4)",
      "signal": "INCREMENTAL MARGIN (YoY)",
      "detail": "YoY Incr OPM: +39.8% vs year-ago OPM: +9.7%",
      "severity": "HIGH"
    },
    {
      "quarter": "2023-12 (Q4)",
      "signal": "OP MARGIN TURNED POSITIVE (QoQ)",
      "detail": "Op margin: -2.3% -> +6.3%",
      "severity": "HIGH"
    },
    {
      "quarter": "2023-07 (Q3)",
      "signal": "FCF TURNED POSITIVE",
      "detail": "FCF margin: -0.1% -> +6.2%",
      "severity": "HIGH"
    },
    {
      "quarter": "2023-07 (Q3)",
      "signal": "YoY REVENUE GROWTH DECELERATION",
      "detail": "YoY growth: -7.9% vs prior quarter YoY: +8.3% (decel: -16.2%)",
      "severity": "WARNING"
    },
    {
      "quarter": "2023-04 (Q2)",
      "signal": "YoY REVENUE GROWTH DECELERATION",
      "detail": "YoY growth: +8.3% vs prior quarter YoY: +17.5% (decel: -9.1%)",
      "severity": "WARNING"
    },
    {
      "quarter": "2023-04 (Q2)",
      "signal": "INCREMENTAL MARGIN (YoY)",
      "detail": "YoY Incr OPM: +28.9% vs year-ago OPM: +9.7%",
      "severity": "MEDIUM"
    },
    {
      "quarter": "2022-12 (Q4)",
      "signal": "INCREMENTAL MARGIN (YoY)",
      "detail": "YoY Incr OPM: +35.0% vs year-ago OPM: +5.3%",
      "severity": "HIGH"
    },
    {
      "quarter": "2022-12 (Q4)",
      "signal": "YoY REVENUE GROWTH DECELERATION",
      "detail": "YoY growth: +17.5% vs prior quarter YoY: +26.3% (decel: -8.8%)",
      "severity": "WARNING"
    },
    {
      "quarter": "2022-12 (Q4)",
      "signal": "INCREMENTAL MARGIN (YoY)",
      "detail": "YoY Incr OPM: +35.0% vs year-ago OPM: +5.3%",
      "severity": "HIGH"
    },
    {
      "quarter": "2022-09 (Q3)",
      "signal": "FCF MARGIN EXPANSION",
      "detail": "FCF margin: +3.8% -> +9.0% (+5.2%)",
      "severity": "MEDIUM"
    },
    {
      "quarter": "2022-06 (Q2)",
      "signal": "FCF TURNED POSITIVE",
      "detail": "FCF margin: -2.5% -> +3.8%",
      "severity": "HIGH"
    },
    {
      "quarter": "2022-03 (Q1)",
      "signal": "GROSS MARGIN INFLECTION",
      "detail": "GM: +26.2% -> +23.1% -> +25.4% (reversal +2.3%)",
      "severity": "MEDIUM"
    }
  ],
  "data_quality": {
    "n_quarters": 20,
    "coverage": {
      "revenue": [
        20,
        20
      ],
      "gross_profit": [
        19,
        20
      ],
      "op_income": [
        20,
        20
      ],
      "fcf": [
        19,
        20
      ]
    },
    "gaps": [],
    "warnings": []
  },
  "market_cap": null,
  "source": "SEC EDGAR",
  "last_updated": "2026-02-02T20:42:37.796437"
}