{
  "ticker": "VNCE",
  "name": "Vince Holding Corp.",
  "quarters": [
    {
      "date": "2021-01-30T00:00:00",
      "quarter_label": "2021-01 (Q1)",
      "revenue": 74808000,
      "gross_profit": 27603000,
      "operating_income": -3918000,
      "net_income": -7372000,
      "opex": 31521000,
      "cogs": 47205000,
      "rd": null,
      "sga": 31521000,
      "fcf": 13064000,
      "ocf": 13064000,
      "capex": null,
      "gross_margin": 0.36898460057747834,
      "op_margin": -0.05237407763875521,
      "fcf_margin": 0.1746337290129398
    },
    {
      "date": "2021-05-01T00:00:00",
      "quarter_label": "2021-05 (Q2)",
      "revenue": 57533000,
      "gross_profit": 25483000,
      "operating_income": -7101000,
      "net_income": -11622000,
      "opex": 32584000,
      "cogs": 32050000,
      "rd": null,
      "sga": 32584000,
      "fcf": -2794000,
      "ocf": -2794000,
      "capex": null,
      "gross_margin": 0.44292840630594615,
      "op_margin": -0.12342481706151252,
      "fcf_margin": -0.04856343316009942,
      "fcf_margin_change": -0.22319716217303923
    },
    {
      "date": "2021-07-31T00:00:00",
      "quarter_label": "2021-07 (Q3)",
      "revenue": 78673000,
      "gross_profit": 35378000,
      "operating_income": 2635000,
      "net_income": -590000,
      "opex": 32743000,
      "cogs": 43295000,
      "rd": null,
      "sga": 32743000,
      "fcf": 2504000,
      "ocf": 2504000,
      "capex": null,
      "gross_margin": 0.4496841355992526,
      "op_margin": 0.03349306623619285,
      "fcf_margin": 0.03182794605519047,
      "op_leverage_ratio": 75.300044918164,
      "fcf_margin_change": 0.0803913792152899
    },
    {
      "date": "2021-10-30T00:00:00",
      "quarter_label": "2021-10 (Q4)",
      "revenue": 87450000,
      "gross_profit": 42133000,
      "operating_income": 3134000,
      "net_income": 2215000,
      "opex": 38999000,
      "cogs": 45317000,
      "rd": null,
      "sga": 38999000,
      "fcf": -3958000,
      "ocf": -3958000,
      "capex": null,
      "gross_margin": 0.48179531160663236,
      "op_margin": 0.03583762149799886,
      "fcf_margin": -0.04526014865637507,
      "op_leverage_ratio": 0.5839048938298553,
      "fcf_margin_change": -0.07708809471156555
    },
    {
      "date": "2022-01-29T00:00:00",
      "quarter_label": "2022-01 (Q1)",
      "revenue": 99027000,
      "gross_profit": 43576000,
      "operating_income": 1815000,
      "net_income": -2707000,
      "opex": 41761000,
      "cogs": 55451000,
      "rd": null,
      "sga": 41761000,
      "fcf": 4027000,
      "ocf": 4027000,
      "capex": null,
      "gross_margin": 0.4400416048148485,
      "op_margin": 0.0183283346965979,
      "fcf_margin": 0.040665677037575614,
      "incr_op_margin_yoy": 0.23671497584541062,
      "rev_growth_yoy": 0.3237487969201155,
      "op_leverage_ratio": 1.8692440906544714,
      "fcf_margin_change": 0.08592582569395069
    },
    {
      "date": "2022-04-30T00:00:00",
      "quarter_label": "2022-04 (Q2)",
      "revenue": 78376000,
      "gross_profit": 35635000,
      "operating_income": -5285000,
      "net_income": -7169000,
      "opex": 40920000,
      "cogs": 42741000,
      "rd": null,
      "sga": 40920000,
      "fcf": -4408000,
      "ocf": -4408000,
      "capex": null,
      "gross_margin": 0.454667245075023,
      "op_margin": -0.06743135653771563,
      "fcf_margin": -0.056241706644891296,
      "incr_op_margin_yoy": 0.08712757280621791,
      "rev_growth_yoy": 0.36227903985538734,
      "rev_growth_yoy_accel": 0.03853024293527185,
      "fcf_margin_change": -0.0969073836824669
    },
    {
      "date": "2022-07-30T00:00:00",
      "quarter_label": "2022-07 (Q3)",
      "revenue": 89194000,
      "gross_profit": 36372000,
      "operating_income": -5204000,
      "net_income": -14989000,
      "opex": 41576000,
      "cogs": 52822000,
      "rd": null,
      "sga": 39010000,
      "fcf": -15548000,
      "ocf": -15548000,
      "capex": null,
      "gross_margin": 0.40778527703657197,
      "op_margin": -0.05834473170841088,
      "fcf_margin": -0.1743166580711707,
      "incr_op_margin_yoy": -0.7450812660393499,
      "rev_growth_yoy": 0.13373075896432066,
      "rev_growth_yoy_accel": -0.22854828089106669,
      "op_leverage_ratio": 8.609851634522265,
      "fcf_margin_change": -0.1180749514262794
    },
    {
      "date": "2022-10-29T00:00:00",
      "quarter_label": "2022-10 (Q4)",
      "revenue": 98564000,
      "gross_profit": 29803000,
      "operating_income": -9395000,
      "net_income": -5236000,
      "opex": 39198000,
      "cogs": 68761000,
      "rd": null,
      "sga": 39198000,
      "fcf": -8930000,
      "ocf": -8930000,
      "capex": null,
      "gross_margin": 0.3023720628221257,
      "op_margin": -0.09531877764701108,
      "fcf_margin": -0.09060103080232133,
      "incr_op_margin_yoy": -1.1273168976066223,
      "rev_growth_yoy": 0.1270897655803316,
      "rev_growth_yoy_accel": -0.006640993383989047,
      "op_leverage_ratio": Infinity,
      "fcf_margin_change": 0.08371562726884936
    },
    {
      "date": "2023-01-28T00:00:00",
      "quarter_label": "2023-01 (Q1)",
      "revenue": 91308000,
      "gross_profit": 36160000,
      "operating_income": -5538000,
      "net_income": -10952000,
      "opex": 41698000,
      "cogs": 55148000,
      "rd": null,
      "sga": 42304000,
      "fcf": 9625000,
      "ocf": 9625000,
      "capex": null,
      "gross_margin": 0.3960222543479213,
      "op_margin": -0.06065185963990012,
      "fcf_margin": 0.10541245016865992,
      "incr_op_margin_yoy": 0.9525845316750875,
      "rev_growth_yoy": -0.07794843830470478,
      "rev_growth_yoy_accel": -0.2050382038850364,
      "fcf_margin_change": 0.19601348097098126
    },
    {
      "date": "2023-04-29T00:00:00",
      "quarter_label": "2023-04 (Q2)",
      "revenue": 64056000,
      "gross_profit": 29592000,
      "operating_income": -2376000,
      "net_income": -381000,
      "opex": 31968000,
      "cogs": 34464000,
      "rd": null,
      "sga": 32733000,
      "fcf": 5278000,
      "ocf": 5278000,
      "capex": null,
      "gross_margin": 0.46197077557137506,
      "op_margin": -0.03709254402397902,
      "fcf_margin": 0.08239665292868739,
      "incr_op_margin_yoy": -0.20314245810055867,
      "rev_growth_yoy": -0.1827089925487394,
      "rev_growth_yoy_accel": -0.10476055424403462,
      "fcf_margin_change": -0.023015797239972532
    },
    {
      "date": "2023-07-29T00:00:00",
      "quarter_label": "2023-07 (Q3)",
      "revenue": 69447000,
      "gross_profit": 32348000,
      "operating_income": 32850000,
      "net_income": 29512000,
      "opex": -502000,
      "cogs": 37099000,
      "rd": null,
      "sga": 31541000,
      "fcf": -25438000,
      "ocf": -25438000,
      "capex": null,
      "gross_margin": 0.46579405877863694,
      "op_margin": 0.4730225927685861,
      "fcf_margin": -0.3662937203910896,
      "incr_op_margin_yoy": -1.9270775307641668,
      "rev_growth_yoy": -0.2213938157275153,
      "rev_growth_yoy_accel": -0.03868482317877589,
      "op_leverage_ratio": Infinity,
      "fcf_margin_change": -0.448690373319777
    },
    {
      "date": "2023-10-28T00:00:00",
      "quarter_label": "2023-10 (Q4)",
      "revenue": 84076000,
      "gross_profit": 37185000,
      "operating_income": 2829000,
      "net_income": 983000,
      "opex": 34356000,
      "cogs": 46891000,
      "rd": null,
      "sga": 34356000,
      "fcf": 7039000,
      "ocf": 7039000,
      "capex": null,
      "gross_margin": 0.4422784147675912,
      "op_margin": 0.033648127884295165,
      "fcf_margin": 0.08372187068842477,
      "incr_op_margin_yoy": -0.8437327443401436,
      "rev_growth_yoy": -0.14699078771153767,
      "rev_growth_yoy_accel": 0.07440302801597762,
      "op_leverage_ratio": Infinity,
      "fcf_margin_change": 0.4500155910795144
    },
    {
      "date": "2024-02-03T00:00:00",
      "quarter_label": "2024-02 (Q1)",
      "revenue": 75311000,
      "gross_profit": 34167000,
      "operating_income": -1679000,
      "net_income": -4668000,
      "opex": 35846000,
      "cogs": 41144000,
      "rd": null,
      "sga": 35846000,
      "fcf": 14761000,
      "ocf": 14761000,
      "capex": null,
      "gross_margin": 0.45367874546878945,
      "op_margin": -0.02229421996786658,
      "fcf_margin": 0.19600058424400155,
      "incr_op_margin_yoy": -0.2412327311370882,
      "rev_growth_yoy": -0.17519823016603145,
      "rev_growth_yoy_accel": -0.028207442454493775,
      "fcf_margin_change": 0.11227871355557678
    },
    {
      "date": "2024-05-04T00:00:00",
      "quarter_label": "2024-05 (Q2)",
      "revenue": 59171000,
      "gross_profit": 29913000,
      "operating_income": 5604000,
      "net_income": 4380000,
      "opex": 24309000,
      "cogs": 29258000,
      "rd": null,
      "sga": 31943000,
      "fcf": -3878000,
      "ocf": -3878000,
      "capex": null,
      "gross_margin": 0.5055348059015397,
      "op_margin": 0.09470855655642121,
      "fcf_margin": -0.06553886194250562,
      "incr_op_margin_yoy": -1.6335721596724668,
      "rev_growth_yoy": -0.07626139627825652,
      "rev_growth_yoy_accel": 0.09893683388777492,
      "fcf_margin_change": -0.26153944618650715
    },
    {
      "date": "2024-08-03T00:00:00",
      "quarter_label": "2024-08 (Q3)",
      "revenue": 74169000,
      "gross_profit": 35131000,
      "operating_income": 1130000,
      "net_income": 569000,
      "opex": 34001000,
      "cogs": 39038000,
      "rd": null,
      "sga": 34001000,
      "fcf": -3194000,
      "ocf": -3194000,
      "capex": null,
      "gross_margin": 0.47366150278418206,
      "op_margin": 0.015235475737841956,
      "fcf_margin": -0.04306381372271434,
      "incr_op_margin_yoy": -6.717492587886489,
      "rev_growth_yoy": 0.06799429780984059,
      "rev_growth_yoy_accel": 0.14425569408809713,
      "op_leverage_ratio": 0.6357379372346352,
      "fcf_margin_change": 0.02247504821979128
    },
    {
      "date": "2024-11-02T00:00:00",
      "quarter_label": "2024-11 (Q4)",
      "revenue": 80162000,
      "gross_profit": 40058000,
      "operating_income": 5761000,
      "net_income": 4349000,
      "opex": 34297000,
      "cogs": 40104000,
      "rd": null,
      "sga": 34297000,
      "fcf": 6439000,
      "ocf": 6439000,
      "capex": null,
      "gross_margin": 0.4997130810109528,
      "op_margin": 0.07186696938699134,
      "fcf_margin": 0.08032484219455602,
      "incr_op_margin_yoy": -0.7491057741440981,
      "rev_growth_yoy": -0.04655311860697464,
      "rev_growth_yoy_accel": -0.11454741641681523,
      "op_leverage_ratio": 9.281578311110527,
      "fcf_margin_change": 0.12338865591727036
    },
    {
      "date": "2025-02-01T00:00:00",
      "quarter_label": "2025-02 (Q1)",
      "revenue": 79950000,
      "gross_profit": 40077000,
      "operating_income": -29671000,
      "net_income": -28345000,
      "opex": 69748000,
      "cogs": 39873000,
      "rd": null,
      "sga": 37775000,
      "fcf": 22692000,
      "ocf": 22692000,
      "capex": null,
      "gross_margin": 0.5012757973733584,
      "op_margin": -0.371119449656035,
      "fcf_margin": 0.2838273921200751,
      "incr_op_margin_yoy": -6.034059064453546,
      "rev_growth_yoy": 0.061597907344212666,
      "rev_growth_yoy_accel": 0.10815102595118731,
      "fcf_margin_change": 0.20350254992551906
    },
    {
      "date": "2025-05-03T00:00:00",
      "quarter_label": "2025-05 (Q2)",
      "revenue": 57933000,
      "gross_profit": 29163000,
      "operating_income": -4438000,
      "net_income": -4803000,
      "opex": 33601000,
      "cogs": 28770000,
      "rd": null,
      "sga": 33601000,
      "fcf": -11817000,
      "ocf": -11817000,
      "capex": null,
      "gross_margin": 0.5033918492051163,
      "op_margin": -0.07660573421020835,
      "fcf_margin": -0.20397700792294546,
      "incr_op_margin_yoy": 8.111470113085621,
      "rev_growth_yoy": -0.020922411316354295,
      "rev_growth_yoy_accel": -0.08252031866056696,
      "fcf_margin_change": -0.4878044000430205
    },
    {
      "date": "2025-08-02T00:00:00",
      "quarter_label": "2025-08 (Q3)",
      "revenue": 73241000,
      "gross_profit": 36938000,
      "operating_income": 11151000,
      "net_income": 12060000,
      "opex": 25787000,
      "cogs": 36303000,
      "rd": null,
      "sga": 25787000,
      "fcf": 4202000,
      "ocf": 4202000,
      "capex": null,
      "gross_margin": 0.504335003618192,
      "op_margin": 0.1522507884927841,
      "fcf_margin": 0.05737223686186699,
      "rev_growth_yoy": -0.012511965915679057,
      "rev_growth_yoy_accel": 0.008410445400675239,
      "op_leverage_ratio": Infinity,
      "fcf_margin_change": 0.2613492447848125
    },
    {
      "date": "2025-11-01T00:00:00",
      "quarter_label": "2025-11 (Q4)",
      "revenue": 85126000,
      "gross_profit": 41907000,
      "operating_income": 5435000,
      "net_income": 2726000,
      "opex": 36472000,
      "cogs": 43219000,
      "rd": null,
      "sga": 36472000,
      "fcf": -5066000,
      "ocf": -5066000,
      "capex": null,
      "gross_margin": 0.4922937762845664,
      "op_margin": 0.06384653337405728,
      "fcf_margin": -0.05951178253412588,
      "incr_op_margin_yoy": -0.06567284448025786,
      "rev_growth_yoy": 0.061924602679573865,
      "rev_growth_yoy_accel": 0.07443656859525292,
      "op_leverage_ratio": 0.3916257273528753,
      "fcf_margin_change": -0.11688401939599287
    }
  ],
  "signals": [
    {
      "quarter": "2025-11 (Q4)",
      "signal": "YoY REVENUE GROWTH ACCELERATION",
      "detail": "YoY growth: +6.2% vs prior quarter YoY: -1.3% (accel: +7.4%)",
      "severity": "MEDIUM"
    },
    {
      "quarter": "2025-08 (Q3)",
      "signal": "FCF TURNED POSITIVE",
      "detail": "FCF margin: -20.4% -> +5.7%",
      "severity": "HIGH"
    },
    {
      "quarter": "2025-08 (Q3)",
      "signal": "OP MARGIN TURNED POSITIVE (QoQ)",
      "detail": "Op margin: -7.7% -> +15.2%",
      "severity": "HIGH"
    },
    {
      "quarter": "2025-05 (Q2)",
      "signal": "YoY REVENUE GROWTH DECELERATION",
      "detail": "YoY growth: -2.1% vs prior quarter YoY: +6.2% (decel: -8.3%)",
      "severity": "WARNING"
    },
    {
      "quarter": "2025-02 (Q1)",
      "signal": "FCF MARGIN EXPANSION",
      "detail": "FCF margin: +8.0% -> +28.4% (+20.4%)",
      "severity": "MEDIUM"
    },
    {
      "quarter": "2025-02 (Q1)",
      "signal": "YoY REVENUE GROWTH ACCELERATION",
      "detail": "YoY growth: +6.2% vs prior quarter YoY: -4.7% (accel: +10.8%)",
      "severity": "MEDIUM"
    },
    {
      "quarter": "2024-11 (Q4)",
      "signal": "FCF TURNED POSITIVE",
      "detail": "FCF margin: -4.3% -> +8.0%",
      "severity": "HIGH"
    },
    {
      "quarter": "2024-11 (Q4)",
      "signal": "OPERATING LEVERAGE",
      "detail": "Rev growth +8.1% vs OpEx growth +0.9% (leverage: 9.3x)",
      "severity": "MEDIUM"
    },
    {
      "quarter": "2024-11 (Q4)",
      "signal": "GROSS MARGIN INFLECTION",
      "detail": "GM: +50.6% -> +47.4% -> +50.0% (reversal +2.6%)",
      "severity": "MEDIUM"
    },
    {
      "quarter": "2024-11 (Q4)",
      "signal": "YoY REVENUE GROWTH DECELERATION",
      "detail": "YoY growth: -4.7% vs prior quarter YoY: +6.8% (decel: -11.5%)",
      "severity": "WARNING"
    },
    {
      "quarter": "2024-08 (Q3)",
      "signal": "YoY REVENUE GROWTH ACCELERATION",
      "detail": "YoY growth: +6.8% vs prior quarter YoY: -7.6% (accel: +14.4%)",
      "severity": "MEDIUM"
    },
    {
      "quarter": "2024-05 (Q2)",
      "signal": "YoY REVENUE GROWTH ACCELERATION",
      "detail": "YoY growth: -7.6% vs prior quarter YoY: -17.5% (accel: +9.9%)",
      "severity": "MEDIUM"
    },
    {
      "quarter": "2024-05 (Q2)",
      "signal": "OP MARGIN TURNED POSITIVE (YoY)",
      "detail": "Op margin: -3.7% (year-ago) -> +9.5%",
      "severity": "HIGH"
    },
    {
      "quarter": "2024-05 (Q2)",
      "signal": "OP MARGIN TURNED POSITIVE (QoQ)",
      "detail": "Op margin: -2.2% -> +9.5%",
      "severity": "HIGH"
    },
    {
      "quarter": "2024-02 (Q1)",
      "signal": "FCF MARGIN EXPANSION",
      "detail": "FCF margin: +8.4% -> +19.6% (+11.2%)",
      "severity": "MEDIUM"
    },
    {
      "quarter": "2023-10 (Q4)",
      "signal": "FCF TURNED POSITIVE",
      "detail": "FCF margin: -36.6% -> +8.4%",
      "severity": "HIGH"
    },
    {
      "quarter": "2023-10 (Q4)",
      "signal": "YoY REVENUE GROWTH ACCELERATION",
      "detail": "YoY growth: -14.7% vs prior quarter YoY: -22.1% (accel: +7.4%)",
      "severity": "MEDIUM"
    },
    {
      "quarter": "2023-10 (Q4)",
      "signal": "OP MARGIN TURNED POSITIVE (YoY)",
      "detail": "Op margin: -9.5% (year-ago) -> +3.4%",
      "severity": "HIGH"
    },
    {
      "quarter": "2023-07 (Q3)",
      "signal": "OP MARGIN TURNED POSITIVE (YoY)",
      "detail": "Op margin: -5.8% (year-ago) -> +47.3%",
      "severity": "HIGH"
    },
    {
      "quarter": "2023-07 (Q3)",
      "signal": "OP MARGIN TURNED POSITIVE (QoQ)",
      "detail": "Op margin: -3.7% -> +47.3%",
      "severity": "HIGH"
    },
    {
      "quarter": "2023-04 (Q2)",
      "signal": "YoY REVENUE GROWTH DECELERATION",
      "detail": "YoY growth: -18.3% vs prior quarter YoY: -7.8% (decel: -10.5%)",
      "severity": "WARNING"
    },
    {
      "quarter": "2023-01 (Q1)",
      "signal": "FCF TURNED POSITIVE",
      "detail": "FCF margin: -9.1% -> +10.5%",
      "severity": "HIGH"
    },
    {
      "quarter": "2023-01 (Q1)",
      "signal": "GROSS MARGIN INFLECTION",
      "detail": "GM: +40.8% -> +30.2% -> +39.6% (reversal +9.4%)",
      "severity": "HIGH"
    },
    {
      "quarter": "2023-01 (Q1)",
      "signal": "YoY REVENUE GROWTH DECELERATION",
      "detail": "YoY growth: -7.8% vs prior quarter YoY: +12.7% (decel: -20.5%)",
      "severity": "WARNING"
    },
    {
      "quarter": "2022-10 (Q4)",
      "signal": "FCF MARGIN EXPANSION",
      "detail": "FCF margin: -17.4% -> -9.1% (+8.4%)",
      "severity": "MEDIUM"
    },
    {
      "quarter": "2022-07 (Q3)",
      "signal": "OPERATING LEVERAGE",
      "detail": "Rev growth +13.8% vs OpEx growth +1.6% (leverage: 8.6x)",
      "severity": "MEDIUM"
    },
    {
      "quarter": "2022-07 (Q3)",
      "signal": "YoY REVENUE GROWTH DECELERATION",
      "detail": "YoY growth: +13.4% vs prior quarter YoY: +36.2% (decel: -22.9%)",
      "severity": "WARNING"
    },
    {
      "quarter": "2022-01 (Q1)",
      "signal": "FCF TURNED POSITIVE",
      "detail": "FCF margin: -4.5% -> +4.1%",
      "severity": "HIGH"
    },
    {
      "quarter": "2022-01 (Q1)",
      "signal": "OPERATING LEVERAGE",
      "detail": "Rev growth +13.2% vs OpEx growth +7.1% (leverage: 1.9x)",
      "severity": "MEDIUM"
    },
    {
      "quarter": "2022-01 (Q1)",
      "signal": "OP MARGIN TURNED POSITIVE (YoY)",
      "detail": "Op margin: -5.2% (year-ago) -> +1.8%",
      "severity": "HIGH"
    },
    {
      "quarter": "2021-07 (Q3)",
      "signal": "FCF TURNED POSITIVE",
      "detail": "FCF margin: -4.9% -> +3.2%",
      "severity": "HIGH"
    },
    {
      "quarter": "2021-07 (Q3)",
      "signal": "OPERATING LEVERAGE",
      "detail": "Rev growth +36.7% vs OpEx growth +0.5% (leverage: 75.3x)",
      "severity": "MEDIUM"
    },
    {
      "quarter": "2021-07 (Q3)",
      "signal": "OP MARGIN TURNED POSITIVE (QoQ)",
      "detail": "Op margin: -12.3% -> +3.3%",
      "severity": "HIGH"
    }
  ],
  "data_quality": {
    "n_quarters": 20,
    "coverage": {
      "revenue": [
        20,
        20
      ],
      "gross_profit": [
        20,
        20
      ],
      "op_income": [
        20,
        20
      ],
      "fcf": [
        20,
        20
      ]
    },
    "gaps": [],
    "warnings": []
  },
  "market_cap": null,
  "source": "SEC EDGAR",
  "last_updated": "2026-02-02T23:48:39.634053"
}