{
  "ticker": "VNDA",
  "name": "VANDA PHARMACEUTICALS INC.",
  "sector": "Healthcare",
  "industry": "Biotechnology",
  "quarters": [
    {
      "date": "2021-03-31T00:00:00",
      "quarter_label": "2021-03 (Q1)",
      "revenue": 62669000,
      "gross_profit": 56639000,
      "operating_income": 10341000,
      "net_income": 8650000,
      "opex": 52328000,
      "cogs": 6030000,
      "rd": 16131000,
      "sga": 29797000,
      "fcf": 9063000,
      "ocf": 9193000,
      "capex": -130000,
      "gross_margin": 0.9037801783976128,
      "op_margin": 0.16500981346439228,
      "fcf_margin": 0.14461695575164754
    },
    {
      "date": "2021-06-30T00:00:00",
      "quarter_label": "2021-06 (Q2)",
      "revenue": 67899000,
      "gross_profit": 61333000,
      "operating_income": 12369000,
      "net_income": 9653000,
      "opex": 55530000,
      "cogs": 6566000,
      "rd": 20248000,
      "sga": 28347000,
      "fcf": 18719000,
      "ocf": 19017000,
      "capex": -298000,
      "gross_margin": 0.9032975448828406,
      "op_margin": 0.18216763133477665,
      "fcf_margin": 0.27568889085258985,
      "op_leverage_ratio": 1.3638346894382352,
      "fcf_margin_change": 0.1310719351009423
    },
    {
      "date": "2021-09-30T00:00:00",
      "quarter_label": "2021-09 (Q3)",
      "revenue": 70095000,
      "gross_profit": 63298000,
      "operating_income": 10819000,
      "net_income": 7771000,
      "opex": 59276000,
      "cogs": 6797000,
      "rd": 19653000,
      "sga": 32456000,
      "fcf": 9407000,
      "ocf": 9397000,
      "capex": 10000,
      "gross_margin": 0.9030315999714673,
      "op_margin": 0.15434767101790428,
      "fcf_margin": 0.13420358085455453,
      "op_leverage_ratio": 0.47943403139050467,
      "fcf_margin_change": -0.14148530999803532
    },
    {
      "date": "2021-12-31T00:00:00",
      "quarter_label": "2021-12 (Q4)",
      "revenue": 68019000,
      "gross_profit": 61783000,
      "operating_income": 8636000,
      "net_income": 7078000,
      "opex": 59383000,
      "cogs": 6236000,
      "rd": 19331000,
      "sga": 33447000,
      "fcf": 26473000,
      "ocf": 26607000,
      "capex": -134000,
      "gross_margin": 0.9083197341919169,
      "op_margin": 0.1269645246181214,
      "fcf_margin": 0.38920007644922744,
      "fcf_margin_change": 0.2549964955946729
    },
    {
      "date": "2022-03-31T00:00:00",
      "quarter_label": "2022-03 (Q1)",
      "revenue": 60192000,
      "gross_profit": 54527000,
      "operating_income": -7669000,
      "net_income": -6430000,
      "opex": 67861000,
      "cogs": 5665000,
      "rd": 20969000,
      "sga": 40848000,
      "fcf": 3971000,
      "ocf": 4046000,
      "capex": -75000,
      "gross_margin": 0.9058845029239766,
      "op_margin": -0.12740895800106328,
      "fcf_margin": 0.06597222222222222,
      "incr_op_margin_yoy": 7.2708922083165115,
      "rev_growth_yoy": -0.039525124064529515,
      "fcf_margin_change": -0.32322785422700523
    },
    {
      "date": "2022-06-30T00:00:00",
      "quarter_label": "2022-06 (Q2)",
      "revenue": 64390000,
      "gross_profit": 58331000,
      "operating_income": 3461000,
      "net_income": 2574000,
      "opex": 60929000,
      "cogs": 6059000,
      "rd": 21490000,
      "sga": 33001000,
      "fcf": 5492000,
      "ocf": 5685000,
      "capex": -193000,
      "gross_margin": 0.9059015375058239,
      "op_margin": 0.053750582388569654,
      "fcf_margin": 0.08529274732101258,
      "incr_op_margin_yoy": 2.5386149900256485,
      "rev_growth_yoy": -0.05167970073196954,
      "rev_growth_yoy_accel": -0.012154576667440027,
      "op_leverage_ratio": null,
      "fcf_margin_change": 0.019320525098790356
    },
    {
      "date": "2022-09-30T00:00:00",
      "quarter_label": "2022-09 (Q3)",
      "revenue": 65318000,
      "gross_profit": 58998000,
      "operating_income": 3908000,
      "net_income": 3270000,
      "opex": 61410000,
      "cogs": 6320000,
      "rd": 24857000,
      "sga": 29854000,
      "fcf": 12689000,
      "ocf": 12837000,
      "capex": -148000,
      "gross_margin": 0.9032425977525338,
      "op_margin": 0.05983036835175602,
      "fcf_margin": 0.19426498055666125,
      "incr_op_margin_yoy": 1.4467238852836508,
      "rev_growth_yoy": -0.06815036735858478,
      "rev_growth_yoy_accel": -0.016470666626615234,
      "op_leverage_ratio": 1.825612182002926,
      "fcf_margin_change": 0.10897223323564867
    },
    {
      "date": "2022-12-31T00:00:00",
      "quarter_label": "2022-12 (Q4)",
      "revenue": 64482000,
      "gross_profit": 58244000,
      "operating_income": 6629000,
      "net_income": 6861000,
      "opex": 57853000,
      "cogs": 6238000,
      "rd": 18454000,
      "sga": 32782000,
      "fcf": 9153000,
      "ocf": 9416000,
      "capex": -263000,
      "gross_margin": 0.9032598244471325,
      "op_margin": 0.10280388325424149,
      "fcf_margin": 0.14194658974597563,
      "incr_op_margin_yoy": 0.5674300254452926,
      "rev_growth_yoy": -0.05200017642129405,
      "rev_growth_yoy_accel": 0.016150190937290726,
      "fcf_margin_change": -0.05231839081068562
    },
    {
      "date": "2023-03-31T00:00:00",
      "quarter_label": "2023-03 (Q1)",
      "revenue": 62498000,
      "gross_profit": 57724000,
      "operating_income": 2004000,
      "net_income": 3252000,
      "opex": 60494000,
      "cogs": 4774000,
      "rd": 19237000,
      "sga": 36104000,
      "fcf": 31752000,
      "ocf": 31803000,
      "capex": -51000,
      "gross_margin": 0.9236135556337802,
      "op_margin": 0.032065026080834585,
      "fcf_margin": 0.5080482575442414,
      "incr_op_margin_yoy": 4.194709453599306,
      "rev_growth_yoy": 0.038310738968633705,
      "rev_growth_yoy_accel": 0.09031091538992775,
      "fcf_margin_change": 0.3661016677982658
    },
    {
      "date": "2023-06-30T00:00:00",
      "quarter_label": "2023-06 (Q2)",
      "revenue": 46056000,
      "gross_profit": 42557000,
      "operating_income": -2867000,
      "net_income": 1520000,
      "opex": 48923000,
      "cogs": 3499000,
      "rd": 16647000,
      "sga": 28399000,
      "fcf": -13275000,
      "ocf": -13220000,
      "capex": -55000,
      "gross_margin": 0.9240272711481674,
      "op_margin": -0.062250303977766194,
      "fcf_margin": -0.2882360604481501,
      "incr_op_margin_yoy": 0.34515108541507583,
      "rev_growth_yoy": -0.28473365429414504,
      "rev_growth_yoy_accel": -0.32304439326277873,
      "fcf_margin_change": -0.7962843179923915
    },
    {
      "date": "2023-09-30T00:00:00",
      "quarter_label": "2023-09 (Q3)",
      "revenue": 38815000,
      "gross_profit": 35752000,
      "operating_income": -5995000,
      "net_income": 137000,
      "opex": 44810000,
      "cogs": 3063000,
      "rd": 16600000,
      "sga": 24767000,
      "fcf": -2074000,
      "ocf": -2050000,
      "capex": -24000,
      "gross_margin": 0.9210872085533943,
      "op_margin": -0.1544505989952338,
      "fcf_margin": -0.05343295117866804,
      "incr_op_margin_yoy": 0.3736558125495227,
      "rev_growth_yoy": -0.4057533911019933,
      "rev_growth_yoy_accel": -0.12101973680784828,
      "fcf_margin_change": 0.23480310926948206
    },
    {
      "date": "2023-12-31T00:00:00",
      "quarter_label": "2023-12 (Q4)",
      "revenue": 45271000,
      "gross_profit": 41811000,
      "operating_income": -7094000,
      "net_income": -2400000,
      "opex": 52365000,
      "cogs": 3460000,
      "rd": 24339000,
      "sga": 23613000,
      "fcf": -3985000,
      "ocf": -3732000,
      "capex": -253000,
      "gross_margin": 0.9235713812374368,
      "op_margin": -0.15670075765942879,
      "fcf_margin": -0.08802544675399263,
      "incr_op_margin_yoy": 0.7143303315808651,
      "rev_growth_yoy": -0.29792810396699854,
      "rev_growth_yoy_accel": 0.10782528713499479,
      "op_leverage_ratio": 0.9865166203988391,
      "fcf_margin_change": -0.03459249557532459
    },
    {
      "date": "2024-03-31T00:00:00",
      "quarter_label": "2024-03 (Q1)",
      "revenue": 47462000,
      "gross_profit": 44022000,
      "operating_income": -9235000,
      "net_income": -4146000,
      "opex": 56697000,
      "cogs": 3440000,
      "rd": 21154000,
      "sga": 30085000,
      "fcf": 7562000,
      "ocf": 7569000,
      "capex": -7000,
      "gross_margin": 0.9275209641397328,
      "op_margin": -0.19457671400278118,
      "fcf_margin": 0.15932746196957567,
      "incr_op_margin_yoy": 0.7474727321096036,
      "rev_growth_yoy": -0.24058369867835772,
      "rev_growth_yoy_accel": 0.05734440528864082,
      "op_leverage_ratio": 0.5850257063785338,
      "fcf_margin_change": 0.2473529087235683
    },
    {
      "date": "2024-06-30T00:00:00",
      "quarter_label": "2024-06 (Q2)",
      "revenue": 50474000,
      "gross_profit": 47741000,
      "operating_income": -10146000,
      "net_income": -4518000,
      "opex": 60620000,
      "cogs": 2733000,
      "rd": 16661000,
      "sga": 39474000,
      "fcf": -7036000,
      "ocf": -6928000,
      "capex": -108000,
      "gross_margin": 0.9458533106153664,
      "op_margin": -0.20101438364306376,
      "fcf_margin": -0.13939850219915204,
      "incr_op_margin_yoy": -1.6475780896333183,
      "rev_growth_yoy": 0.0959266979329512,
      "rev_growth_yoy_accel": 0.3365103966113089,
      "op_leverage_ratio": 0.9171718232414932,
      "fcf_margin_change": -0.2987259641687277
    },
    {
      "date": "2024-09-30T00:00:00",
      "quarter_label": "2024-09 (Q3)",
      "revenue": 47651000,
      "gross_profit": 45100000,
      "operating_income": -11000000,
      "net_income": -5324000,
      "opex": 58651000,
      "cogs": 2551000,
      "rd": 16776000,
      "sga": 37573000,
      "fcf": -14742000,
      "ocf": -14581000,
      "capex": -161000,
      "gross_margin": 0.9464649220373129,
      "op_margin": -0.23084510293593,
      "fcf_margin": -0.30937440977104363,
      "incr_op_margin_yoy": -0.5664327750113174,
      "rev_growth_yoy": 0.2276439520803813,
      "rev_growth_yoy_accel": 0.1317172541474301,
      "fcf_margin_change": -0.1699759075718916
    },
    {
      "date": "2024-12-31T00:00:00",
      "quarter_label": "2024-12 (Q4)",
      "revenue": 53185000,
      "gross_profit": 50595000,
      "operating_income": -10279000,
      "net_income": -4912000,
      "opex": 63464000,
      "cogs": 2590000,
      "rd": 19840000,
      "sga": 39282000,
      "fcf": -2031000,
      "ocf": -1817000,
      "capex": -214000,
      "gross_margin": 0.9513020588511798,
      "op_margin": -0.1932687787910125,
      "fcf_margin": -0.038187458869982135,
      "incr_op_margin_yoy": -0.4024513520343695,
      "rev_growth_yoy": 0.17481389852223278,
      "rev_growth_yoy_accel": -0.052830053558148515,
      "op_leverage_ratio": 1.4152289215972236,
      "fcf_margin_change": 0.2711869509010615
    },
    {
      "date": "2025-03-31T00:00:00",
      "quarter_label": "2025-03 (Q1)",
      "revenue": 50041000,
      "gross_profit": 46520000,
      "operating_income": -41028000,
      "net_income": -29494000,
      "opex": 91069000,
      "cogs": 3521000,
      "rd": 35712000,
      "sga": 50084000,
      "fcf": -33583000,
      "ocf": -33147000,
      "capex": -436000,
      "gross_margin": 0.9296376970883875,
      "op_margin": -0.8198876920924841,
      "fcf_margin": -0.6711096900541555,
      "incr_op_margin_yoy": -12.327646374563784,
      "rev_growth_yoy": 0.05433820740803169,
      "rev_growth_yoy_accel": -0.12047569111420109,
      "fcf_margin_change": -0.6329222311841735
    },
    {
      "date": "2025-06-30T00:00:00",
      "quarter_label": "2025-06 (Q2)",
      "revenue": 52590000,
      "gross_profit": 49854000,
      "operating_income": -38503000,
      "net_income": -27207000,
      "opex": 91093000,
      "cogs": 2736000,
      "rd": 21990000,
      "sga": 64616000,
      "fcf": -15551000,
      "ocf": -15252000,
      "capex": -299000,
      "gross_margin": 0.9479749001711352,
      "op_margin": -0.732135386955695,
      "fcf_margin": -0.29570260505799584,
      "incr_op_margin_yoy": -13.401228733459357,
      "rev_growth_yoy": 0.04192257399849427,
      "rev_growth_yoy_accel": -0.01241563340953742,
      "op_leverage_ratio": null,
      "fcf_margin_change": 0.3754070849961597
    },
    {
      "date": "2025-09-30T00:00:00",
      "quarter_label": "2025-09 (Q3)",
      "revenue": 56258000,
      "gross_profit": 53304000,
      "operating_income": -31284000,
      "net_income": -22586000,
      "opex": 87542000,
      "cogs": 2954000,
      "rd": 22563000,
      "sga": 60273000,
      "fcf": -31787000,
      "ocf": -31626000,
      "capex": -161000,
      "gross_margin": 0.9474919122613673,
      "op_margin": -0.5560809129368267,
      "fcf_margin": -0.565021863557183,
      "incr_op_margin_yoy": -2.3566864180318348,
      "rev_growth_yoy": 0.18062580008814086,
      "rev_growth_yoy_accel": 0.13870322608964658,
      "op_leverage_ratio": null,
      "fcf_margin_change": -0.26931925849918714
    },
    {
      "date": "2025-12-31T00:00:00",
      "quarter_label": "2025-12 (Q4)",
      "revenue": 57216000,
      "gross_profit": 53383000,
      "operating_income": -40353000,
      "net_income": -141187000,
      "opex": 97569000,
      "cogs": 3833000,
      "rd": 29006000,
      "sga": 62978000,
      "fcf": -29519000,
      "ocf": -29417000,
      "capex": -102000,
      "gross_margin": 0.9330082494407159,
      "op_margin": -0.7052747483221476,
      "fcf_margin": -0.5159221196868009,
      "incr_op_margin_yoy": -7.460679732076408,
      "rev_growth_yoy": 0.07579204662968882,
      "rev_growth_yoy_accel": -0.10483375345845204,
      "op_leverage_ratio": 0.14867113938301385,
      "fcf_margin_change": 0.04909974387038207
    }
  ],
  "signals": [
    {
      "quarter": "2025-12 (Q4)",
      "signal": "YoY REVENUE GROWTH DECELERATION",
      "detail": "YoY growth: +7.6% vs prior quarter YoY: +18.1% (decel: -10.5%)",
      "severity": "WARNING"
    },
    {
      "quarter": "2025-09 (Q3)",
      "signal": "YoY REVENUE GROWTH ACCELERATION",
      "detail": "YoY growth: +18.1% vs prior quarter YoY: +4.2% (accel: +13.9%)",
      "severity": "MEDIUM"
    },
    {
      "quarter": "2025-06 (Q2)",
      "signal": "FCF MARGIN EXPANSION",
      "detail": "FCF margin: -67.1% -> -29.6% (+37.5%)",
      "severity": "MEDIUM"
    },
    {
      "quarter": "2025-06 (Q2)",
      "signal": "OPERATING LEVERAGE",
      "detail": "Rev growth +5.1% vs OpEx growth +0.0% (leverage: 193.3x)",
      "severity": "MEDIUM"
    },
    {
      "quarter": "2025-03 (Q1)",
      "signal": "YoY REVENUE GROWTH DECELERATION",
      "detail": "YoY growth: +5.4% vs prior quarter YoY: +17.5% (decel: -12.0%)",
      "severity": "WARNING"
    },
    {
      "quarter": "2024-12 (Q4)",
      "signal": "FCF MARGIN EXPANSION",
      "detail": "FCF margin: -30.9% -> -3.8% (+27.1%)",
      "severity": "MEDIUM"
    },
    {
      "quarter": "2024-12 (Q4)",
      "signal": "YoY REVENUE GROWTH DECELERATION",
      "detail": "YoY growth: +17.5% vs prior quarter YoY: +22.8% (decel: -5.3%)",
      "severity": "WARNING"
    },
    {
      "quarter": "2024-09 (Q3)",
      "signal": "YoY REVENUE GROWTH ACCELERATION",
      "detail": "YoY growth: +22.8% vs prior quarter YoY: +9.6% (accel: +13.2%)",
      "severity": "MEDIUM"
    },
    {
      "quarter": "2024-06 (Q2)",
      "signal": "YoY REVENUE GROWTH ACCELERATION",
      "detail": "YoY growth: +9.6% vs prior quarter YoY: -24.1% (accel: +33.7%)",
      "severity": "HIGH"
    },
    {
      "quarter": "2024-03 (Q1)",
      "signal": "FCF TURNED POSITIVE",
      "detail": "FCF margin: -8.8% -> +15.9%",
      "severity": "HIGH"
    },
    {
      "quarter": "2024-03 (Q1)",
      "signal": "YoY REVENUE GROWTH ACCELERATION",
      "detail": "YoY growth: -24.1% vs prior quarter YoY: -29.8% (accel: +5.7%)",
      "severity": "MEDIUM"
    },
    {
      "quarter": "2023-12 (Q4)",
      "signal": "YoY REVENUE GROWTH ACCELERATION",
      "detail": "YoY growth: -29.8% vs prior quarter YoY: -40.6% (accel: +10.8%)",
      "severity": "MEDIUM"
    },
    {
      "quarter": "2023-09 (Q3)",
      "signal": "FCF MARGIN EXPANSION",
      "detail": "FCF margin: -28.8% -> -5.3% (+23.5%)",
      "severity": "MEDIUM"
    },
    {
      "quarter": "2023-09 (Q3)",
      "signal": "YoY REVENUE GROWTH DECELERATION",
      "detail": "YoY growth: -40.6% vs prior quarter YoY: -28.5% (decel: -12.1%)",
      "severity": "WARNING"
    },
    {
      "quarter": "2023-06 (Q2)",
      "signal": "YoY REVENUE GROWTH DECELERATION",
      "detail": "YoY growth: -28.5% vs prior quarter YoY: +3.8% (decel: -32.3%)",
      "severity": "WARNING"
    },
    {
      "quarter": "2023-03 (Q1)",
      "signal": "FCF MARGIN EXPANSION",
      "detail": "FCF margin: +14.2% -> +50.8% (+36.6%)",
      "severity": "MEDIUM"
    },
    {
      "quarter": "2023-03 (Q1)",
      "signal": "YoY REVENUE GROWTH ACCELERATION",
      "detail": "YoY growth: +3.8% vs prior quarter YoY: -5.2% (accel: +9.0%)",
      "severity": "MEDIUM"
    },
    {
      "quarter": "2023-03 (Q1)",
      "signal": "OP MARGIN TURNED POSITIVE (YoY)",
      "detail": "Op margin: -12.7% (year-ago) -> +3.2%",
      "severity": "HIGH"
    },
    {
      "quarter": "2022-12 (Q4)",
      "signal": "INCREMENTAL MARGIN (YoY)",
      "detail": "YoY Incr OPM: +56.7% vs year-ago OPM: +12.7%",
      "severity": "HIGH"
    },
    {
      "quarter": "2022-09 (Q3)",
      "signal": "FCF MARGIN EXPANSION",
      "detail": "FCF margin: +8.5% -> +19.4% (+10.9%)",
      "severity": "MEDIUM"
    },
    {
      "quarter": "2022-09 (Q3)",
      "signal": "OPERATING LEVERAGE",
      "detail": "Rev growth +1.4% vs OpEx growth +0.8% (leverage: 1.8x)",
      "severity": "MEDIUM"
    },
    {
      "quarter": "2022-09 (Q3)",
      "signal": "INCREMENTAL MARGIN (YoY)",
      "detail": "YoY Incr OPM: +144.7% vs year-ago OPM: +15.4%",
      "severity": "HIGH"
    },
    {
      "quarter": "2022-06 (Q2)",
      "signal": "INCREMENTAL MARGIN (YoY)",
      "detail": "YoY Incr OPM: +253.9% vs year-ago OPM: +18.2%",
      "severity": "HIGH"
    },
    {
      "quarter": "2022-06 (Q2)",
      "signal": "OP MARGIN TURNED POSITIVE (QoQ)",
      "detail": "Op margin: -12.7% -> +5.4%",
      "severity": "HIGH"
    },
    {
      "quarter": "2021-12 (Q4)",
      "signal": "FCF MARGIN EXPANSION",
      "detail": "FCF margin: +13.4% -> +38.9% (+25.5%)",
      "severity": "MEDIUM"
    },
    {
      "quarter": "2021-06 (Q2)",
      "signal": "FCF MARGIN EXPANSION",
      "detail": "FCF margin: +14.5% -> +27.6% (+13.1%)",
      "severity": "MEDIUM"
    }
  ],
  "data_quality": {
    "n_quarters": 20,
    "coverage": {
      "revenue": [
        20,
        20
      ],
      "gross_profit": [
        20,
        20
      ],
      "op_income": [
        20,
        20
      ],
      "fcf": [
        20,
        20
      ]
    },
    "gaps": [],
    "warnings": []
  },
  "market_cap": null,
  "source": "SEC EDGAR",
  "last_updated": "2026-02-13T11:39:23.758446"
}