{
  "ticker": "VNT",
  "name": "VONTIER CORPORATION",
  "sector": "Technology",
  "industry": "Scientific & Technical Instruments",
  "quarters": [
    {
      "date": "2021-04-02T00:00:00",
      "quarter_label": "2021-04 (Q2)",
      "revenue": 707400000,
      "gross_profit": 311800000,
      "operating_income": 132900000,
      "net_income": null,
      "opex": 178900000,
      "cogs": 395600000,
      "rd": 33200000,
      "sga": 145700000,
      "fcf": 152300000,
      "ocf": 163300000,
      "capex": -11000000,
      "gross_margin": 0.44076901328809726,
      "op_margin": 0.1878710771840543,
      "fcf_margin": 0.2152954481198756
    },
    {
      "date": "2021-07-02T00:00:00",
      "quarter_label": "2021-07 (Q3)",
      "revenue": 724600000,
      "gross_profit": 318500000,
      "operating_income": 121000000,
      "net_income": null,
      "opex": 197500000,
      "cogs": 406100000,
      "rd": 32900000,
      "sga": 164600000,
      "fcf": 42500000,
      "ocf": 53200000,
      "capex": -10700000,
      "gross_margin": 0.43955285674855094,
      "op_margin": 0.1669886834115374,
      "fcf_margin": 0.058653049958597846,
      "op_leverage_ratio": 0.23386260758008276,
      "fcf_margin_change": -0.15664239816127776
    },
    {
      "date": "2021-10-01T00:00:00",
      "quarter_label": "2021-10 (Q4)",
      "revenue": 768500000,
      "gross_profit": 346400000,
      "operating_income": 167400000,
      "net_income": null,
      "opex": 179000000,
      "cogs": 422100000,
      "rd": 31200000,
      "sga": 147800000,
      "fcf": 114200000,
      "ocf": 125400000,
      "capex": -11200000,
      "gross_margin": 0.45074821080026023,
      "op_margin": 0.21782693558880936,
      "fcf_margin": 0.14860117111255694,
      "op_leverage_ratio": null,
      "fcf_margin_change": 0.08994812115395909
    },
    {
      "date": "2021-12-31T00:00:00",
      "quarter_label": "2021-12 (Q4)",
      "revenue": 790200000,
      "gross_profit": 356400000,
      "operating_income": 160900000,
      "net_income": null,
      "opex": 195500000,
      "cogs": 433800000,
      "rd": 32000000,
      "sga": 163500000,
      "fcf": 124300000,
      "ocf": 139200000,
      "capex": -14900000,
      "gross_margin": 0.4510250569476082,
      "op_margin": 0.20361933687674005,
      "fcf_margin": 0.15730194887370286,
      "op_leverage_ratio": 0.3063267680053627,
      "fcf_margin_change": 0.008700777761145917
    },
    {
      "date": "2022-04-01T00:00:00",
      "quarter_label": "2022-04 (Q2)",
      "revenue": 748100000,
      "gross_profit": 335300000,
      "operating_income": 134800000,
      "net_income": null,
      "opex": 200500000,
      "cogs": 412800000,
      "rd": 34500000,
      "sga": 166000000,
      "fcf": 28400000,
      "ocf": 41300000,
      "capex": -12900000,
      "gross_margin": 0.44820211201711,
      "op_margin": 0.1801898141959631,
      "fcf_margin": 0.037962839192621306,
      "incr_op_margin_yoy": 0.04668304668304668,
      "rev_growth_yoy": 0.057534633870511734,
      "fcf_margin_change": -0.11933910968108155
    },
    {
      "date": "2022-07-01T00:00:00",
      "quarter_label": "2022-07 (Q3)",
      "revenue": 776400000,
      "gross_profit": 348100000,
      "operating_income": 136500000,
      "net_income": null,
      "opex": 211600000,
      "cogs": 428300000,
      "rd": 34900000,
      "sga": 176700000,
      "fcf": -6400000,
      "ocf": 7200000,
      "capex": -13600000,
      "gross_margin": 0.44835136527563113,
      "op_margin": 0.1758114374034003,
      "fcf_margin": -0.00824317362184441,
      "incr_op_margin_yoy": 0.29922779922779924,
      "rev_growth_yoy": 0.07148771736130279,
      "rev_growth_yoy_accel": 0.013953083490791052,
      "op_leverage_ratio": 0.6833106331836448,
      "fcf_margin_change": -0.046206012814465715
    },
    {
      "date": "2022-09-30T00:00:00",
      "quarter_label": "2022-09 (Q3)",
      "revenue": 788000000,
      "gross_profit": 359900000,
      "operating_income": 150200000,
      "net_income": null,
      "opex": 209700000,
      "cogs": 428100000,
      "rd": 35000000,
      "sga": 174700000,
      "fcf": 74800000,
      "ocf": 91300000,
      "capex": -16500000,
      "gross_margin": 0.4567258883248731,
      "op_margin": 0.19060913705583757,
      "fcf_margin": 0.09492385786802031,
      "incr_op_margin_yoy": -0.882051282051282,
      "rev_growth_yoy": 0.025374105400130124,
      "rev_growth_yoy_accel": -0.04611361196117266,
      "op_leverage_ratio": null,
      "fcf_margin_change": 0.10316703148986472
    },
    {
      "date": "2022-12-31T00:00:00",
      "quarter_label": "2022-12 (Q4)",
      "revenue": 871900000,
      "gross_profit": 385000000,
      "operating_income": 156400000,
      "net_income": null,
      "opex": 228600000,
      "cogs": 486900000,
      "rd": 40200000,
      "sga": 188400000,
      "fcf": 164400000,
      "ocf": 181400000,
      "capex": -17000000,
      "gross_margin": 0.44156439958710864,
      "op_margin": 0.17937836907902283,
      "fcf_margin": 0.1885537332262874,
      "incr_op_margin_yoy": -0.05507955936352509,
      "rev_growth_yoy": 0.10339154644393825,
      "rev_growth_yoy_accel": 0.07801744104380812,
      "op_leverage_ratio": 1.1813330916122795,
      "fcf_margin_change": 0.0936298753582671
    },
    {
      "date": "2023-03-31T00:00:00",
      "quarter_label": "2023-03 (Q1)",
      "revenue": 776400000,
      "gross_profit": 353000000,
      "operating_income": 133800000,
      "net_income": null,
      "opex": 219200000,
      "cogs": 423400000,
      "rd": 41000000,
      "sga": 178200000,
      "fcf": 67300000,
      "ocf": 81000000,
      "capex": -13700000,
      "gross_margin": 0.45466254507985576,
      "op_margin": 0.1723338485316847,
      "fcf_margin": 0.08668212261720762,
      "incr_op_margin_yoy": -0.0353356890459364,
      "rev_growth_yoy": 0.037829167223633206,
      "rev_growth_yoy_accel": -0.06556237922030504,
      "fcf_margin_change": -0.10187161060907979
    },
    {
      "date": "2023-06-30T00:00:00",
      "quarter_label": "2023-06 (Q2)",
      "revenue": 764400000,
      "gross_profit": 348100000,
      "operating_income": 120600000,
      "net_income": null,
      "opex": 227500000,
      "cogs": 416300000,
      "rd": 40300000,
      "sga": 187200000,
      "fcf": 65100000,
      "ocf": 77500000,
      "capex": -12400000,
      "gross_margin": 0.4553898482469911,
      "op_margin": 0.1577708006279435,
      "fcf_margin": 0.08516483516483517,
      "incr_op_margin_yoy": 1.325,
      "rev_growth_yoy": -0.015455950540958269,
      "rev_growth_yoy_accel": -0.05328511776459147,
      "fcf_margin_change": -0.001517287452372451
    },
    {
      "date": "2023-09-29T00:00:00",
      "quarter_label": "2023-09 (Q3)",
      "revenue": 765400000,
      "gross_profit": 359000000,
      "operating_income": 142600000,
      "net_income": null,
      "opex": 216400000,
      "cogs": 406400000,
      "rd": 39100000,
      "sga": 177300000,
      "fcf": 114200000,
      "ocf": 131600000,
      "capex": -17400000,
      "gross_margin": 0.46903579827541153,
      "op_margin": 0.18630781290828324,
      "fcf_margin": 0.14920303109485236,
      "incr_op_margin_yoy": 0.336283185840708,
      "rev_growth_yoy": -0.02868020304568528,
      "rev_growth_yoy_accel": -0.01322425250472701,
      "fcf_margin_change": 0.0640381959300172
    },
    {
      "date": "2023-12-31T00:00:00",
      "quarter_label": "2023-12 (Q4)",
      "revenue": 789000000,
      "gross_profit": null,
      "operating_income": 146400000,
      "net_income": null,
      "opex": null,
      "cogs": null,
      "rd": 43100000,
      "sga": 100400000,
      "fcf": 148300000,
      "ocf": 164900000,
      "capex": -16600000,
      "gross_margin": null,
      "op_margin": 0.18555133079847907,
      "fcf_margin": 0.1879594423320659,
      "incr_op_margin_yoy": 0.12062726176115803,
      "rev_growth_yoy": -0.09507971097602937,
      "rev_growth_yoy_accel": -0.06639950793034409,
      "fcf_margin_change": 0.038756411237213545
    },
    {
      "date": "2024-03-29T00:00:00",
      "quarter_label": "2024-03 (Q1)",
      "revenue": 755800000,
      "gross_profit": 372000000,
      "operating_income": 142100000,
      "net_income": null,
      "opex": 229900000,
      "cogs": 383800000,
      "rd": 44500000,
      "sga": 165400000,
      "fcf": 71300000,
      "ocf": 91500000,
      "capex": -20200000,
      "gross_margin": 0.49219370203757606,
      "op_margin": 0.18801270177295581,
      "fcf_margin": 0.09433712622386875,
      "incr_op_margin_yoy": -0.4029126213592233,
      "rev_growth_yoy": -0.026532715095311694,
      "rev_growth_yoy_accel": 0.06854699588071766,
      "fcf_margin_change": -0.09362231610819716
    },
    {
      "date": "2024-06-28T00:00:00",
      "quarter_label": "2024-06 (Q2)",
      "revenue": 696400000,
      "gross_profit": 335500000,
      "operating_income": 114100000,
      "net_income": null,
      "opex": 221400000,
      "cogs": 360900000,
      "rd": 45100000,
      "sga": 156300000,
      "fcf": 22300000,
      "ocf": 46100000,
      "capex": -23800000,
      "gross_margin": 0.4817633543940264,
      "op_margin": 0.1638426191843768,
      "fcf_margin": 0.03202182653647329,
      "incr_op_margin_yoy": 0.09558823529411764,
      "rev_growth_yoy": -0.08895866038723181,
      "rev_growth_yoy_accel": -0.06242594529192012,
      "fcf_margin_change": -0.06231529968739546
    },
    {
      "date": "2024-09-27T00:00:00",
      "quarter_label": "2024-09 (Q3)",
      "revenue": 750000000,
      "gross_profit": 354200000,
      "operating_income": 131500000,
      "net_income": null,
      "opex": 222700000,
      "cogs": 395800000,
      "rd": 45700000,
      "sga": 157000000,
      "fcf": 103200000,
      "ocf": 121800000,
      "capex": -18600000,
      "gross_margin": 0.47226666666666667,
      "op_margin": 0.17533333333333334,
      "fcf_margin": 0.1376,
      "incr_op_margin_yoy": 0.7207792207792207,
      "rev_growth_yoy": -0.020120198588973084,
      "rev_growth_yoy_accel": 0.06883846179825873,
      "op_leverage_ratio": 13.108116467105553,
      "fcf_margin_change": 0.10557817346352671
    },
    {
      "date": "2024-12-31T00:00:00",
      "quarter_label": "2024-12 (Q4)",
      "revenue": 776800000,
      "gross_profit": null,
      "operating_income": 149300000,
      "net_income": null,
      "opex": null,
      "cogs": null,
      "rd": 42400000,
      "sga": 151000000,
      "fcf": 148000000,
      "ocf": 168100000,
      "capex": -20100000,
      "gross_margin": null,
      "op_margin": 0.19219876416065912,
      "fcf_margin": 0.19052523171987643,
      "incr_op_margin_yoy": -0.23770491803278687,
      "rev_growth_yoy": -0.015462610899873257,
      "rev_growth_yoy_accel": 0.004657587689099827,
      "fcf_margin_change": 0.052925231719876425
    },
    {
      "date": "2025-03-28T00:00:00",
      "quarter_label": "2025-03 (Q1)",
      "revenue": 741100000,
      "gross_profit": 350200000,
      "operating_income": 130100000,
      "net_income": null,
      "opex": 220100000,
      "cogs": 390900000,
      "rd": 40200000,
      "sga": 160300000,
      "fcf": 92700000,
      "ocf": 110400000,
      "capex": -17700000,
      "gross_margin": 0.47254081770341383,
      "op_margin": 0.17554985831871542,
      "fcf_margin": 0.1250843340979625,
      "incr_op_margin_yoy": 0.8163265306122449,
      "rev_growth_yoy": -0.019449589838581634,
      "rev_growth_yoy_accel": -0.003986978938708377,
      "fcf_margin_change": -0.06544089762191393
    },
    {
      "date": "2025-06-27T00:00:00",
      "quarter_label": "2025-06 (Q2)",
      "revenue": 773500000,
      "gross_profit": 370400000,
      "operating_income": 136400000,
      "net_income": null,
      "opex": 234000000,
      "cogs": 403100000,
      "rd": 47500000,
      "sga": 167300000,
      "fcf": 83300000,
      "ocf": 100000000,
      "capex": -16700000,
      "gross_margin": 0.4788623141564318,
      "op_margin": 0.17634130575307047,
      "fcf_margin": 0.1076923076923077,
      "incr_op_margin_yoy": 0.2892347600518807,
      "rev_growth_yoy": 0.11071223434807582,
      "rev_growth_yoy_accel": 0.13016182418665745,
      "op_leverage_ratio": 0.6922666966952682,
      "fcf_margin_change": -0.017392026405654792
    },
    {
      "date": "2025-09-26T00:00:00",
      "quarter_label": "2025-09 (Q3)",
      "revenue": 752500000,
      "gross_profit": 356100000,
      "operating_income": 142400000,
      "net_income": null,
      "opex": 213700000,
      "cogs": 396400000,
      "rd": 44400000,
      "sga": 151000000,
      "fcf": 90300000,
      "ocf": 110500000,
      "capex": -20200000,
      "gross_margin": 0.47322259136212624,
      "op_margin": 0.1892358803986711,
      "fcf_margin": 0.12,
      "incr_op_margin_yoy": 4.36,
      "rev_growth_yoy": 0.0033333333333333335,
      "rev_growth_yoy_accel": -0.1073789010147425,
      "fcf_margin_change": 0.012307692307692297
    },
    {
      "date": "2025-12-31T00:00:00",
      "quarter_label": "2025-12 (Q4)",
      "revenue": 808500000,
      "gross_profit": null,
      "operating_income": 152700000,
      "net_income": null,
      "opex": null,
      "cogs": null,
      "rd": 43600000,
      "sga": 160800000,
      "fcf": 174800000,
      "ocf": 190100000,
      "capex": -15300000,
      "gross_margin": null,
      "op_margin": 0.1888682745825603,
      "fcf_margin": 0.21620284477427335,
      "incr_op_margin_yoy": 0.10725552050473186,
      "rev_growth_yoy": 0.04080844490216272,
      "rev_growth_yoy_accel": 0.037475111568829385,
      "fcf_margin_change": 0.09620284477427335
    }
  ],
  "signals": [
    {
      "quarter": "2025-12 (Q4)",
      "signal": "FCF MARGIN EXPANSION",
      "detail": "FCF margin: +12.0% -> +21.6% (+9.6%)",
      "severity": "MEDIUM"
    },
    {
      "quarter": "2025-09 (Q3)",
      "signal": "YoY REVENUE GROWTH DECELERATION",
      "detail": "YoY growth: +0.3% vs prior quarter YoY: +11.1% (decel: -10.7%)",
      "severity": "WARNING"
    },
    {
      "quarter": "2025-09 (Q3)",
      "signal": "INCREMENTAL MARGIN (YoY)",
      "detail": "YoY Incr OPM: +436.0% vs year-ago OPM: +17.5%",
      "severity": "HIGH"
    },
    {
      "quarter": "2025-06 (Q2)",
      "signal": "YoY REVENUE GROWTH ACCELERATION",
      "detail": "YoY growth: +11.1% vs prior quarter YoY: -1.9% (accel: +13.0%)",
      "severity": "MEDIUM"
    },
    {
      "quarter": "2025-06 (Q2)",
      "signal": "INCREMENTAL MARGIN (YoY)",
      "detail": "YoY Incr OPM: +28.9% vs year-ago OPM: +16.4%",
      "severity": "MEDIUM"
    },
    {
      "quarter": "2025-03 (Q1)",
      "signal": "INCREMENTAL MARGIN (YoY)",
      "detail": "YoY Incr OPM: +81.6% vs year-ago OPM: +18.8%",
      "severity": "HIGH"
    },
    {
      "quarter": "2024-12 (Q4)",
      "signal": "FCF MARGIN EXPANSION",
      "detail": "FCF margin: +13.8% -> +19.1% (+5.3%)",
      "severity": "MEDIUM"
    },
    {
      "quarter": "2024-09 (Q3)",
      "signal": "FCF MARGIN EXPANSION",
      "detail": "FCF margin: +3.2% -> +13.8% (+10.6%)",
      "severity": "MEDIUM"
    },
    {
      "quarter": "2024-09 (Q3)",
      "signal": "OPERATING LEVERAGE",
      "detail": "Rev growth +7.7% vs OpEx growth +0.6% (leverage: 13.1x)",
      "severity": "MEDIUM"
    },
    {
      "quarter": "2024-09 (Q3)",
      "signal": "YoY REVENUE GROWTH ACCELERATION",
      "detail": "YoY growth: -2.0% vs prior quarter YoY: -8.9% (accel: +6.9%)",
      "severity": "MEDIUM"
    },
    {
      "quarter": "2024-09 (Q3)",
      "signal": "INCREMENTAL MARGIN (YoY)",
      "detail": "YoY Incr OPM: +72.1% vs year-ago OPM: +18.6%",
      "severity": "HIGH"
    },
    {
      "quarter": "2024-06 (Q2)",
      "signal": "YoY REVENUE GROWTH DECELERATION",
      "detail": "YoY growth: -8.9% vs prior quarter YoY: -2.7% (decel: -6.2%)",
      "severity": "WARNING"
    },
    {
      "quarter": "2024-03 (Q1)",
      "signal": "YoY REVENUE GROWTH ACCELERATION",
      "detail": "YoY growth: -2.7% vs prior quarter YoY: -9.5% (accel: +6.9%)",
      "severity": "MEDIUM"
    },
    {
      "quarter": "2023-12 (Q4)",
      "signal": "YoY REVENUE GROWTH DECELERATION",
      "detail": "YoY growth: -9.5% vs prior quarter YoY: -2.9% (decel: -6.6%)",
      "severity": "WARNING"
    },
    {
      "quarter": "2023-09 (Q3)",
      "signal": "FCF MARGIN EXPANSION",
      "detail": "FCF margin: +8.5% -> +14.9% (+6.4%)",
      "severity": "MEDIUM"
    },
    {
      "quarter": "2023-09 (Q3)",
      "signal": "INCREMENTAL MARGIN (YoY)",
      "detail": "YoY Incr OPM: +33.6% vs year-ago OPM: +19.1%",
      "severity": "MEDIUM"
    },
    {
      "quarter": "2023-06 (Q2)",
      "signal": "YoY REVENUE GROWTH DECELERATION",
      "detail": "YoY growth: -1.5% vs prior quarter YoY: +3.8% (decel: -5.3%)",
      "severity": "WARNING"
    },
    {
      "quarter": "2023-06 (Q2)",
      "signal": "INCREMENTAL MARGIN (YoY)",
      "detail": "YoY Incr OPM: +132.5% vs year-ago OPM: +17.6%",
      "severity": "HIGH"
    },
    {
      "quarter": "2023-03 (Q1)",
      "signal": "YoY REVENUE GROWTH DECELERATION",
      "detail": "YoY growth: +3.8% vs prior quarter YoY: +10.3% (decel: -6.6%)",
      "severity": "WARNING"
    },
    {
      "quarter": "2022-12 (Q4)",
      "signal": "FCF MARGIN EXPANSION",
      "detail": "FCF margin: +9.5% -> +18.9% (+9.4%)",
      "severity": "MEDIUM"
    },
    {
      "quarter": "2022-12 (Q4)",
      "signal": "YoY REVENUE GROWTH ACCELERATION",
      "detail": "YoY growth: +10.3% vs prior quarter YoY: +2.5% (accel: +7.8%)",
      "severity": "MEDIUM"
    },
    {
      "quarter": "2022-09 (Q3)",
      "signal": "FCF TURNED POSITIVE",
      "detail": "FCF margin: -0.8% -> +9.5%",
      "severity": "HIGH"
    },
    {
      "quarter": "2022-07 (Q3)",
      "signal": "INCREMENTAL MARGIN (YoY)",
      "detail": "YoY Incr OPM: +29.9% vs year-ago OPM: +16.7%",
      "severity": "MEDIUM"
    },
    {
      "quarter": "2021-10 (Q4)",
      "signal": "FCF MARGIN EXPANSION",
      "detail": "FCF margin: +5.9% -> +14.9% (+9.0%)",
      "severity": "MEDIUM"
    }
  ],
  "data_quality": {
    "n_quarters": 20,
    "coverage": {
      "revenue": [
        20,
        20
      ],
      "gross_profit": [
        17,
        20
      ],
      "op_income": [
        20,
        20
      ],
      "fcf": [
        20,
        20
      ]
    },
    "gaps": [],
    "warnings": []
  },
  "market_cap": null,
  "source": "SEC EDGAR",
  "last_updated": "2026-02-13T11:39:31.958330"
}