{
  "ticker": "VPG",
  "name": "Vishay Precision Group, Inc.",
  "quarters": [
    {
      "date": "2020-12-31T00:00:00",
      "quarter_label": "2020-12 (Q4)",
      "revenue": 75445000,
      "gross_profit": 28747000,
      "operating_income": 5921000,
      "net_income": 118000,
      "opex": 22826000,
      "cogs": 46698000,
      "rd": null,
      "sga": 20181000,
      "fcf": 12479000,
      "ocf": 12479000,
      "capex": null,
      "gross_margin": 0.3810325402611174,
      "op_margin": 0.07848101265822785,
      "fcf_margin": 0.16540526211147194
    },
    {
      "date": "2021-04-03T00:00:00",
      "quarter_label": "2021-04 (Q2)",
      "revenue": 70589000,
      "gross_profit": 28622000,
      "operating_income": 6439000,
      "net_income": 4961000,
      "opex": 22183000,
      "cogs": 41967000,
      "rd": null,
      "sga": 22183000,
      "fcf": 5623000,
      "ocf": 5623000,
      "capex": null,
      "gross_margin": 0.40547394069897574,
      "op_margin": 0.09121817846973325,
      "fcf_margin": 0.0796583037017099,
      "fcf_margin_change": -0.08574695840976204
    },
    {
      "date": "2021-07-03T00:00:00",
      "quarter_label": "2021-07 (Q3)",
      "revenue": 75339000,
      "gross_profit": 29798000,
      "operating_income": 4924000,
      "net_income": 3920000,
      "opex": 24874000,
      "cogs": 45541000,
      "rd": null,
      "sga": 22453000,
      "fcf": 6755000,
      "ocf": 6755000,
      "capex": null,
      "gross_margin": 0.39551892114309983,
      "op_margin": 0.06535791555502463,
      "fcf_margin": 0.0896613971515417,
      "op_leverage_ratio": 0.5547063807465262,
      "fcf_margin_change": 0.010003093449831801
    },
    {
      "date": "2021-10-02T00:00:00",
      "quarter_label": "2021-10 (Q4)",
      "revenue": 81974000,
      "gross_profit": 31845000,
      "operating_income": 7265000,
      "net_income": 5379000,
      "opex": 24580000,
      "cogs": 50129000,
      "rd": null,
      "sga": 24580000,
      "fcf": 5703000,
      "ocf": 5703000,
      "capex": null,
      "gross_margin": 0.388476834118135,
      "op_margin": 0.08862566179520336,
      "fcf_margin": 0.06957083953448655,
      "op_leverage_ratio": Infinity,
      "fcf_margin_change": -0.020090557617055152
    },
    {
      "date": "2021-12-31T00:00:00",
      "quarter_label": "2021-12 (Q4)",
      "revenue": 90017000,
      "gross_profit": 34877000,
      "operating_income": 8744000,
      "net_income": 5961000,
      "opex": 26133000,
      "cogs": 55140000,
      "rd": null,
      "sga": 26057000,
      "fcf": 15456000,
      "ocf": 15456000,
      "capex": null,
      "gross_margin": 0.3874490374040459,
      "op_margin": 0.09713720741637691,
      "fcf_margin": 0.17170090094093338,
      "incr_op_margin_yoy": 0.19372769695306066,
      "rev_growth_yoy": 0.19314732586652528,
      "op_leverage_ratio": 1.5529317314831548,
      "fcf_margin_change": 0.10213006140644683
    },
    {
      "date": "2022-04-02T00:00:00",
      "quarter_label": "2022-04 (Q2)",
      "revenue": 87665000,
      "gross_profit": 35250000,
      "operating_income": 8315000,
      "net_income": 6356000,
      "opex": 26935000,
      "cogs": 52415000,
      "rd": null,
      "sga": 26674000,
      "fcf": -273000,
      "ocf": -273000,
      "capex": null,
      "gross_margin": 0.4020988992186163,
      "op_margin": 0.0948497119717105,
      "fcf_margin": -0.0031141276450122627,
      "incr_op_margin_yoy": 0.10986179433122512,
      "rev_growth_yoy": 0.24190737933672385,
      "rev_growth_yoy_accel": 0.04876005347019857,
      "fcf_margin_change": -0.17481502858594564
    },
    {
      "date": "2022-07-02T00:00:00",
      "quarter_label": "2022-07 (Q3)",
      "revenue": 88618000,
      "gross_profit": 37334000,
      "operating_income": 10551000,
      "net_income": 10755000,
      "opex": 26783000,
      "cogs": 51284000,
      "rd": null,
      "sga": 25879000,
      "fcf": 9029000,
      "ocf": 9029000,
      "capex": null,
      "gross_margin": 0.42129138549730305,
      "op_margin": 0.11906159019612268,
      "fcf_margin": 0.10188674987022953,
      "incr_op_margin_yoy": 0.42375178853829354,
      "rev_growth_yoy": 0.17625665326059545,
      "rev_growth_yoy_accel": -0.0656507260761284,
      "op_leverage_ratio": Infinity,
      "fcf_margin_change": 0.10500087751524179
    },
    {
      "date": "2022-10-01T00:00:00",
      "quarter_label": "2022-10 (Q4)",
      "revenue": 90057000,
      "gross_profit": 37320000,
      "operating_income": 11884000,
      "net_income": 10118000,
      "opex": 25436000,
      "cogs": 52737000,
      "rd": null,
      "sga": 25271000,
      "fcf": 11759000,
      "ocf": 11759000,
      "capex": null,
      "gross_margin": 0.41440421066657784,
      "op_margin": 0.13196086922726719,
      "fcf_margin": 0.13057285941126176,
      "incr_op_margin_yoy": 0.5714462452059879,
      "rev_growth_yoy": 0.09860443555273624,
      "rev_growth_yoy_accel": -0.07765221770785921,
      "op_leverage_ratio": Infinity,
      "fcf_margin_change": 0.028686109541032234
    },
    {
      "date": "2022-12-31T00:00:00",
      "quarter_label": "2022-12 (Q4)",
      "revenue": 96240000,
      "gross_profit": 39698000,
      "operating_income": 13049000,
      "net_income": 8834000,
      "opex": 26649000,
      "cogs": 56542000,
      "rd": null,
      "sga": 26461000,
      "fcf": 12514000,
      "ocf": 12514000,
      "capex": null,
      "gross_margin": 0.4124896093100582,
      "op_margin": 0.13558811305070656,
      "fcf_margin": 0.13002909393183706,
      "incr_op_margin_yoy": 0.6917885264341957,
      "rev_growth_yoy": 0.06913138629370008,
      "rev_growth_yoy_accel": -0.029473049259036155,
      "op_leverage_ratio": 1.439692646429726,
      "fcf_margin_change": -0.000543765479424696
    },
    {
      "date": "2023-04-01T00:00:00",
      "quarter_label": "2023-04 (Q2)",
      "revenue": 88864000,
      "gross_profit": 37199000,
      "operating_income": 9924000,
      "net_income": 6964000,
      "opex": 27275000,
      "cogs": 51665000,
      "rd": null,
      "sga": 27159000,
      "fcf": 8443000,
      "ocf": 8443000,
      "capex": null,
      "gross_margin": 0.41860595966870723,
      "op_margin": 0.11167626935541952,
      "fcf_margin": 0.09501035289881167,
      "incr_op_margin_yoy": 1.3419516263552962,
      "rev_growth_yoy": 0.013677066103918325,
      "rev_growth_yoy_accel": -0.055454320189781754,
      "fcf_margin_change": -0.035018741033025394
    },
    {
      "date": "2023-07-01T00:00:00",
      "quarter_label": "2023-07 (Q3)",
      "revenue": 90802000,
      "gross_profit": 38712000,
      "operating_income": 11795000,
      "net_income": 8236000,
      "opex": 26917000,
      "cogs": 52090000,
      "rd": null,
      "sga": 26755000,
      "fcf": 9769000,
      "ocf": 9769000,
      "capex": null,
      "gross_margin": 0.42633422171317814,
      "op_margin": 0.1298980198674038,
      "fcf_margin": 0.10758573599700447,
      "incr_op_margin_yoy": 0.5695970695970696,
      "rev_growth_yoy": 0.024645105960414363,
      "rev_growth_yoy_accel": 0.010968039856496038,
      "op_leverage_ratio": Infinity,
      "fcf_margin_change": 0.012575383098192797
    },
    {
      "date": "2023-09-30T00:00:00",
      "quarter_label": "2023-09 (Q3)",
      "revenue": 85854000,
      "gross_profit": 35935000,
      "operating_income": 8224000,
      "net_income": 6280000,
      "opex": 27711000,
      "cogs": 49919000,
      "rd": null,
      "sga": 26558000,
      "fcf": 8898000,
      "ocf": 8898000,
      "capex": null,
      "gross_margin": 0.41855941482050923,
      "op_margin": 0.09579052810585413,
      "fcf_margin": 0.10364106506394577,
      "incr_op_margin_yoy": 0.8708065667380442,
      "rev_growth_yoy": -0.0466704420533662,
      "rev_growth_yoy_accel": -0.07131554801378057,
      "fcf_margin_change": -0.003944670933058697
    },
    {
      "date": "2023-12-31T00:00:00",
      "quarter_label": "2023-12 (Q4)",
      "revenue": 89528000,
      "gross_profit": 38496000,
      "operating_income": 12011000,
      "net_income": 4227000,
      "opex": 26485000,
      "cogs": 51032000,
      "rd": null,
      "sga": 26356000,
      "fcf": 18783000,
      "ocf": 18783000,
      "capex": null,
      "gross_margin": 0.4299883835224734,
      "op_margin": 0.1341591457421142,
      "fcf_margin": 0.2098002859440622,
      "incr_op_margin_yoy": 0.15464839094159713,
      "rev_growth_yoy": -0.06974231088944306,
      "rev_growth_yoy_accel": -0.023071868836076863,
      "op_leverage_ratio": Infinity,
      "fcf_margin_change": 0.10615922088011642
    },
    {
      "date": "2024-03-30T00:00:00",
      "quarter_label": "2024-03 (Q1)",
      "revenue": 80783000,
      "gross_profit": 35094000,
      "operating_income": 6918000,
      "net_income": 5891000,
      "opex": 28176000,
      "cogs": 45689000,
      "rd": 4851000,
      "sga": 27394000,
      "fcf": 6405000,
      "ocf": 6405000,
      "capex": null,
      "gross_margin": 0.4344230840647166,
      "op_margin": 0.08563682953096567,
      "fcf_margin": 0.07928648354232945,
      "incr_op_margin_yoy": 0.371983665387947,
      "rev_growth_yoy": -0.09093671227943824,
      "rev_growth_yoy_accel": -0.021194401389995177,
      "fcf_margin_change": -0.13051380240173274
    },
    {
      "date": "2024-06-29T00:00:00",
      "quarter_label": "2024-06 (Q2)",
      "revenue": 77359000,
      "gross_profit": 32407000,
      "operating_income": 5906000,
      "net_income": 4603000,
      "opex": 26501000,
      "cogs": 44952000,
      "rd": 4945000,
      "sga": 26501000,
      "fcf": 7465000,
      "ocf": 7465000,
      "capex": null,
      "gross_margin": 0.41891699737587096,
      "op_margin": 0.07634535089646971,
      "fcf_margin": 0.09649814501221578,
      "incr_op_margin_yoy": 0.4380718589600536,
      "rev_growth_yoy": -0.148047399837008,
      "rev_growth_yoy_accel": -0.05711068755756975,
      "fcf_margin_change": 0.017211661469886327
    },
    {
      "date": "2024-09-28T00:00:00",
      "quarter_label": "2024-09 (Q3)",
      "revenue": 75727000,
      "gross_profit": 30260000,
      "operating_income": 3841000,
      "net_income": -1351000,
      "opex": 26419000,
      "cogs": 45467000,
      "rd": 4897000,
      "sga": 26337000,
      "fcf": -831000,
      "ocf": -831000,
      "capex": null,
      "gross_margin": 0.3995932758461315,
      "op_margin": 0.05072167126652317,
      "fcf_margin": -0.010973628956646903,
      "incr_op_margin_yoy": 0.4328033968598795,
      "rev_growth_yoy": -0.11795606494746896,
      "rev_growth_yoy_accel": 0.030091334889539023,
      "fcf_margin_change": -0.10747177396886268
    },
    {
      "date": "2024-12-31T00:00:00",
      "quarter_label": "2024-12 (Q4)",
      "revenue": 72653000,
      "gross_profit": 27771000,
      "operating_income": 199000,
      "net_income": 768000,
      "opex": 27572000,
      "cogs": 44882000,
      "rd": 5266000,
      "sga": 27273000,
      "fcf": 6776000,
      "ocf": 6776000,
      "capex": null,
      "gross_margin": 0.38224161424855135,
      "op_margin": 0.0027390472520061114,
      "fcf_margin": 0.09326524713363522,
      "incr_op_margin_yoy": 0.6999703703703704,
      "rev_growth_yoy": -0.18848851755875257,
      "rev_growth_yoy_accel": -0.0705324526112836,
      "fcf_margin_change": 0.10423887609028212
    },
    {
      "date": "2025-03-29T00:00:00",
      "quarter_label": "2025-03 (Q1)",
      "revenue": 71741000,
      "gross_profit": 27045000,
      "operating_income": -60000,
      "net_income": -942000,
      "opex": 27105000,
      "cogs": 44696000,
      "rd": 4865000,
      "sga": 26710000,
      "fcf": 5249000,
      "ocf": 5249000,
      "capex": null,
      "gross_margin": 0.3769810847353675,
      "op_margin": -0.0008363418407883916,
      "fcf_margin": 0.07316597203830445,
      "incr_op_margin_yoy": 0.7717319177173192,
      "rev_growth_yoy": -0.11192949011549459,
      "rev_growth_yoy_accel": 0.07655902744325797,
      "fcf_margin_change": -0.02009927509533077
    },
    {
      "date": "2025-06-28T00:00:00",
      "quarter_label": "2025-06 (Q2)",
      "revenue": 75161000,
      "gross_profit": 30594000,
      "operating_income": 2708000,
      "net_income": 248000,
      "opex": 27886000,
      "cogs": 44567000,
      "rd": 5392000,
      "sga": 27701000,
      "fcf": 5962000,
      "ocf": 5962000,
      "capex": null,
      "gross_margin": 0.40704620747462117,
      "op_margin": 0.0360293237184178,
      "fcf_margin": 0.07932305317917537,
      "incr_op_margin_yoy": 1.4549590536851684,
      "rev_growth_yoy": -0.028412983621815175,
      "rev_growth_yoy_accel": 0.08351650649367942,
      "op_leverage_ratio": 1.6544629947380964,
      "fcf_margin_change": 0.006157081140870921
    },
    {
      "date": "2025-09-27T00:00:00",
      "quarter_label": "2025-09 (Q3)",
      "revenue": 79728000,
      "gross_profit": 32125000,
      "operating_income": 10159000,
      "net_income": 7858000,
      "opex": 21966000,
      "cogs": 47603000,
      "rd": 5039000,
      "sga": 27296000,
      "fcf": -1257000,
      "ocf": -1257000,
      "capex": null,
      "gross_margin": 0.4029324703993578,
      "op_margin": 0.12742073048364438,
      "fcf_margin": -0.015766104756170983,
      "incr_op_margin_yoy": 1.5791052236940766,
      "rev_growth_yoy": 0.052834524013892006,
      "rev_growth_yoy_accel": 0.08124750763570718,
      "op_leverage_ratio": Infinity,
      "fcf_margin_change": -0.09508915793534636
    }
  ],
  "signals": [
    {
      "quarter": "2025-09 (Q3)",
      "signal": "YoY REVENUE GROWTH ACCELERATION",
      "detail": "YoY growth: +5.3% vs prior quarter YoY: -2.8% (accel: +8.1%)",
      "severity": "MEDIUM"
    },
    {
      "quarter": "2025-09 (Q3)",
      "signal": "INCREMENTAL MARGIN (YoY)",
      "detail": "YoY Incr OPM: +157.9% vs year-ago OPM: +5.1%",
      "severity": "HIGH"
    },
    {
      "quarter": "2025-06 (Q2)",
      "signal": "OPERATING LEVERAGE",
      "detail": "Rev growth +4.8% vs OpEx growth +2.9% (leverage: 1.7x)",
      "severity": "MEDIUM"
    },
    {
      "quarter": "2025-06 (Q2)",
      "signal": "GROSS MARGIN INFLECTION",
      "detail": "GM: +38.2% -> +37.7% -> +40.7% (reversal +3.0%)",
      "severity": "MEDIUM"
    },
    {
      "quarter": "2025-06 (Q2)",
      "signal": "YoY REVENUE GROWTH ACCELERATION",
      "detail": "YoY growth: -2.8% vs prior quarter YoY: -11.2% (accel: +8.4%)",
      "severity": "MEDIUM"
    },
    {
      "quarter": "2025-06 (Q2)",
      "signal": "INCREMENTAL MARGIN (YoY)",
      "detail": "YoY Incr OPM: +145.5% vs year-ago OPM: +7.6%",
      "severity": "HIGH"
    },
    {
      "quarter": "2025-06 (Q2)",
      "signal": "OP MARGIN TURNED POSITIVE (QoQ)",
      "detail": "Op margin: -0.1% -> +3.6%",
      "severity": "HIGH"
    },
    {
      "quarter": "2025-03 (Q1)",
      "signal": "YoY REVENUE GROWTH ACCELERATION",
      "detail": "YoY growth: -11.2% vs prior quarter YoY: -18.8% (accel: +7.7%)",
      "severity": "MEDIUM"
    },
    {
      "quarter": "2024-12 (Q4)",
      "signal": "FCF TURNED POSITIVE",
      "detail": "FCF margin: -1.1% -> +9.3%",
      "severity": "HIGH"
    },
    {
      "quarter": "2024-12 (Q4)",
      "signal": "YoY REVENUE GROWTH DECELERATION",
      "detail": "YoY growth: -18.8% vs prior quarter YoY: -11.8% (decel: -7.1%)",
      "severity": "WARNING"
    },
    {
      "quarter": "2024-12 (Q4)",
      "signal": "INCREMENTAL MARGIN (YoY)",
      "detail": "YoY Incr OPM: +70.0% vs year-ago OPM: +13.4%",
      "severity": "HIGH"
    },
    {
      "quarter": "2024-09 (Q3)",
      "signal": "INCREMENTAL MARGIN (YoY)",
      "detail": "YoY Incr OPM: +43.3% vs year-ago OPM: +9.6%",
      "severity": "HIGH"
    },
    {
      "quarter": "2024-06 (Q2)",
      "signal": "YoY REVENUE GROWTH DECELERATION",
      "detail": "YoY growth: -14.8% vs prior quarter YoY: -9.1% (decel: -5.7%)",
      "severity": "WARNING"
    },
    {
      "quarter": "2024-06 (Q2)",
      "signal": "INCREMENTAL MARGIN (YoY)",
      "detail": "YoY Incr OPM: +43.8% vs year-ago OPM: +13.0%",
      "severity": "HIGH"
    },
    {
      "quarter": "2024-03 (Q1)",
      "signal": "INCREMENTAL MARGIN (YoY)",
      "detail": "YoY Incr OPM: +37.2% vs year-ago OPM: +11.2%",
      "severity": "HIGH"
    },
    {
      "quarter": "2023-12 (Q4)",
      "signal": "FCF MARGIN EXPANSION",
      "detail": "FCF margin: +10.4% -> +21.0% (+10.6%)",
      "severity": "MEDIUM"
    },
    {
      "quarter": "2023-09 (Q3)",
      "signal": "YoY REVENUE GROWTH DECELERATION",
      "detail": "YoY growth: -4.7% vs prior quarter YoY: +2.5% (decel: -7.1%)",
      "severity": "WARNING"
    },
    {
      "quarter": "2023-09 (Q3)",
      "signal": "INCREMENTAL MARGIN (YoY)",
      "detail": "YoY Incr OPM: +87.1% vs year-ago OPM: +13.2%",
      "severity": "HIGH"
    },
    {
      "quarter": "2023-07 (Q3)",
      "signal": "INCREMENTAL MARGIN (YoY)",
      "detail": "YoY Incr OPM: +57.0% vs year-ago OPM: +11.9%",
      "severity": "HIGH"
    },
    {
      "quarter": "2023-04 (Q2)",
      "signal": "YoY REVENUE GROWTH DECELERATION",
      "detail": "YoY growth: +1.4% vs prior quarter YoY: +6.9% (decel: -5.5%)",
      "severity": "WARNING"
    },
    {
      "quarter": "2023-04 (Q2)",
      "signal": "INCREMENTAL MARGIN (YoY)",
      "detail": "YoY Incr OPM: +134.2% vs year-ago OPM: +9.5%",
      "severity": "HIGH"
    },
    {
      "quarter": "2022-12 (Q4)",
      "signal": "INCREMENTAL MARGIN (YoY)",
      "detail": "YoY Incr OPM: +69.2% vs year-ago OPM: +9.7%",
      "severity": "HIGH"
    },
    {
      "quarter": "2022-10 (Q4)",
      "signal": "YoY REVENUE GROWTH DECELERATION",
      "detail": "YoY growth: +9.9% vs prior quarter YoY: +17.6% (decel: -7.8%)",
      "severity": "WARNING"
    },
    {
      "quarter": "2022-10 (Q4)",
      "signal": "INCREMENTAL MARGIN (YoY)",
      "detail": "YoY Incr OPM: +57.1% vs year-ago OPM: +8.9%",
      "severity": "HIGH"
    },
    {
      "quarter": "2022-07 (Q3)",
      "signal": "FCF TURNED POSITIVE",
      "detail": "FCF margin: -0.3% -> +10.2%",
      "severity": "HIGH"
    },
    {
      "quarter": "2022-07 (Q3)",
      "signal": "YoY REVENUE GROWTH DECELERATION",
      "detail": "YoY growth: +17.6% vs prior quarter YoY: +24.2% (decel: -6.6%)",
      "severity": "WARNING"
    },
    {
      "quarter": "2022-07 (Q3)",
      "signal": "INCREMENTAL MARGIN (YoY)",
      "detail": "YoY Incr OPM: +42.4% vs year-ago OPM: +6.5%",
      "severity": "HIGH"
    },
    {
      "quarter": "2021-12 (Q4)",
      "signal": "FCF MARGIN EXPANSION",
      "detail": "FCF margin: +7.0% -> +17.2% (+10.2%)",
      "severity": "MEDIUM"
    },
    {
      "quarter": "2021-12 (Q4)",
      "signal": "OPERATING LEVERAGE",
      "detail": "Rev growth +9.8% vs OpEx growth +6.3% (leverage: 1.6x)",
      "severity": "MEDIUM"
    },
    {
      "quarter": "2021-12 (Q4)",
      "signal": "INCREMENTAL MARGIN (YoY)",
      "detail": "YoY Incr OPM: +19.4% vs year-ago OPM: +7.8%",
      "severity": "MEDIUM"
    }
  ],
  "data_quality": {
    "n_quarters": 20,
    "coverage": {
      "revenue": [
        20,
        20
      ],
      "gross_profit": [
        20,
        20
      ],
      "op_income": [
        20,
        20
      ],
      "fcf": [
        20,
        20
      ]
    },
    "gaps": [],
    "warnings": []
  },
  "market_cap": null,
  "source": "SEC EDGAR",
  "last_updated": "2026-02-02T22:19:09.944633"
}