{
  "ticker": "VRA",
  "name": "VERA BRADLEY, INC.",
  "quarters": [
    {
      "date": "2021-01-30T00:00:00",
      "quarter_label": "2021-01 (Q1)",
      "revenue": 142369000,
      "gross_profit": 77878000,
      "operating_income": 8976000,
      "net_income": 7928000,
      "opex": 68902000,
      "cogs": 64491000,
      "rd": null,
      "sga": 68948000,
      "fcf": 18507000,
      "ocf": 19072000,
      "capex": -565000,
      "gross_margin": 0.5470151507701817,
      "op_margin": 0.06304743307883036,
      "fcf_margin": 0.12999318671901888
    },
    {
      "date": "2021-05-01T00:00:00",
      "quarter_label": "2021-05 (Q2)",
      "revenue": 109094000,
      "gross_profit": 59164000,
      "operating_income": -1959000,
      "net_income": -2145000,
      "opex": 61123000,
      "cogs": 49930000,
      "rd": null,
      "sga": 60896000,
      "fcf": -10543000,
      "ocf": -10040000,
      "capex": -503000,
      "gross_margin": 0.5423213008964746,
      "op_margin": -0.01795699121858214,
      "fcf_margin": -0.09664142849285937,
      "fcf_margin_change": -0.22663461521187825
    },
    {
      "date": "2021-07-31T00:00:00",
      "quarter_label": "2021-07 (Q3)",
      "revenue": 147048000,
      "gross_profit": 80361000,
      "operating_income": 12648000,
      "net_income": 9050000,
      "opex": 67713000,
      "cogs": 66687000,
      "rd": null,
      "sga": 68729000,
      "fcf": 24749000,
      "ocf": 26527000,
      "capex": -1778000,
      "gross_margin": 0.5464950220336217,
      "op_margin": 0.08601273053696752,
      "fcf_margin": 0.16830558729122463,
      "op_leverage_ratio": 3.2268288769248654,
      "fcf_margin_change": 0.264947015784084
    },
    {
      "date": "2021-10-30T00:00:00",
      "quarter_label": "2021-10 (Q4)",
      "revenue": 134735000,
      "gross_profit": 72278000,
      "operating_income": 7952000,
      "net_income": 5778000,
      "opex": 64326000,
      "cogs": 62457000,
      "rd": null,
      "sga": 64458000,
      "fcf": 972000,
      "ocf": 2724000,
      "capex": -1752000,
      "gross_margin": 0.536445615467399,
      "op_margin": 0.0590195569080046,
      "fcf_margin": 0.007214161131109215,
      "fcf_margin_change": -0.16109142616011543
    },
    {
      "date": "2022-01-29T00:00:00",
      "quarter_label": "2022-01 (Q1)",
      "revenue": 149576000,
      "gross_profit": 76140000,
      "operating_income": 8270000,
      "net_income": 5155000,
      "opex": 67870000,
      "cogs": 73436000,
      "rd": null,
      "sga": 67910000,
      "fcf": 19194000,
      "ocf": 20650000,
      "capex": -1456000,
      "gross_margin": 0.509038883243301,
      "op_margin": 0.05528961865539926,
      "fcf_margin": 0.1283227255709472,
      "incr_op_margin_yoy": -0.09796031635909533,
      "rev_growth_yoy": 0.05062197528956444,
      "op_leverage_ratio": 1.9992889771670348,
      "fcf_margin_change": 0.12110856443983799
    },
    {
      "date": "2022-04-30T00:00:00",
      "quarter_label": "2022-04 (Q2)",
      "revenue": 98459000,
      "gross_profit": 52514000,
      "operating_income": -8233000,
      "net_income": -6974000,
      "opex": 60747000,
      "cogs": 45945000,
      "rd": null,
      "sga": 60914000,
      "fcf": -12827000,
      "ocf": -11082000,
      "capex": -1745000,
      "gross_margin": 0.5333590631633471,
      "op_margin": -0.08361856204105263,
      "fcf_margin": -0.13027757746879412,
      "incr_op_margin_yoy": 0.5899388810531264,
      "rev_growth_yoy": -0.09748473793242525,
      "rev_growth_yoy_accel": -0.1481067132219897,
      "fcf_margin_change": -0.25860030303974135
    },
    {
      "date": "2022-07-30T00:00:00",
      "quarter_label": "2022-07 (Q3)",
      "revenue": 130371000,
      "gross_profit": 60517000,
      "operating_income": -42821000,
      "net_income": -29767000,
      "opex": 103338000,
      "cogs": 69854000,
      "rd": null,
      "sga": 74042000,
      "fcf": -18682000,
      "ocf": -16036000,
      "capex": -2646000,
      "gross_margin": 0.4641906558974005,
      "op_margin": -0.3284549478028089,
      "fcf_margin": -0.1432987397504046,
      "incr_op_margin_yoy": 3.3260778317443185,
      "rev_growth_yoy": -0.11341194711930798,
      "rev_growth_yoy_accel": -0.01592720918688273,
      "op_leverage_ratio": 0.462280528175502,
      "fcf_margin_change": -0.013021162281610488
    },
    {
      "date": "2022-10-29T00:00:00",
      "quarter_label": "2022-10 (Q4)",
      "revenue": 124040000,
      "gross_profit": 65876000,
      "operating_income": 5958000,
      "net_income": 5167000,
      "opex": 59918000,
      "cogs": 58164000,
      "rd": null,
      "sga": 60059000,
      "fcf": -12217000,
      "ocf": -9640000,
      "capex": -2577000,
      "gross_margin": 0.5310867462108997,
      "op_margin": 0.04803289261528539,
      "fcf_margin": -0.09849242179941954,
      "incr_op_margin_yoy": 0.18644226273959794,
      "rev_growth_yoy": -0.07937803837161836,
      "rev_growth_yoy_accel": 0.03403390874768962,
      "fcf_margin_change": 0.04480631795098507
    },
    {
      "date": "2023-01-28T00:00:00",
      "quarter_label": "2023-01 (Q1)",
      "revenue": 147091000,
      "gross_profit": 60037000,
      "operating_income": -49775000,
      "net_income": -28161000,
      "opex": 109812000,
      "cogs": 87054000,
      "rd": null,
      "sga": 70001000,
      "fcf": 22066000,
      "ocf": 23337000,
      "capex": -1271000,
      "gross_margin": 0.4081622940900531,
      "op_margin": -0.3383959589641786,
      "fcf_margin": 0.15001597650434084,
      "incr_op_margin_yoy": 23.358148893360163,
      "rev_growth_yoy": -0.016613627854736055,
      "rev_growth_yoy_accel": 0.06276441051688231,
      "op_leverage_ratio": 0.22317060927631588,
      "fcf_margin_change": 0.24850839830376037
    },
    {
      "date": "2023-04-29T00:00:00",
      "quarter_label": "2023-04 (Q2)",
      "revenue": 94362000,
      "gross_profit": 51749000,
      "operating_income": -6386000,
      "net_income": -4679000,
      "opex": 58135000,
      "cogs": 42613000,
      "rd": null,
      "sga": 58506000,
      "fcf": -9573000,
      "ocf": -8755000,
      "capex": -818000,
      "gross_margin": 0.548409317309934,
      "op_margin": -0.06767554736016616,
      "fcf_margin": -0.10144973612259173,
      "incr_op_margin_yoy": -0.45081767146692703,
      "rev_growth_yoy": -0.041611229039498675,
      "rev_growth_yoy_accel": -0.02499760118476262,
      "fcf_margin_change": -0.25146571262693257
    },
    {
      "date": "2023-07-29T00:00:00",
      "quarter_label": "2023-07 (Q3)",
      "revenue": 128172000,
      "gross_profit": 72016000,
      "operating_income": 12871000,
      "net_income": 9254000,
      "opex": 59145000,
      "cogs": 56156000,
      "rd": null,
      "sga": 59405000,
      "fcf": 23821000,
      "ocf": 24730000,
      "capex": -909000,
      "gross_margin": 0.5618699872046937,
      "op_margin": 0.10041974846300283,
      "fcf_margin": 0.18585182411135037,
      "incr_op_margin_yoy": -25.32605729877217,
      "rev_growth_yoy": -0.016867248084313228,
      "rev_growth_yoy_accel": 0.024743980955185447,
      "op_leverage_ratio": 20.623593341085233,
      "fcf_margin_change": 0.2873015602339421
    },
    {
      "date": "2023-10-28T00:00:00",
      "quarter_label": "2023-10 (Q4)",
      "revenue": 114987000,
      "gross_profit": 63007000,
      "operating_income": 6786000,
      "net_income": 5118000,
      "opex": 56221000,
      "cogs": 51980000,
      "rd": null,
      "sga": 56363000,
      "fcf": 4264000,
      "ocf": 5083000,
      "capex": -819000,
      "gross_margin": 0.5479488985711428,
      "op_margin": 0.05901536695452529,
      "fcf_margin": 0.03708245279901206,
      "incr_op_margin_yoy": -0.09146139401303435,
      "rev_growth_yoy": -0.07298452112221863,
      "rev_growth_yoy_accel": -0.05611727303790541,
      "fcf_margin_change": -0.1487693713123383
    },
    {
      "date": "2024-02-03T00:00:00",
      "quarter_label": "2024-02 (Q1)",
      "revenue": 133265000,
      "gross_profit": 69641000,
      "operating_income": -2829000,
      "net_income": -1855000,
      "opex": 72470000,
      "cogs": 63624000,
      "rd": null,
      "sga": 67183000,
      "fcf": 25711000,
      "ocf": 26935000,
      "capex": -1224000,
      "gross_margin": 0.5225753198514238,
      "op_margin": -0.021228379544516566,
      "fcf_margin": 0.1929313773308821,
      "incr_op_margin_yoy": -3.3954867640676984,
      "rev_growth_yoy": -0.09399623362408305,
      "rev_growth_yoy_accel": -0.021011712501864413,
      "op_leverage_ratio": 0.5499862816720127,
      "fcf_margin_change": 0.15584892453187002
    },
    {
      "date": "2024-05-04T00:00:00",
      "quarter_label": "2024-05 (Q2)",
      "revenue": 80603000,
      "gross_profit": 41909000,
      "operating_income": -11430000,
      "net_income": -8121000,
      "opex": 33908000,
      "cogs": 38694000,
      "rd": null,
      "sga": 53781000,
      "fcf": -15412000,
      "ocf": -14549000,
      "capex": -863000,
      "gross_margin": 0.5199434264233341,
      "op_margin": -0.14180613624803046,
      "fcf_margin": -0.19120876394178876,
      "incr_op_margin_yoy": 0.36659640962279233,
      "rev_growth_yoy": -0.1458108136749963,
      "rev_growth_yoy_accel": -0.051814580050913245,
      "fcf_margin_change": -0.3841401412726708
    },
    {
      "date": "2024-08-03T00:00:00",
      "quarter_label": "2024-08 (Q3)",
      "revenue": 110822000,
      "gross_profit": 56361000,
      "operating_income": 2872000,
      "net_income": 5706000,
      "opex": 47294000,
      "cogs": 54461000,
      "rd": null,
      "sga": 53627000,
      "fcf": -1388000,
      "ocf": 1398000,
      "capex": -2786000,
      "gross_margin": 0.508572305137969,
      "op_margin": 0.025915431953944162,
      "fcf_margin": -0.012524588980527333,
      "incr_op_margin_yoy": 0.5763112391930836,
      "rev_growth_yoy": -0.1353649783103954,
      "rev_growth_yoy_accel": 0.010445835364600892,
      "op_leverage_ratio": 0.9496864381586186,
      "fcf_margin_change": 0.17868417496126143
    },
    {
      "date": "2024-11-02T00:00:00",
      "quarter_label": "2024-11 (Q4)",
      "revenue": 80578000,
      "gross_profit": 43609000,
      "operating_income": -10474000,
      "net_income": -12800000,
      "opex": 32066000,
      "cogs": 36969000,
      "rd": null,
      "sga": 54220000,
      "fcf": -25007000,
      "ocf": -22606000,
      "capex": -2401000,
      "gross_margin": 0.541202313286505,
      "op_margin": -0.12998585221772693,
      "fcf_margin": -0.3103452555288044,
      "incr_op_margin_yoy": 0.5016129501002645,
      "rev_growth_yoy": -0.29924252306782506,
      "rev_growth_yoy_accel": -0.16387754475742966,
      "fcf_margin_change": -0.29782066654827705
    },
    {
      "date": "2025-02-01T00:00:00",
      "quarter_label": "2025-02 (Q1)",
      "revenue": 99964000,
      "gross_profit": 44960000,
      "operating_income": -23324000,
      "net_income": -46973000,
      "opex": 68284000,
      "cogs": 55004000,
      "rd": null,
      "sga": 62180000,
      "fcf": 17332000,
      "ocf": 21655000,
      "capex": -4323000,
      "gross_margin": 0.4497619142891441,
      "op_margin": -0.23332399663878997,
      "fcf_margin": 0.17338241767036133,
      "incr_op_margin_yoy": 0.6154469835740668,
      "rev_growth_yoy": -0.2498855663527558,
      "rev_growth_yoy_accel": 0.04935695671506926,
      "op_leverage_ratio": 0.21300610379203472,
      "fcf_margin_change": 0.4837276731991657
    },
    {
      "date": "2025-05-03T00:00:00",
      "quarter_label": "2025-05 (Q2)",
      "revenue": 51652000,
      "gross_profit": 22767000,
      "operating_income": -17857000,
      "net_income": -33460000,
      "opex": 28885000,
      "cogs": 28885000,
      "rd": null,
      "sga": 40804000,
      "fcf": -19773000,
      "ocf": -17902000,
      "capex": -1871000,
      "gross_margin": 0.44077673662200884,
      "op_margin": -0.34571749399829627,
      "fcf_margin": -0.38281189498954543,
      "incr_op_margin_yoy": 0.221995785983213,
      "rev_growth_yoy": -0.3591801793977892,
      "rev_growth_yoy_accel": -0.10929461304503338,
      "fcf_margin_change": -0.5561943126599067
    },
    {
      "date": "2025-08-02T00:00:00",
      "quarter_label": "2025-08 (Q3)",
      "revenue": 70858000,
      "gross_profit": 35497000,
      "operating_income": -4592000,
      "net_income": -4672000,
      "opex": 35361000,
      "cogs": 35361000,
      "rd": null,
      "sga": 40442000,
      "fcf": -6138000,
      "ocf": -5396000,
      "capex": -742000,
      "gross_margin": 0.5009596658104942,
      "op_margin": -0.06480566767337492,
      "fcf_margin": -0.08662395212961134,
      "incr_op_margin_yoy": 0.18676809128215394,
      "rev_growth_yoy": -0.3606143184566241,
      "rev_growth_yoy_accel": -0.0014341390588349379,
      "op_leverage_ratio": 1.6584993817846971,
      "fcf_margin_change": 0.2961879428599341
    },
    {
      "date": "2025-11-01T00:00:00",
      "quarter_label": "2025-11 (Q4)",
      "revenue": 62253000,
      "gross_profit": 26186000,
      "operating_income": -12174000,
      "net_income": -12365000,
      "opex": 36067000,
      "cogs": 36067000,
      "rd": null,
      "sga": 38670000,
      "fcf": -4455000,
      "ocf": -4003000,
      "capex": -452000,
      "gross_margin": 0.4206383628098244,
      "op_margin": -0.1955568406341863,
      "fcf_margin": -0.07156281624981929,
      "incr_op_margin_yoy": 0.0927694406548431,
      "rev_growth_yoy": -0.22741939487204943,
      "rev_growth_yoy_accel": 0.1331949235845747,
      "fcf_margin_change": 0.015061135879792048
    }
  ],
  "signals": [
    {
      "quarter": "2025-11 (Q4)",
      "signal": "YoY REVENUE GROWTH ACCELERATION",
      "detail": "YoY growth: -22.7% vs prior quarter YoY: -36.1% (accel: +13.3%)",
      "severity": "MEDIUM"
    },
    {
      "quarter": "2025-08 (Q3)",
      "signal": "FCF MARGIN EXPANSION",
      "detail": "FCF margin: -38.3% -> -8.7% (+29.6%)",
      "severity": "MEDIUM"
    },
    {
      "quarter": "2025-08 (Q3)",
      "signal": "OPERATING LEVERAGE",
      "detail": "Rev growth +37.2% vs OpEx growth +22.4% (leverage: 1.7x)",
      "severity": "MEDIUM"
    },
    {
      "quarter": "2025-08 (Q3)",
      "signal": "GROSS MARGIN INFLECTION",
      "detail": "GM: +45.0% -> +44.1% -> +50.1% (reversal +6.0%)",
      "severity": "HIGH"
    },
    {
      "quarter": "2025-05 (Q2)",
      "signal": "YoY REVENUE GROWTH DECELERATION",
      "detail": "YoY growth: -35.9% vs prior quarter YoY: -25.0% (decel: -10.9%)",
      "severity": "WARNING"
    },
    {
      "quarter": "2025-02 (Q1)",
      "signal": "FCF TURNED POSITIVE",
      "detail": "FCF margin: -31.0% -> +17.3%",
      "severity": "HIGH"
    },
    {
      "quarter": "2024-11 (Q4)",
      "signal": "GROSS MARGIN INFLECTION",
      "detail": "GM: +52.0% -> +50.9% -> +54.1% (reversal +3.3%)",
      "severity": "MEDIUM"
    },
    {
      "quarter": "2024-11 (Q4)",
      "signal": "YoY REVENUE GROWTH DECELERATION",
      "detail": "YoY growth: -29.9% vs prior quarter YoY: -13.5% (decel: -16.4%)",
      "severity": "WARNING"
    },
    {
      "quarter": "2024-08 (Q3)",
      "signal": "FCF MARGIN EXPANSION",
      "detail": "FCF margin: -19.1% -> -1.3% (+17.9%)",
      "severity": "MEDIUM"
    },
    {
      "quarter": "2024-08 (Q3)",
      "signal": "INCREMENTAL MARGIN (YoY)",
      "detail": "YoY Incr OPM: +57.6% vs year-ago OPM: +10.0%",
      "severity": "HIGH"
    },
    {
      "quarter": "2024-08 (Q3)",
      "signal": "OP MARGIN TURNED POSITIVE (QoQ)",
      "detail": "Op margin: -14.2% -> +2.6%",
      "severity": "HIGH"
    },
    {
      "quarter": "2024-05 (Q2)",
      "signal": "YoY REVENUE GROWTH DECELERATION",
      "detail": "YoY growth: -14.6% vs prior quarter YoY: -9.4% (decel: -5.2%)",
      "severity": "WARNING"
    },
    {
      "quarter": "2024-02 (Q1)",
      "signal": "FCF MARGIN EXPANSION",
      "detail": "FCF margin: +3.7% -> +19.3% (+15.6%)",
      "severity": "MEDIUM"
    },
    {
      "quarter": "2023-10 (Q4)",
      "signal": "YoY REVENUE GROWTH DECELERATION",
      "detail": "YoY growth: -7.3% vs prior quarter YoY: -1.7% (decel: -5.6%)",
      "severity": "WARNING"
    },
    {
      "quarter": "2023-07 (Q3)",
      "signal": "FCF TURNED POSITIVE",
      "detail": "FCF margin: -10.1% -> +18.6%",
      "severity": "HIGH"
    },
    {
      "quarter": "2023-07 (Q3)",
      "signal": "OPERATING LEVERAGE",
      "detail": "Rev growth +35.8% vs OpEx growth +1.7% (leverage: 20.6x)",
      "severity": "MEDIUM"
    },
    {
      "quarter": "2023-07 (Q3)",
      "signal": "OP MARGIN TURNED POSITIVE (YoY)",
      "detail": "Op margin: -32.8% (year-ago) -> +10.0%",
      "severity": "HIGH"
    },
    {
      "quarter": "2023-07 (Q3)",
      "signal": "OP MARGIN TURNED POSITIVE (QoQ)",
      "detail": "Op margin: -6.8% -> +10.0%",
      "severity": "HIGH"
    },
    {
      "quarter": "2023-04 (Q2)",
      "signal": "GROSS MARGIN INFLECTION",
      "detail": "GM: +53.1% -> +40.8% -> +54.8% (reversal +14.0%)",
      "severity": "HIGH"
    },
    {
      "quarter": "2023-01 (Q1)",
      "signal": "FCF TURNED POSITIVE",
      "detail": "FCF margin: -9.8% -> +15.0%",
      "severity": "HIGH"
    },
    {
      "quarter": "2023-01 (Q1)",
      "signal": "YoY REVENUE GROWTH ACCELERATION",
      "detail": "YoY growth: -1.7% vs prior quarter YoY: -7.9% (accel: +6.3%)",
      "severity": "MEDIUM"
    },
    {
      "quarter": "2022-10 (Q4)",
      "signal": "GROSS MARGIN INFLECTION",
      "detail": "GM: +53.3% -> +46.4% -> +53.1% (reversal +6.7%)",
      "severity": "HIGH"
    },
    {
      "quarter": "2022-10 (Q4)",
      "signal": "INCREMENTAL MARGIN (YoY)",
      "detail": "YoY Incr OPM: +18.6% vs year-ago OPM: +5.9%",
      "severity": "MEDIUM"
    },
    {
      "quarter": "2022-10 (Q4)",
      "signal": "OP MARGIN TURNED POSITIVE (QoQ)",
      "detail": "Op margin: -32.8% -> +4.8%",
      "severity": "HIGH"
    },
    {
      "quarter": "2022-04 (Q2)",
      "signal": "GROSS MARGIN INFLECTION",
      "detail": "GM: +53.6% -> +50.9% -> +53.3% (reversal +2.4%)",
      "severity": "MEDIUM"
    },
    {
      "quarter": "2022-04 (Q2)",
      "signal": "YoY REVENUE GROWTH DECELERATION",
      "detail": "YoY growth: -9.7% vs prior quarter YoY: +5.1% (decel: -14.8%)",
      "severity": "WARNING"
    },
    {
      "quarter": "2022-01 (Q1)",
      "signal": "FCF MARGIN EXPANSION",
      "detail": "FCF margin: +0.7% -> +12.8% (+12.1%)",
      "severity": "MEDIUM"
    },
    {
      "quarter": "2022-01 (Q1)",
      "signal": "OPERATING LEVERAGE",
      "detail": "Rev growth +11.0% vs OpEx growth +5.5% (leverage: 2.0x)",
      "severity": "MEDIUM"
    },
    {
      "quarter": "2021-07 (Q3)",
      "signal": "FCF TURNED POSITIVE",
      "detail": "FCF margin: -9.7% -> +16.8%",
      "severity": "HIGH"
    },
    {
      "quarter": "2021-07 (Q3)",
      "signal": "OPERATING LEVERAGE",
      "detail": "Rev growth +34.8% vs OpEx growth +10.8% (leverage: 3.2x)",
      "severity": "MEDIUM"
    },
    {
      "quarter": "2021-07 (Q3)",
      "signal": "OP MARGIN TURNED POSITIVE (QoQ)",
      "detail": "Op margin: -1.8% -> +8.6%",
      "severity": "HIGH"
    }
  ],
  "data_quality": {
    "n_quarters": 20,
    "coverage": {
      "revenue": [
        20,
        20
      ],
      "gross_profit": [
        20,
        20
      ],
      "op_income": [
        20,
        20
      ],
      "fcf": [
        20,
        20
      ]
    },
    "gaps": [],
    "warnings": []
  },
  "market_cap": null,
  "source": "SEC EDGAR",
  "last_updated": "2026-02-02T23:32:57.356535"
}