{
  "ticker": "VRCA",
  "name": "Verrica Pharmaceuticals Inc.",
  "quarters": [
    {
      "date": "2021-03-31T00:00:00",
      "quarter_label": "2021-03 (Q1)",
      "revenue": 12000000,
      "gross_profit": null,
      "operating_income": 60000,
      "net_income": -936000,
      "opex": 11940000,
      "cogs": null,
      "rd": 5362000,
      "sga": null,
      "fcf": -11096000,
      "ocf": -10785000,
      "capex": -311000,
      "gross_margin": null,
      "op_margin": 0.005,
      "fcf_margin": -0.9246666666666666
    },
    {
      "date": "2021-06-30T00:00:00",
      "quarter_label": "2021-06 (Q2)",
      "revenue": 0,
      "gross_profit": null,
      "operating_income": -10731000,
      "net_income": -11775000,
      "opex": 10731000,
      "cogs": null,
      "rd": 3447000,
      "sga": null,
      "fcf": 2203000,
      "ocf": 2499000,
      "capex": -296000,
      "gross_margin": null,
      "op_margin": null,
      "fcf_margin": null
    },
    {
      "date": "2021-09-30T00:00:00",
      "quarter_label": "2021-09 (Q3)",
      "revenue": 0,
      "gross_profit": null,
      "operating_income": -11768000,
      "net_income": -12829000,
      "opex": 11768000,
      "cogs": null,
      "rd": 3763000,
      "sga": null,
      "fcf": -10637000,
      "ocf": -10598000,
      "capex": -39000,
      "gross_margin": null,
      "op_margin": null,
      "fcf_margin": null
    },
    {
      "date": "2021-12-31T00:00:00",
      "quarter_label": "2021-12 (Q4)",
      "revenue": 0,
      "gross_profit": null,
      "operating_income": -8470000,
      "net_income": -9540000,
      "opex": 8470000,
      "cogs": null,
      "rd": 3357000,
      "sga": null,
      "fcf": -8935000,
      "ocf": -8698000,
      "capex": -237000,
      "gross_margin": null,
      "op_margin": null,
      "fcf_margin": null
    },
    {
      "date": "2022-03-31T00:00:00",
      "quarter_label": "2022-03 (Q1)",
      "revenue": 431000,
      "gross_profit": null,
      "operating_income": -7410000,
      "net_income": -8470000,
      "opex": 7841000,
      "cogs": null,
      "rd": 2723000,
      "sga": null,
      "fcf": -8345000,
      "ocf": -8340000,
      "capex": -5000,
      "gross_margin": null,
      "op_margin": -17.192575406032482,
      "fcf_margin": -19.361948955916475,
      "incr_op_margin_yoy": 0.6456910709655113,
      "rev_growth_yoy": -0.9640833333333333
    },
    {
      "date": "2022-06-30T00:00:00",
      "quarter_label": "2022-06 (Q2)",
      "revenue": 214000,
      "gross_profit": null,
      "operating_income": -9121000,
      "net_income": -10168000,
      "opex": 9335000,
      "cogs": null,
      "rd": 4162000,
      "sga": null,
      "fcf": -7335000,
      "ocf": -7181000,
      "capex": -154000,
      "gross_margin": null,
      "op_margin": -42.62149532710281,
      "fcf_margin": -34.27570093457944,
      "fcf_margin_change": -14.913751978662965
    },
    {
      "date": "2022-09-30T00:00:00",
      "quarter_label": "2022-09 (Q3)",
      "revenue": 8319000,
      "gross_profit": null,
      "operating_income": 1448000,
      "net_income": 83000,
      "opex": 6871000,
      "cogs": null,
      "rd": 2946000,
      "sga": 3925000,
      "fcf": 1748000,
      "ocf": 1825000,
      "capex": -77000,
      "gross_margin": null,
      "op_margin": 0.17405938213727612,
      "fcf_margin": 0.21012140882317587,
      "incr_op_margin_yoy": 1.5886524822695036,
      "op_leverage_ratio": Infinity,
      "fcf_margin_change": 34.48582234340262
    },
    {
      "date": "2022-12-31T00:00:00",
      "quarter_label": "2022-12 (Q4)",
      "revenue": 68000,
      "gross_profit": null,
      "operating_income": -6211000,
      "net_income": -5932000,
      "opex": 6279000,
      "cogs": null,
      "rd": 2365000,
      "sga": 3189000,
      "fcf": -5020000,
      "ocf": -4954000,
      "capex": -66000,
      "gross_margin": null,
      "op_margin": -91.33823529411765,
      "fcf_margin": -73.82352941176471,
      "fcf_margin_change": -74.03365082058788
    },
    {
      "date": "2023-03-31T00:00:00",
      "quarter_label": "2023-03 (Q1)",
      "revenue": 37000,
      "gross_profit": null,
      "operating_income": -7089000,
      "net_income": -6589000,
      "opex": 7126000,
      "cogs": null,
      "rd": 2739000,
      "sga": 4319000,
      "fcf": -4601000,
      "ocf": -4590000,
      "capex": -11000,
      "gross_margin": null,
      "op_margin": -191.59459459459458,
      "fcf_margin": -124.35135135135135,
      "rev_growth_yoy": -0.91415313225058,
      "fcf_margin_change": -50.527821939586644
    },
    {
      "date": "2023-06-30T00:00:00",
      "quarter_label": "2023-06 (Q2)",
      "revenue": 182000,
      "gross_profit": null,
      "operating_income": -11616000,
      "net_income": -10990000,
      "opex": 11798000,
      "cogs": null,
      "rd": 5725000,
      "sga": 5937000,
      "fcf": -4728000,
      "ocf": -4669000,
      "capex": -59000,
      "gross_margin": null,
      "op_margin": -63.824175824175825,
      "fcf_margin": -25.978021978021978,
      "rev_growth_yoy": -0.14953271028037382,
      "rev_growth_yoy_accel": 0.7646204219702062,
      "op_leverage_ratio": 5.977357922991485,
      "fcf_margin_change": 98.37332937332937
    },
    {
      "date": "2023-09-30T00:00:00",
      "quarter_label": "2023-09 (Q3)",
      "revenue": 2917000,
      "gross_profit": 2617000,
      "operating_income": -23917000,
      "net_income": -24802000,
      "opex": 26834000,
      "cogs": 300000,
      "rd": 6510000,
      "sga": 20054000,
      "fcf": -14876000,
      "ocf": -14811000,
      "capex": -65000,
      "gross_margin": 0.8971546109016112,
      "op_margin": -8.199177236887213,
      "fcf_margin": -5.099760027425437,
      "incr_op_margin_yoy": 4.695483154387264,
      "rev_growth_yoy": -0.6493568938574348,
      "rev_growth_yoy_accel": -0.49982418357706093,
      "op_leverage_ratio": 11.791308917206763,
      "fcf_margin_change": 20.878261950596542
    },
    {
      "date": "2023-12-31T00:00:00",
      "quarter_label": "2023-12 (Q4)",
      "revenue": 1988000,
      "gross_profit": 1788000,
      "operating_income": -23136000,
      "net_income": -24614000,
      "opex": 25124000,
      "cogs": 200000,
      "rd": 5320000,
      "sga": 16995000,
      "fcf": -14734000,
      "ocf": -14507000,
      "capex": -227000,
      "gross_margin": 0.8993963782696177,
      "op_margin": -11.637826961770624,
      "fcf_margin": -7.4114688128772634,
      "incr_op_margin_yoy": -8.815104166666666,
      "rev_growth_yoy": 28.235294117647058,
      "rev_growth_yoy_accel": 28.88465101150449,
      "fcf_margin_change": -2.3117087854518266
    },
    {
      "date": "2024-03-31T00:00:00",
      "quarter_label": "2024-03 (Q1)",
      "revenue": 3826000,
      "gross_profit": 3126000,
      "operating_income": -18599000,
      "net_income": -20331000,
      "opex": 22425000,
      "cogs": 700000,
      "rd": 4948000,
      "sga": 16339000,
      "fcf": -19947000,
      "ocf": -19947000,
      "capex": null,
      "gross_margin": 0.8170412963930999,
      "op_margin": -4.861212754835337,
      "fcf_margin": -5.213538944066911,
      "incr_op_margin_yoy": -3.0377408287147003,
      "rev_growth_yoy": 102.4054054054054,
      "rev_growth_yoy_accel": 74.17011128775835,
      "op_leverage_ratio": Infinity,
      "fcf_margin_change": 2.197929868810353
    },
    {
      "date": "2024-06-30T00:00:00",
      "quarter_label": "2024-06 (Q2)",
      "revenue": 5177000,
      "gross_profit": 4477000,
      "operating_income": -15206000,
      "net_income": -17186000,
      "opex": 20383000,
      "cogs": 700000,
      "rd": 3319000,
      "sga": 16522000,
      "fcf": -16369000,
      "ocf": -16358000,
      "capex": -11000,
      "gross_margin": 0.8647865559204172,
      "op_margin": -2.9372223295344795,
      "fcf_margin": -3.161869808769558,
      "incr_op_margin_yoy": -0.7187187187187187,
      "rev_growth_yoy": 27.445054945054945,
      "rev_growth_yoy_accel": -74.96035046035045,
      "op_leverage_ratio": Infinity,
      "fcf_margin_change": 2.051669135297353
    },
    {
      "date": "2024-09-30T00:00:00",
      "quarter_label": "2024-09 (Q3)",
      "revenue": -1781000,
      "gross_profit": -2181000,
      "operating_income": -20704000,
      "net_income": -22860000,
      "opex": 18923000,
      "cogs": 400000,
      "rd": 2405000,
      "sga": 16083000,
      "fcf": -8574000,
      "ocf": -8558000,
      "capex": -16000,
      "gross_margin": 1.2245929253228522,
      "op_margin": 11.624929814710837,
      "fcf_margin": 4.814149354295339,
      "incr_op_margin_yoy": -0.6839080459770115,
      "rev_growth_yoy": -1.610558793280768,
      "rev_growth_yoy_accel": -29.055613738335712,
      "fcf_margin_change": 7.9760191630648976
    },
    {
      "date": "2024-12-31T00:00:00",
      "quarter_label": "2024-12 (Q4)",
      "revenue": 344000,
      "gross_profit": -456000,
      "operating_income": -11410000,
      "net_income": -16202000,
      "opex": 11754000,
      "cogs": 800000,
      "rd": 1167000,
      "sga": 9879000,
      "fcf": -16064000,
      "ocf": -16064000,
      "capex": null,
      "gross_margin": -1.3255813953488371,
      "op_margin": -33.16860465116279,
      "fcf_margin": -46.69767441860465,
      "incr_op_margin_yoy": -7.132603406326034,
      "rev_growth_yoy": -0.8269617706237424,
      "rev_growth_yoy_accel": 0.7835970226570255,
      "fcf_margin_change": -51.51182377289999
    },
    {
      "date": "2025-03-31T00:00:00",
      "quarter_label": "2025-03 (Q1)",
      "revenue": 3439000,
      "gross_profit": 2739000,
      "operating_income": -8130000,
      "net_income": -9742000,
      "opex": 11569000,
      "cogs": 700000,
      "rd": 2284000,
      "sga": 8848000,
      "fcf": -12677000,
      "ocf": -12677000,
      "capex": null,
      "gross_margin": 0.7964524571096249,
      "op_margin": -2.3640593195696424,
      "fcf_margin": -3.6862460017446934,
      "rev_growth_yoy": -0.10115002613695766,
      "rev_growth_yoy_accel": 0.7258117444867848,
      "op_leverage_ratio": Infinity,
      "fcf_margin_change": 43.01142841685996
    },
    {
      "date": "2025-06-30T00:00:00",
      "quarter_label": "2025-06 (Q2)",
      "revenue": 12702000,
      "gross_profit": null,
      "operating_income": 1510000,
      "net_income": 204000,
      "opex": 11192000,
      "cogs": null,
      "rd": 1846000,
      "sga": 8852000,
      "fcf": -10044000,
      "ocf": -10044000,
      "capex": null,
      "gross_margin": null,
      "op_margin": 0.11887891670603054,
      "fcf_margin": -0.7907416154936231,
      "incr_op_margin_yoy": 2.221395348837209,
      "rev_growth_yoy": 1.4535445238555147,
      "rev_growth_yoy_accel": 1.5546945499924723,
      "op_leverage_ratio": Infinity,
      "fcf_margin_change": 2.89550438625107
    },
    {
      "date": "2025-09-30T00:00:00",
      "quarter_label": "2025-09 (Q3)",
      "revenue": 14344000,
      "gross_profit": null,
      "operating_income": 1627000,
      "net_income": -274000,
      "opex": 12717000,
      "cogs": null,
      "rd": 2205000,
      "sga": 9403000,
      "fcf": 9685000,
      "ocf": 9685000,
      "capex": null,
      "gross_margin": null,
      "op_margin": 0.11342721695482431,
      "fcf_margin": 0.6751952035694367,
      "incr_op_margin_yoy": 1.3848682170542637,
      "op_leverage_ratio": 0.9487218483729165,
      "fcf_margin_change": 1.4659368190630597
    }
  ],
  "signals": [
    {
      "quarter": "2025-09 (Q3)",
      "signal": "FCF TURNED POSITIVE",
      "detail": "FCF margin: -79.1% -> +67.5%",
      "severity": "HIGH"
    },
    {
      "quarter": "2025-06 (Q2)",
      "signal": "FCF MARGIN EXPANSION",
      "detail": "FCF margin: -368.6% -> -79.1% (+289.6%)",
      "severity": "MEDIUM"
    },
    {
      "quarter": "2025-06 (Q2)",
      "signal": "YoY REVENUE GROWTH ACCELERATION",
      "detail": "YoY growth: +145.4% vs prior quarter YoY: -10.1% (accel: +155.5%)",
      "severity": "HIGH"
    },
    {
      "quarter": "2025-06 (Q2)",
      "signal": "OP MARGIN TURNED POSITIVE (YoY)",
      "detail": "Op margin: -293.7% (year-ago) -> +11.9%",
      "severity": "HIGH"
    },
    {
      "quarter": "2025-06 (Q2)",
      "signal": "OP MARGIN TURNED POSITIVE (QoQ)",
      "detail": "Op margin: -236.4% -> +11.9%",
      "severity": "HIGH"
    },
    {
      "quarter": "2025-03 (Q1)",
      "signal": "FCF MARGIN EXPANSION",
      "detail": "FCF margin: -4669.8% -> -368.6% (+4301.1%)",
      "severity": "MEDIUM"
    },
    {
      "quarter": "2025-03 (Q1)",
      "signal": "GROSS MARGIN INFLECTION",
      "detail": "GM: +122.5% -> -132.6% -> +79.6% (reversal +212.2%)",
      "severity": "HIGH"
    },
    {
      "quarter": "2025-03 (Q1)",
      "signal": "YoY REVENUE GROWTH ACCELERATION",
      "detail": "YoY growth: -10.1% vs prior quarter YoY: -82.7% (accel: +72.6%)",
      "severity": "HIGH"
    },
    {
      "quarter": "2024-12 (Q4)",
      "signal": "YoY REVENUE GROWTH ACCELERATION",
      "detail": "YoY growth: -82.7% vs prior quarter YoY: -161.1% (accel: +78.4%)",
      "severity": "HIGH"
    },
    {
      "quarter": "2024-09 (Q3)",
      "signal": "FCF TURNED POSITIVE",
      "detail": "FCF margin: -316.2% -> +481.4%",
      "severity": "HIGH"
    },
    {
      "quarter": "2024-09 (Q3)",
      "signal": "YoY REVENUE GROWTH DECELERATION",
      "detail": "YoY growth: -161.1% vs prior quarter YoY: +2744.5% (decel: -2905.6%)",
      "severity": "WARNING"
    },
    {
      "quarter": "2024-09 (Q3)",
      "signal": "OP MARGIN TURNED POSITIVE (YoY)",
      "detail": "Op margin: -819.9% (year-ago) -> +1162.5%",
      "severity": "HIGH"
    },
    {
      "quarter": "2024-09 (Q3)",
      "signal": "OP MARGIN TURNED POSITIVE (QoQ)",
      "detail": "Op margin: -293.7% -> +1162.5%",
      "severity": "HIGH"
    },
    {
      "quarter": "2024-06 (Q2)",
      "signal": "FCF MARGIN EXPANSION",
      "detail": "FCF margin: -521.4% -> -316.2% (+205.2%)",
      "severity": "MEDIUM"
    },
    {
      "quarter": "2024-06 (Q2)",
      "signal": "GROSS MARGIN INFLECTION",
      "detail": "GM: +89.9% -> +81.7% -> +86.5% (reversal +4.8%)",
      "severity": "MEDIUM"
    },
    {
      "quarter": "2024-06 (Q2)",
      "signal": "YoY REVENUE GROWTH DECELERATION",
      "detail": "YoY growth: +2744.5% vs prior quarter YoY: +10240.5% (decel: -7496.0%)",
      "severity": "WARNING"
    },
    {
      "quarter": "2024-03 (Q1)",
      "signal": "FCF MARGIN EXPANSION",
      "detail": "FCF margin: -741.1% -> -521.4% (+219.8%)",
      "severity": "MEDIUM"
    },
    {
      "quarter": "2024-03 (Q1)",
      "signal": "YoY REVENUE GROWTH ACCELERATION",
      "detail": "YoY growth: +10240.5% vs prior quarter YoY: +2823.5% (accel: +7417.0%)",
      "severity": "HIGH"
    },
    {
      "quarter": "2023-12 (Q4)",
      "signal": "YoY REVENUE GROWTH ACCELERATION",
      "detail": "YoY growth: +2823.5% vs prior quarter YoY: -64.9% (accel: +2888.5%)",
      "severity": "HIGH"
    },
    {
      "quarter": "2023-09 (Q3)",
      "signal": "FCF MARGIN EXPANSION",
      "detail": "FCF margin: -2597.8% -> -510.0% (+2087.8%)",
      "severity": "MEDIUM"
    },
    {
      "quarter": "2023-09 (Q3)",
      "signal": "OPERATING LEVERAGE",
      "detail": "Rev growth +1502.7% vs OpEx growth +127.4% (leverage: 11.8x)",
      "severity": "MEDIUM"
    },
    {
      "quarter": "2023-09 (Q3)",
      "signal": "YoY REVENUE GROWTH DECELERATION",
      "detail": "YoY growth: -64.9% vs prior quarter YoY: -15.0% (decel: -50.0%)",
      "severity": "WARNING"
    },
    {
      "quarter": "2023-06 (Q2)",
      "signal": "FCF MARGIN EXPANSION",
      "detail": "FCF margin: -12435.1% -> -2597.8% (+9837.3%)",
      "severity": "MEDIUM"
    },
    {
      "quarter": "2023-06 (Q2)",
      "signal": "OPERATING LEVERAGE",
      "detail": "Rev growth +391.9% vs OpEx growth +65.6% (leverage: 6.0x)",
      "severity": "MEDIUM"
    },
    {
      "quarter": "2023-06 (Q2)",
      "signal": "YoY REVENUE GROWTH ACCELERATION",
      "detail": "YoY growth: -15.0% vs prior quarter YoY: -91.4% (accel: +76.5%)",
      "severity": "HIGH"
    },
    {
      "quarter": "2022-09 (Q3)",
      "signal": "FCF TURNED POSITIVE",
      "detail": "FCF margin: -3427.6% -> +21.0%",
      "severity": "HIGH"
    },
    {
      "quarter": "2022-09 (Q3)",
      "signal": "OP MARGIN TURNED POSITIVE (QoQ)",
      "detail": "Op margin: -4262.1% -> +17.4%",
      "severity": "HIGH"
    }
  ],
  "data_quality": {
    "n_quarters": 19,
    "coverage": {
      "revenue": [
        19,
        19
      ],
      "gross_profit": [
        7,
        19
      ],
      "op_income": [
        19,
        19
      ],
      "fcf": [
        19,
        19
      ]
    },
    "gaps": [],
    "warnings": [
      "gross_profit: 7/19Q"
    ]
  },
  "market_cap": null,
  "source": "SEC EDGAR",
  "last_updated": "2026-02-02T23:17:13.261261"
}