{
  "ticker": "VREOF",
  "name": "VIREO GROWTH INC.",
  "quarters": [
    {
      "date": "2020-12-31T00:00:00",
      "quarter_label": "2020-12 (Q4)",
      "revenue": 12401615,
      "gross_profit": 5295408,
      "operating_income": -2229629,
      "net_income": -2265842,
      "opex": 7525037,
      "cogs": 6616393,
      "rd": null,
      "sga": 6687250,
      "fcf": -4804414,
      "ocf": 63394,
      "capex": -4867808,
      "gross_margin": 0.42699341980862976,
      "op_margin": -0.17978537472740447,
      "fcf_margin": -0.3874022859119558
    },
    {
      "date": "2021-03-31T00:00:00",
      "quarter_label": "2021-03 (Q1)",
      "revenue": 13189889,
      "gross_profit": 5615841,
      "operating_income": -5112730,
      "net_income": -6986572,
      "opex": 10728571,
      "cogs": 7506048,
      "rd": null,
      "sga": 8035991,
      "fcf": -9897079,
      "ocf": -4974828,
      "capex": -4922251,
      "gross_margin": 0.42576863232131823,
      "op_margin": -0.3876249451379007,
      "fcf_margin": -0.7503534715113979,
      "op_leverage_ratio": 0.14930634339579285,
      "fcf_margin_change": -0.36295118559944206
    },
    {
      "date": "2021-06-30T00:00:00",
      "quarter_label": "2021-06 (Q2)",
      "revenue": 14230900,
      "gross_profit": 6912889,
      "operating_income": -3247562,
      "net_income": -5480604,
      "opex": 10160451,
      "cogs": 7273011,
      "rd": null,
      "sga": 8299682,
      "fcf": -18623234,
      "ocf": -12516509,
      "capex": -6106725,
      "gross_margin": 0.4857661145816498,
      "op_margin": -0.22820496244088567,
      "fcf_margin": -1.3086476610755469,
      "op_leverage_ratio": Infinity,
      "fcf_margin_change": -0.558294189564149
    },
    {
      "date": "2021-09-30T00:00:00",
      "quarter_label": "2021-09 (Q3)",
      "revenue": 13369432,
      "gross_profit": 5114988,
      "operating_income": -4130861,
      "net_income": -6243231,
      "opex": 9245849,
      "cogs": 7903444,
      "rd": null,
      "sga": 8106187,
      "fcf": -8837951,
      "ocf": -5229596,
      "capex": -3608355,
      "gross_margin": 0.38258828048940297,
      "op_margin": -0.30897804783329613,
      "fcf_margin": -0.6610565804141866,
      "fcf_margin_change": 0.6475910806613603
    },
    {
      "date": "2021-12-31T00:00:00",
      "quarter_label": "2021-12 (Q4)",
      "revenue": 13655947,
      "gross_profit": 2154967,
      "operating_income": -7990411,
      "net_income": -14980068,
      "opex": 10145378,
      "cogs": 9323900,
      "rd": null,
      "sga": 9213920,
      "fcf": -11202879,
      "ocf": -7796264,
      "capex": -3406615,
      "gross_margin": 0.15780428849057485,
      "op_margin": -0.5851231701470428,
      "fcf_margin": -0.8203663209882112,
      "incr_op_margin_yoy": -4.59270910731768,
      "rev_growth_yoy": 0.10114263343927384,
      "op_leverage_ratio": 0.22027541809033188,
      "fcf_margin_change": -0.15930974057402458
    },
    {
      "date": "2022-03-31T00:00:00",
      "quarter_label": "2022-03 (Q1)",
      "revenue": 15638572,
      "gross_profit": 2488678,
      "operating_income": -7760160,
      "net_income": -14566782,
      "opex": 10248838,
      "cogs": 9682977,
      "rd": null,
      "sga": 9277969,
      "fcf": -8934380,
      "ocf": -6760950,
      "capex": -2173430,
      "gross_margin": 0.15913716418609064,
      "op_margin": -0.4962192200157406,
      "fcf_margin": -0.5713040807050669,
      "incr_op_margin_yoy": -1.0811648547402828,
      "rev_growth_yoy": 0.1856484918106589,
      "rev_growth_yoy_accel": 0.08450585837138506,
      "op_leverage_ratio": 14.236869830672791,
      "fcf_margin_change": 0.24906224028314428
    },
    {
      "date": "2022-06-30T00:00:00",
      "quarter_label": "2022-06 (Q2)",
      "revenue": 21090148,
      "gross_profit": 10367026,
      "operating_income": 308185,
      "net_income": -6183076,
      "opex": 10058841,
      "cogs": 10663251,
      "rd": null,
      "sga": 8625439,
      "fcf": -4831269,
      "ocf": -3086751,
      "capex": -1744518,
      "gross_margin": 0.49155776431725373,
      "op_margin": 0.014612747146203052,
      "fcf_margin": -0.2290770553151168,
      "incr_op_margin_yoy": 0.5183872926011714,
      "rev_growth_yoy": 0.48199678165119564,
      "rev_growth_yoy_accel": 0.29634828984053674,
      "op_leverage_ratio": Infinity,
      "fcf_margin_change": 0.3422270253899501
    },
    {
      "date": "2022-09-30T00:00:00",
      "quarter_label": "2022-09 (Q3)",
      "revenue": 18854101,
      "gross_profit": 9536860,
      "operating_income": -189156,
      "net_income": -8423789,
      "opex": 9726016,
      "cogs": 9186241,
      "rd": null,
      "sga": 8489728,
      "fcf": -3127160,
      "ocf": -2106521,
      "capex": -1020639,
      "gross_margin": 0.5058241705610891,
      "op_margin": -0.010032618367749276,
      "fcf_margin": -0.165860997562281,
      "incr_op_margin_yoy": 0.7186769155987354,
      "rev_growth_yoy": 0.4102394925977409,
      "rev_growth_yoy_accel": -0.07175728905345474,
      "fcf_margin_change": 0.06321605775283579
    },
    {
      "date": "2022-12-31T00:00:00",
      "quarter_label": "2022-12 (Q4)",
      "revenue": 19043046,
      "gross_profit": 8515597,
      "operating_income": 701765,
      "net_income": -13283798,
      "opex": 7813832,
      "cogs": 9891449,
      "rd": null,
      "sga": 7430550,
      "fcf": -6742119,
      "ocf": -6119043,
      "capex": -623076,
      "gross_margin": 0.4471762027986489,
      "op_margin": 0.0368515099947771,
      "fcf_margin": -0.3540462486936176,
      "incr_op_margin_yoy": 1.6135170339360758,
      "rev_growth_yoy": 0.3944873980544886,
      "rev_growth_yoy_accel": -0.01575209454325227,
      "op_leverage_ratio": Infinity,
      "fcf_margin_change": -0.1881852511313366
    },
    {
      "date": "2023-03-31T00:00:00",
      "quarter_label": "2023-03 (Q1)",
      "revenue": 19088423,
      "gross_profit": 9520212,
      "operating_income": 368506,
      "net_income": -8405970,
      "opex": 9151706,
      "cogs": 9578211,
      "rd": null,
      "sga": 7156835,
      "fcf": -3992785,
      "ocf": -3794958,
      "capex": -197827,
      "gross_margin": 0.4987427196054907,
      "op_margin": 0.019305209235985603,
      "fcf_margin": -0.20917312027295287,
      "incr_op_margin_yoy": 2.356236834576334,
      "rev_growth_yoy": 0.2205988500740349,
      "rev_growth_yoy_accel": -0.17388854798045372,
      "fcf_margin_change": 0.14487312842066474
    },
    {
      "date": "2023-06-30T00:00:00",
      "quarter_label": "2023-06 (Q2)",
      "revenue": 20196556,
      "gross_profit": 9331296,
      "operating_income": -1042044,
      "net_income": -7329255,
      "opex": 10373340,
      "cogs": null,
      "rd": null,
      "sga": 8059427,
      "fcf": -647273,
      "ocf": 1633545,
      "capex": -2280818,
      "gross_margin": 0.4620241193597562,
      "op_margin": -0.05159513334847783,
      "fcf_margin": -0.0320486819634001,
      "rev_growth_yoy": -0.0423701151836393,
      "rev_growth_yoy_accel": -0.2629689652576742,
      "op_leverage_ratio": 0.4348933696002983,
      "fcf_margin_change": 0.17712443830955277
    },
    {
      "date": "2023-09-30T00:00:00",
      "quarter_label": "2023-09 (Q3)",
      "revenue": 24675145,
      "gross_profit": 13197388,
      "operating_income": 5871494,
      "net_income": -5229026,
      "opex": 7325894,
      "cogs": null,
      "rd": null,
      "sga": 6749314,
      "fcf": 1502972,
      "ocf": 1655051,
      "capex": -152079,
      "gross_margin": 0.534845408203275,
      "op_margin": 0.2379517526644727,
      "fcf_margin": 0.060910361418342225,
      "incr_op_margin_yoy": 1.0411620321028323,
      "rev_growth_yoy": 0.30874153055613734,
      "rev_growth_yoy_accel": 0.35111164573977666,
      "op_leverage_ratio": Infinity,
      "fcf_margin_change": 0.09295904338174232
    },
    {
      "date": "2023-12-31T00:00:00",
      "quarter_label": "2023-12 (Q4)",
      "revenue": 24173038,
      "gross_profit": 12055269,
      "operating_income": 5381822,
      "net_income": -4582837,
      "opex": 6673447,
      "cogs": null,
      "rd": null,
      "sga": 6252404,
      "fcf": -2791927,
      "ocf": -459544,
      "capex": -2332383,
      "gross_margin": 0.49870723737744505,
      "op_margin": 0.22263738633100233,
      "fcf_margin": -0.11549756385606146,
      "incr_op_margin_yoy": 0.9122932355450067,
      "rev_growth_yoy": 0.2693892563196035,
      "rev_growth_yoy_accel": -0.03935227423653387,
      "fcf_margin_change": -0.1764079252744037
    },
    {
      "date": "2024-03-31T00:00:00",
      "quarter_label": "2024-03 (Q1)",
      "revenue": 24087315,
      "gross_profit": 12244427,
      "operating_income": 4759444,
      "net_income": -6711460,
      "opex": 7484983,
      "cogs": null,
      "rd": null,
      "sga": 7051613,
      "fcf": -2089596,
      "ocf": -1190332,
      "capex": -899264,
      "gross_margin": 0.5083350718002401,
      "op_margin": 0.19759130480088793,
      "fcf_margin": -0.0867508894204273,
      "incr_op_margin_yoy": 0.8783822495064907,
      "rev_growth_yoy": 0.26188082692844766,
      "rev_growth_yoy_accel": -0.007508429391155813,
      "fcf_margin_change": 0.028746674435634154
    },
    {
      "date": "2024-06-30T00:00:00",
      "quarter_label": "2024-06 (Q2)",
      "revenue": 25108247,
      "gross_profit": 13550643,
      "operating_income": 5794022,
      "net_income": -668411,
      "opex": 7756621,
      "cogs": null,
      "rd": null,
      "sga": 7564231,
      "fcf": -3199012,
      "ocf": -9542,
      "capex": -3189470,
      "gross_margin": 0.5396889316884608,
      "op_margin": 0.2307617094893164,
      "fcf_margin": -0.12740881511958999,
      "incr_op_margin_yoy": 1.3917948014237866,
      "rev_growth_yoy": 0.2431944832574425,
      "rev_growth_yoy_accel": -0.018686343671005162,
      "op_leverage_ratio": 1.1679082290776055,
      "fcf_margin_change": -0.040657925699162684
    },
    {
      "date": "2024-09-30T00:00:00",
      "quarter_label": "2024-09 (Q3)",
      "revenue": 25165343,
      "gross_profit": 12323970,
      "operating_income": 3851447,
      "net_income": -4926358,
      "opex": 8472523,
      "cogs": null,
      "rd": null,
      "sga": 6911278,
      "fcf": -7477541,
      "ocf": -2591374,
      "capex": -4886167,
      "gross_margin": 0.48971992950781557,
      "op_margin": 0.15304567873364572,
      "fcf_margin": -0.29713646263434595,
      "rev_growth_yoy": 0.019866063603678926,
      "rev_growth_yoy_accel": -0.22332841965376357,
      "fcf_margin_change": -0.16972764751475597
    },
    {
      "date": "2024-12-31T00:00:00",
      "quarter_label": "2024-12 (Q4)",
      "revenue": 25023316,
      "gross_profit": 12651977,
      "operating_income": -841550,
      "net_income": -15701281,
      "opex": 13493527,
      "cogs": null,
      "rd": null,
      "sga": 6535928,
      "fcf": -9163367,
      "ocf": -6443302,
      "capex": -2720065,
      "gross_margin": 0.5056075301930407,
      "op_margin": -0.03363063472483024,
      "fcf_margin": -0.36619315361721044,
      "rev_growth_yoy": 0.035174643749784365,
      "rev_growth_yoy_accel": 0.015308580146105439,
      "fcf_margin_change": -0.06905669098286449
    },
    {
      "date": "2025-03-31T00:00:00",
      "quarter_label": "2025-03 (Q1)",
      "revenue": 24540641,
      "gross_profit": 12412312,
      "operating_income": 1975689,
      "net_income": -6508790,
      "opex": 10436623,
      "cogs": null,
      "rd": null,
      "sga": 7473943,
      "fcf": -4469599,
      "ocf": -3322822,
      "capex": -1146777,
      "gross_margin": 0.5057859735611633,
      "op_margin": 0.0805068213173405,
      "fcf_margin": -0.1821304912125156,
      "rev_growth_yoy": 0.01882011340823998,
      "rev_growth_yoy_accel": -0.016354530341544386,
      "fcf_margin_change": 0.18406266240469485
    },
    {
      "date": "2025-06-30T00:00:00",
      "quarter_label": "2025-06 (Q2)",
      "revenue": 48063010,
      "gross_profit": 20417847,
      "operating_income": -2018690,
      "net_income": -14934029,
      "opex": 22436537,
      "cogs": null,
      "rd": null,
      "sga": 12454544,
      "fcf": -8486322,
      "ocf": -4828607,
      "capex": -3657715,
      "gross_margin": 0.4248141554180647,
      "op_margin": -0.04200090672639937,
      "fcf_margin": -0.1765665945599329,
      "incr_op_margin_yoy": -0.34035254469845755,
      "rev_growth_yoy": 0.9142320051256466,
      "rev_growth_yoy_accel": 0.8954118917174066,
      "op_leverage_ratio": 0.8336370699895332,
      "fcf_margin_change": 0.005563896652582695
    },
    {
      "date": "2025-09-30T00:00:00",
      "quarter_label": "2025-09 (Q3)",
      "revenue": 91655155,
      "gross_profit": 37382999,
      "operating_income": 808956,
      "net_income": -26298861,
      "opex": 36574043,
      "cogs": null,
      "rd": null,
      "sga": 29680788,
      "fcf": -20450243,
      "ocf": -6792823,
      "capex": -13657420,
      "gross_margin": 0.40786575506855016,
      "op_margin": 0.008826082940997699,
      "fcf_margin": -0.22312158001369373,
      "incr_op_margin_yoy": -0.0457587547397487,
      "rev_growth_yoy": 2.6421182496896627,
      "rev_growth_yoy_accel": 1.727886244564016,
      "op_leverage_ratio": 1.4393960205700702,
      "fcf_margin_change": -0.04655498545376083
    }
  ],
  "signals": [
    {
      "quarter": "2025-09 (Q3)",
      "signal": "YoY REVENUE GROWTH ACCELERATION",
      "detail": "YoY growth: +264.2% vs prior quarter YoY: +91.4% (accel: +172.8%)",
      "severity": "HIGH"
    },
    {
      "quarter": "2025-09 (Q3)",
      "signal": "OP MARGIN TURNED POSITIVE (QoQ)",
      "detail": "Op margin: -4.2% -> +0.9%",
      "severity": "HIGH"
    },
    {
      "quarter": "2025-06 (Q2)",
      "signal": "YoY REVENUE GROWTH ACCELERATION",
      "detail": "YoY growth: +91.4% vs prior quarter YoY: +1.9% (accel: +89.5%)",
      "severity": "HIGH"
    },
    {
      "quarter": "2025-03 (Q1)",
      "signal": "FCF MARGIN EXPANSION",
      "detail": "FCF margin: -36.6% -> -18.2% (+18.4%)",
      "severity": "MEDIUM"
    },
    {
      "quarter": "2025-03 (Q1)",
      "signal": "OP MARGIN TURNED POSITIVE (QoQ)",
      "detail": "Op margin: -3.4% -> +8.1%",
      "severity": "HIGH"
    },
    {
      "quarter": "2024-09 (Q3)",
      "signal": "YoY REVENUE GROWTH DECELERATION",
      "detail": "YoY growth: +2.0% vs prior quarter YoY: +24.3% (decel: -22.3%)",
      "severity": "WARNING"
    },
    {
      "quarter": "2024-06 (Q2)",
      "signal": "OP MARGIN TURNED POSITIVE (YoY)",
      "detail": "Op margin: -5.2% (year-ago) -> +23.1%",
      "severity": "HIGH"
    },
    {
      "quarter": "2024-03 (Q1)",
      "signal": "INCREMENTAL MARGIN (YoY)",
      "detail": "YoY Incr OPM: +87.8% vs year-ago OPM: +1.9%",
      "severity": "HIGH"
    },
    {
      "quarter": "2023-12 (Q4)",
      "signal": "INCREMENTAL MARGIN (YoY)",
      "detail": "YoY Incr OPM: +91.2% vs year-ago OPM: +3.7%",
      "severity": "HIGH"
    },
    {
      "quarter": "2023-09 (Q3)",
      "signal": "FCF TURNED POSITIVE",
      "detail": "FCF margin: -3.2% -> +6.1%",
      "severity": "HIGH"
    },
    {
      "quarter": "2023-09 (Q3)",
      "signal": "GROSS MARGIN INFLECTION",
      "detail": "GM: +49.9% -> +46.2% -> +53.5% (reversal +7.3%)",
      "severity": "HIGH"
    },
    {
      "quarter": "2023-09 (Q3)",
      "signal": "YoY REVENUE GROWTH ACCELERATION",
      "detail": "YoY growth: +30.9% vs prior quarter YoY: -4.2% (accel: +35.1%)",
      "severity": "HIGH"
    },
    {
      "quarter": "2023-09 (Q3)",
      "signal": "OP MARGIN TURNED POSITIVE (YoY)",
      "detail": "Op margin: -1.0% (year-ago) -> +23.8%",
      "severity": "HIGH"
    },
    {
      "quarter": "2023-09 (Q3)",
      "signal": "OP MARGIN TURNED POSITIVE (QoQ)",
      "detail": "Op margin: -5.2% -> +23.8%",
      "severity": "HIGH"
    },
    {
      "quarter": "2023-06 (Q2)",
      "signal": "FCF MARGIN EXPANSION",
      "detail": "FCF margin: -20.9% -> -3.2% (+17.7%)",
      "severity": "MEDIUM"
    },
    {
      "quarter": "2023-06 (Q2)",
      "signal": "YoY REVENUE GROWTH DECELERATION",
      "detail": "YoY growth: -4.2% vs prior quarter YoY: +22.1% (decel: -26.3%)",
      "severity": "WARNING"
    },
    {
      "quarter": "2023-03 (Q1)",
      "signal": "FCF MARGIN EXPANSION",
      "detail": "FCF margin: -35.4% -> -20.9% (+14.5%)",
      "severity": "MEDIUM"
    },
    {
      "quarter": "2023-03 (Q1)",
      "signal": "GROSS MARGIN INFLECTION",
      "detail": "GM: +50.6% -> +44.7% -> +49.9% (reversal +5.2%)",
      "severity": "HIGH"
    },
    {
      "quarter": "2023-03 (Q1)",
      "signal": "YoY REVENUE GROWTH DECELERATION",
      "detail": "YoY growth: +22.1% vs prior quarter YoY: +39.4% (decel: -17.4%)",
      "severity": "WARNING"
    },
    {
      "quarter": "2023-03 (Q1)",
      "signal": "OP MARGIN TURNED POSITIVE (YoY)",
      "detail": "Op margin: -49.6% (year-ago) -> +1.9%",
      "severity": "HIGH"
    },
    {
      "quarter": "2022-12 (Q4)",
      "signal": "OP MARGIN TURNED POSITIVE (YoY)",
      "detail": "Op margin: -58.5% (year-ago) -> +3.7%",
      "severity": "HIGH"
    },
    {
      "quarter": "2022-12 (Q4)",
      "signal": "OP MARGIN TURNED POSITIVE (QoQ)",
      "detail": "Op margin: -1.0% -> +3.7%",
      "severity": "HIGH"
    },
    {
      "quarter": "2022-09 (Q3)",
      "signal": "FCF MARGIN EXPANSION",
      "detail": "FCF margin: -22.9% -> -16.6% (+6.3%)",
      "severity": "MEDIUM"
    },
    {
      "quarter": "2022-09 (Q3)",
      "signal": "YoY REVENUE GROWTH DECELERATION",
      "detail": "YoY growth: +41.0% vs prior quarter YoY: +48.2% (decel: -7.2%)",
      "severity": "WARNING"
    },
    {
      "quarter": "2022-06 (Q2)",
      "signal": "FCF MARGIN EXPANSION",
      "detail": "FCF margin: -57.1% -> -22.9% (+34.2%)",
      "severity": "MEDIUM"
    },
    {
      "quarter": "2022-06 (Q2)",
      "signal": "YoY REVENUE GROWTH ACCELERATION",
      "detail": "YoY growth: +48.2% vs prior quarter YoY: +18.6% (accel: +29.6%)",
      "severity": "HIGH"
    },
    {
      "quarter": "2022-06 (Q2)",
      "signal": "OP MARGIN TURNED POSITIVE (YoY)",
      "detail": "Op margin: -22.8% (year-ago) -> +1.5%",
      "severity": "HIGH"
    },
    {
      "quarter": "2022-06 (Q2)",
      "signal": "OP MARGIN TURNED POSITIVE (QoQ)",
      "detail": "Op margin: -49.6% -> +1.5%",
      "severity": "HIGH"
    },
    {
      "quarter": "2022-03 (Q1)",
      "signal": "FCF MARGIN EXPANSION",
      "detail": "FCF margin: -82.0% -> -57.1% (+24.9%)",
      "severity": "MEDIUM"
    },
    {
      "quarter": "2022-03 (Q1)",
      "signal": "OPERATING LEVERAGE",
      "detail": "Rev growth +14.5% vs OpEx growth +1.0% (leverage: 14.2x)",
      "severity": "MEDIUM"
    },
    {
      "quarter": "2022-03 (Q1)",
      "signal": "YoY REVENUE GROWTH ACCELERATION",
      "detail": "YoY growth: +18.6% vs prior quarter YoY: +10.1% (accel: +8.5%)",
      "severity": "MEDIUM"
    },
    {
      "quarter": "2021-09 (Q3)",
      "signal": "FCF MARGIN EXPANSION",
      "detail": "FCF margin: -130.9% -> -66.1% (+64.8%)",
      "severity": "MEDIUM"
    },
    {
      "quarter": "2021-06 (Q2)",
      "signal": "GROSS MARGIN INFLECTION",
      "detail": "GM: +42.7% -> +42.6% -> +48.6% (reversal +6.0%)",
      "severity": "HIGH"
    }
  ],
  "data_quality": {
    "n_quarters": 20,
    "coverage": {
      "revenue": [
        20,
        20
      ],
      "gross_profit": [
        20,
        20
      ],
      "op_income": [
        20,
        20
      ],
      "fcf": [
        20,
        20
      ]
    },
    "gaps": [],
    "warnings": []
  },
  "market_cap": null,
  "source": "SEC EDGAR",
  "last_updated": "2026-02-02T22:17:11.333569"
}