{
  "ticker": "VREX",
  "name": "VAREX IMAGING CORPORATION",
  "sector": "Healthcare",
  "industry": "Medical Devices",
  "quarters": [
    {
      "date": "2021-04-02T00:00:00",
      "quarter_label": "2021-04 (Q2)",
      "revenue": 203500000,
      "gross_profit": 64600000,
      "operating_income": 15800000,
      "net_income": 3100000,
      "opex": 48800000,
      "cogs": 138900000,
      "rd": 18200000,
      "sga": 30600000,
      "fcf": 9400000,
      "ocf": 12800000,
      "capex": -3400000,
      "gross_margin": 0.3174447174447175,
      "op_margin": 0.07764127764127764,
      "fcf_margin": 0.046191646191646195
    },
    {
      "date": "2021-07-02T00:00:00",
      "quarter_label": "2021-07 (Q3)",
      "revenue": 211200000,
      "gross_profit": 74100000,
      "operating_income": 25700000,
      "net_income": 12000000,
      "opex": 48400000,
      "cogs": 137100000,
      "rd": 19200000,
      "sga": 29200000,
      "fcf": 17400000,
      "ocf": 22100000,
      "capex": -4700000,
      "gross_margin": 0.3508522727272727,
      "op_margin": 0.12168560606060606,
      "fcf_margin": 0.08238636363636363,
      "op_leverage_ratio": null,
      "fcf_margin_change": 0.03619471744471744
    },
    {
      "date": "2021-10-01T00:00:00",
      "quarter_label": "2021-10 (Q4)",
      "revenue": 226300000,
      "gross_profit": 75600000,
      "operating_income": 26500000,
      "net_income": 8700000,
      "opex": 49100000,
      "cogs": 150700000,
      "rd": 17800000,
      "sga": 31300000,
      "fcf": 48000000,
      "ocf": 50600000,
      "capex": -2600000,
      "gross_margin": 0.33406981882456915,
      "op_margin": 0.1171011931064958,
      "fcf_margin": 0.21210782147591692,
      "op_leverage_ratio": 4.943452380952381,
      "fcf_margin_change": 0.1297214578395533
    },
    {
      "date": "2021-12-31T00:00:00",
      "quarter_label": "2021-12 (Q4)",
      "revenue": 198800000,
      "gross_profit": 64800000,
      "operating_income": 14000000,
      "net_income": 1400000,
      "opex": 50800000,
      "cogs": 134000000,
      "rd": 17700000,
      "sga": 33100000,
      "fcf": 6700000,
      "ocf": 10800000,
      "capex": -4100000,
      "gross_margin": 0.32595573440643866,
      "op_margin": 0.07042253521126761,
      "fcf_margin": 0.03370221327967807,
      "fcf_margin_change": -0.17840560819623885
    },
    {
      "date": "2022-04-01T00:00:00",
      "quarter_label": "2022-04 (Q2)",
      "revenue": 214700000,
      "gross_profit": 70800000,
      "operating_income": 26600000,
      "net_income": 7600000,
      "opex": 44200000,
      "cogs": 143900000,
      "rd": 18900000,
      "sga": 25300000,
      "fcf": -11700000,
      "ocf": -8300000,
      "capex": -3400000,
      "gross_margin": 0.32976245924545877,
      "op_margin": 0.12389380530973451,
      "fcf_margin": -0.05449464368886819,
      "incr_op_margin_yoy": 0.9642857142857143,
      "rev_growth_yoy": 0.055036855036855035,
      "op_leverage_ratio": null,
      "fcf_margin_change": -0.08819685696854626
    },
    {
      "date": "2022-07-01T00:00:00",
      "quarter_label": "2022-07 (Q3)",
      "revenue": 214500000,
      "gross_profit": 73400000,
      "operating_income": 23000000,
      "net_income": 8200000,
      "opex": 50400000,
      "cogs": 141100000,
      "rd": 20200000,
      "sga": 30200000,
      "fcf": -6700000,
      "ocf": -2700000,
      "capex": -4000000,
      "gross_margin": 0.3421911421911422,
      "op_margin": 0.10722610722610723,
      "fcf_margin": -0.031235431235431235,
      "incr_op_margin_yoy": -0.8181818181818182,
      "rev_growth_yoy": 0.015625,
      "rev_growth_yoy_accel": -0.039411855036855035,
      "fcf_margin_change": 0.023259212453436953
    },
    {
      "date": "2022-09-30T00:00:00",
      "quarter_label": "2022-09 (Q3)",
      "revenue": 231400000,
      "gross_profit": 74500000,
      "operating_income": 24600000,
      "net_income": 13100000,
      "opex": 49900000,
      "cogs": 156900000,
      "rd": 20200000,
      "sga": 29700000,
      "fcf": 7300000,
      "ocf": 17100000,
      "capex": -9800000,
      "gross_margin": 0.3219533275713051,
      "op_margin": 0.1063094209161625,
      "fcf_margin": 0.031547104580812446,
      "incr_op_margin_yoy": -0.37254901960784315,
      "rev_growth_yoy": 0.022536456031816175,
      "rev_growth_yoy_accel": 0.0069114560318161745,
      "op_leverage_ratio": null,
      "fcf_margin_change": 0.06278253581624368
    },
    {
      "date": "2022-12-30T00:00:00",
      "quarter_label": "2022-12 (Q4)",
      "revenue": 205600000,
      "gross_profit": 63300000,
      "operating_income": 13000000,
      "net_income": 3100000,
      "opex": 50300000,
      "cogs": 142300000,
      "rd": 20000000,
      "sga": 30300000,
      "fcf": -9200000,
      "ocf": -3700000,
      "capex": -5500000,
      "gross_margin": 0.30787937743190663,
      "op_margin": 0.0632295719844358,
      "fcf_margin": -0.04474708171206226,
      "incr_op_margin_yoy": -0.14705882352941177,
      "rev_growth_yoy": 0.03420523138832998,
      "rev_growth_yoy_accel": 0.011668775356513807,
      "fcf_margin_change": -0.07629418629287471
    },
    {
      "date": "2023-03-31T00:00:00",
      "quarter_label": "2023-03 (Q1)",
      "revenue": 228200000,
      "gross_profit": 72700000,
      "operating_income": 15600000,
      "net_income": 4100000,
      "opex": 57100000,
      "cogs": 155500000,
      "rd": 23000000,
      "sga": 34100000,
      "fcf": 21700000,
      "ocf": 27300000,
      "capex": -5600000,
      "gross_margin": 0.31858019281332167,
      "op_margin": 0.06836108676599474,
      "fcf_margin": 0.0950920245398773,
      "incr_op_margin_yoy": -0.8148148148148148,
      "rev_growth_yoy": 0.06287843502561714,
      "rev_growth_yoy_accel": 0.028673203637287162,
      "op_leverage_ratio": 0.8131008239871824,
      "fcf_margin_change": 0.13983910625193957
    },
    {
      "date": "2023-06-30T00:00:00",
      "quarter_label": "2023-06 (Q2)",
      "revenue": 232200000,
      "gross_profit": 76300000,
      "operating_income": 24200000,
      "net_income": 9100000,
      "opex": 52100000,
      "cogs": 155900000,
      "rd": 20000000,
      "sga": 32100000,
      "fcf": 33500000,
      "ocf": 37700000,
      "capex": -4200000,
      "gross_margin": 0.3285960378983635,
      "op_margin": 0.10422049956933678,
      "fcf_margin": 0.1442721791559001,
      "incr_op_margin_yoy": 0.06779661016949153,
      "rev_growth_yoy": 0.08251748251748252,
      "rev_growth_yoy_accel": 0.019639047491865375,
      "op_leverage_ratio": null,
      "fcf_margin_change": 0.04918015461602279
    },
    {
      "date": "2023-09-29T00:00:00",
      "quarter_label": "2023-09 (Q3)",
      "revenue": 227400000,
      "gross_profit": 78000000,
      "operating_income": 24300000,
      "net_income": 31900000,
      "opex": 53700000,
      "cogs": 149400000,
      "rd": 21800000,
      "sga": 31900000,
      "fcf": 41700000,
      "ocf": 47100000,
      "capex": -5400000,
      "gross_margin": 0.34300791556728233,
      "op_margin": 0.10686015831134564,
      "fcf_margin": 0.18337730870712401,
      "incr_op_margin_yoy": 0.075,
      "rev_growth_yoy": -0.01728608470181504,
      "rev_growth_yoy_accel": -0.09980356721929756,
      "fcf_margin_change": 0.039105129551223916
    },
    {
      "date": "2023-12-29T00:00:00",
      "quarter_label": "2023-12 (Q4)",
      "revenue": 190000000,
      "gross_profit": 57100000,
      "operating_income": 4200000,
      "net_income": -500000,
      "opex": 52900000,
      "cogs": 132900000,
      "rd": 20500000,
      "sga": 32400000,
      "fcf": -100000,
      "ocf": 10300000,
      "capex": -10400000,
      "gross_margin": 0.3005263157894737,
      "op_margin": 0.022105263157894735,
      "fcf_margin": -0.0005263157894736842,
      "incr_op_margin_yoy": 0.5641025641025641,
      "rev_growth_yoy": -0.07587548638132295,
      "rev_growth_yoy_accel": -0.05858940167950791,
      "fcf_margin_change": -0.1839036244965977
    },
    {
      "date": "2024-03-29T00:00:00",
      "quarter_label": "2024-03 (Q1)",
      "revenue": 206200000,
      "gross_profit": 65800000,
      "operating_income": 7700000,
      "net_income": 1400000,
      "opex": 58100000,
      "cogs": 140400000,
      "rd": 22600000,
      "sga": 35500000,
      "fcf": -2700000,
      "ocf": 3100000,
      "capex": -5800000,
      "gross_margin": 0.31910766246362754,
      "op_margin": 0.03734238603297769,
      "fcf_margin": -0.013094083414161009,
      "incr_op_margin_yoy": 0.35909090909090907,
      "rev_growth_yoy": -0.09640666082383874,
      "rev_growth_yoy_accel": -0.020531174442515787,
      "op_leverage_ratio": 0.8673886639676114,
      "fcf_margin_change": -0.012567767624687325
    },
    {
      "date": "2024-06-28T00:00:00",
      "quarter_label": "2024-06 (Q2)",
      "revenue": 209100000,
      "gross_profit": 66900000,
      "operating_income": 9300000,
      "net_income": 1400000,
      "opex": 57600000,
      "cogs": 142200000,
      "rd": 22000000,
      "sga": 35600000,
      "fcf": 3300000,
      "ocf": 8000000,
      "capex": -4700000,
      "gross_margin": 0.3199426111908178,
      "op_margin": 0.04447632711621234,
      "fcf_margin": 0.015781922525107604,
      "incr_op_margin_yoy": 0.645021645021645,
      "rev_growth_yoy": -0.09948320413436693,
      "rev_growth_yoy_accel": -0.0030765433105281875,
      "op_leverage_ratio": null,
      "fcf_margin_change": 0.02887600593926861
    },
    {
      "date": "2024-09-27T00:00:00",
      "quarter_label": "2024-09 (Q3)",
      "revenue": 205700000,
      "gross_profit": 67100000,
      "operating_income": 10900000,
      "net_income": -50000000,
      "opex": 56200000,
      "cogs": 138600000,
      "rd": 21900000,
      "sga": 34300000,
      "fcf": 19900000,
      "ocf": 25900000,
      "capex": -6000000,
      "gross_margin": 0.32620320855614976,
      "op_margin": 0.052989790957705396,
      "fcf_margin": 0.09674282936315022,
      "incr_op_margin_yoy": 0.6175115207373272,
      "rev_growth_yoy": -0.09542656112576957,
      "rev_growth_yoy_accel": 0.004056643008597358,
      "fcf_margin_change": 0.08096090683804262
    },
    {
      "date": "2025-01-03T00:00:00",
      "quarter_label": "2025-01 (Q1)",
      "revenue": 199800000,
      "gross_profit": 68500000,
      "operating_income": 11200000,
      "net_income": -300000,
      "opex": 57300000,
      "cogs": 131300000,
      "rd": 23500000,
      "sga": 33800000,
      "fcf": 5300000,
      "ocf": 9500000,
      "capex": -4200000,
      "gross_margin": 0.34284284284284283,
      "op_margin": 0.056056056056056056,
      "fcf_margin": 0.026526526526526525,
      "incr_op_margin_yoy": 0.7142857142857143,
      "rev_growth_yoy": 0.05157894736842105,
      "rev_growth_yoy_accel": 0.1470055084941906,
      "fcf_margin_change": -0.0702163028366237
    },
    {
      "date": "2025-04-04T00:00:00",
      "quarter_label": "2025-04 (Q2)",
      "revenue": 212900000,
      "gross_profit": 76700000,
      "operating_income": 22100000,
      "net_income": 6900000,
      "opex": 54600000,
      "cogs": 136200000,
      "rd": 22000000,
      "sga": 32600000,
      "fcf": 9800000,
      "ocf": 16600000,
      "capex": -6800000,
      "gross_margin": 0.3602630342883983,
      "op_margin": 0.10380460310004697,
      "fcf_margin": 0.046031000469704084,
      "incr_op_margin_yoy": 2.1492537313432836,
      "rev_growth_yoy": 0.03249272550921436,
      "rev_growth_yoy_accel": -0.019086221859206692,
      "op_leverage_ratio": null,
      "fcf_margin_change": 0.019504473943177558
    },
    {
      "date": "2025-07-04T00:00:00",
      "quarter_label": "2025-07 (Q3)",
      "revenue": 203000000,
      "gross_profit": 67500000,
      "operating_income": -80700000,
      "net_income": -89100000,
      "opex": 148200000,
      "cogs": 135500000,
      "rd": 21400000,
      "sga": 32900000,
      "fcf": 1400000,
      "ocf": 7700000,
      "capex": -6300000,
      "gross_margin": 0.33251231527093594,
      "op_margin": -0.3975369458128079,
      "fcf_margin": 0.006896551724137931,
      "incr_op_margin_yoy": 14.754098360655737,
      "rev_growth_yoy": -0.029172644667623145,
      "rev_growth_yoy_accel": -0.0616653701768375,
      "fcf_margin_change": -0.03913444874556615
    },
    {
      "date": "2025-10-03T00:00:00",
      "quarter_label": "2025-10 (Q4)",
      "revenue": 228900000,
      "gross_profit": 77800000,
      "operating_income": 19600000,
      "net_income": 12200000,
      "opex": 58200000,
      "cogs": 151100000,
      "rd": 24200000,
      "sga": 34000000,
      "fcf": 2300000,
      "ocf": 7900000,
      "capex": -5600000,
      "gross_margin": 0.3398864132809087,
      "op_margin": 0.0856269113149847,
      "fcf_margin": 0.010048055919615552,
      "incr_op_margin_yoy": 0.375,
      "rev_growth_yoy": 0.11278561011181332,
      "rev_growth_yoy_accel": 0.14195825477943647,
      "op_leverage_ratio": null,
      "fcf_margin_change": 0.0031515041954776214
    },
    {
      "date": "2026-01-02T00:00:00",
      "quarter_label": "2026-01 (Q1)",
      "revenue": 209600000,
      "gross_profit": 69800000,
      "operating_income": 15400000,
      "net_income": 2300000,
      "opex": 54400000,
      "cogs": 139800000,
      "rd": 21700000,
      "sga": 32700000,
      "fcf": -26800000,
      "ocf": -16100000,
      "capex": -10700000,
      "gross_margin": 0.3330152671755725,
      "op_margin": 0.07347328244274809,
      "fcf_margin": -0.12786259541984732,
      "incr_op_margin_yoy": 0.42857142857142855,
      "rev_growth_yoy": 0.04904904904904905,
      "rev_growth_yoy_accel": -0.06373656106276426,
      "fcf_margin_change": -0.13791065133946287
    }
  ],
  "signals": [
    {
      "quarter": "2026-01 (Q1)",
      "signal": "YoY REVENUE GROWTH DECELERATION",
      "detail": "YoY growth: +4.9% vs prior quarter YoY: +11.3% (decel: -6.4%)",
      "severity": "WARNING"
    },
    {
      "quarter": "2026-01 (Q1)",
      "signal": "INCREMENTAL MARGIN (YoY)",
      "detail": "YoY Incr OPM: +42.9% vs year-ago OPM: +5.6%",
      "severity": "HIGH"
    },
    {
      "quarter": "2025-10 (Q4)",
      "signal": "YoY REVENUE GROWTH ACCELERATION",
      "detail": "YoY growth: +11.3% vs prior quarter YoY: -2.9% (accel: +14.2%)",
      "severity": "MEDIUM"
    },
    {
      "quarter": "2025-10 (Q4)",
      "signal": "INCREMENTAL MARGIN (YoY)",
      "detail": "YoY Incr OPM: +37.5% vs year-ago OPM: +5.3%",
      "severity": "HIGH"
    },
    {
      "quarter": "2025-10 (Q4)",
      "signal": "OP MARGIN TURNED POSITIVE (QoQ)",
      "detail": "Op margin: -39.8% -> +8.6%",
      "severity": "HIGH"
    },
    {
      "quarter": "2025-07 (Q3)",
      "signal": "YoY REVENUE GROWTH DECELERATION",
      "detail": "YoY growth: -2.9% vs prior quarter YoY: +3.2% (decel: -6.2%)",
      "severity": "WARNING"
    },
    {
      "quarter": "2025-04 (Q2)",
      "signal": "INCREMENTAL MARGIN (YoY)",
      "detail": "YoY Incr OPM: +214.9% vs year-ago OPM: +3.7%",
      "severity": "HIGH"
    },
    {
      "quarter": "2025-01 (Q1)",
      "signal": "YoY REVENUE GROWTH ACCELERATION",
      "detail": "YoY growth: +5.2% vs prior quarter YoY: -9.5% (accel: +14.7%)",
      "severity": "MEDIUM"
    },
    {
      "quarter": "2025-01 (Q1)",
      "signal": "INCREMENTAL MARGIN (YoY)",
      "detail": "YoY Incr OPM: +71.4% vs year-ago OPM: +2.2%",
      "severity": "HIGH"
    },
    {
      "quarter": "2024-09 (Q3)",
      "signal": "FCF MARGIN EXPANSION",
      "detail": "FCF margin: +1.6% -> +9.7% (+8.1%)",
      "severity": "MEDIUM"
    },
    {
      "quarter": "2024-09 (Q3)",
      "signal": "INCREMENTAL MARGIN (YoY)",
      "detail": "YoY Incr OPM: +61.8% vs year-ago OPM: +10.7%",
      "severity": "HIGH"
    },
    {
      "quarter": "2024-06 (Q2)",
      "signal": "FCF TURNED POSITIVE",
      "detail": "FCF margin: -1.3% -> +1.6%",
      "severity": "HIGH"
    },
    {
      "quarter": "2024-06 (Q2)",
      "signal": "INCREMENTAL MARGIN (YoY)",
      "detail": "YoY Incr OPM: +64.5% vs year-ago OPM: +10.4%",
      "severity": "HIGH"
    },
    {
      "quarter": "2024-03 (Q1)",
      "signal": "INCREMENTAL MARGIN (YoY)",
      "detail": "YoY Incr OPM: +35.9% vs year-ago OPM: +6.8%",
      "severity": "HIGH"
    },
    {
      "quarter": "2023-12 (Q4)",
      "signal": "YoY REVENUE GROWTH DECELERATION",
      "detail": "YoY growth: -7.6% vs prior quarter YoY: -1.7% (decel: -5.9%)",
      "severity": "WARNING"
    },
    {
      "quarter": "2023-12 (Q4)",
      "signal": "INCREMENTAL MARGIN (YoY)",
      "detail": "YoY Incr OPM: +56.4% vs year-ago OPM: +6.3%",
      "severity": "HIGH"
    },
    {
      "quarter": "2023-09 (Q3)",
      "signal": "YoY REVENUE GROWTH DECELERATION",
      "detail": "YoY growth: -1.7% vs prior quarter YoY: +8.3% (decel: -10.0%)",
      "severity": "WARNING"
    },
    {
      "quarter": "2023-03 (Q1)",
      "signal": "FCF TURNED POSITIVE",
      "detail": "FCF margin: -4.5% -> +9.5%",
      "severity": "HIGH"
    },
    {
      "quarter": "2022-09 (Q3)",
      "signal": "FCF TURNED POSITIVE",
      "detail": "FCF margin: -3.1% -> +3.2%",
      "severity": "HIGH"
    },
    {
      "quarter": "2022-04 (Q2)",
      "signal": "INCREMENTAL MARGIN (YoY)",
      "detail": "YoY Incr OPM: +96.4% vs year-ago OPM: +7.8%",
      "severity": "HIGH"
    },
    {
      "quarter": "2021-10 (Q4)",
      "signal": "FCF MARGIN EXPANSION",
      "detail": "FCF margin: +8.2% -> +21.2% (+13.0%)",
      "severity": "MEDIUM"
    },
    {
      "quarter": "2021-10 (Q4)",
      "signal": "OPERATING LEVERAGE",
      "detail": "Rev growth +7.1% vs OpEx growth +1.4% (leverage: 4.9x)",
      "severity": "MEDIUM"
    }
  ],
  "data_quality": {
    "n_quarters": 20,
    "coverage": {
      "revenue": [
        20,
        20
      ],
      "gross_profit": [
        20,
        20
      ],
      "op_income": [
        20,
        20
      ],
      "fcf": [
        20,
        20
      ]
    },
    "gaps": [],
    "warnings": []
  },
  "market_cap": null,
  "source": "SEC EDGAR",
  "last_updated": "2026-02-13T11:47:53.378858"
}