{
  "ticker": "VRM",
  "name": "VROOM, INC.",
  "quarters": [
    {
      "date": "2019-06-30T00:00:00",
      "quarter_label": "2019-06 (Q2)",
      "revenue": 260897000,
      "gross_profit": 13845000,
      "operating_income": -31348000,
      "net_income": null,
      "opex": 45193000,
      "cogs": 247052000,
      "rd": null,
      "sga": 43692000,
      "fcf": null,
      "ocf": null,
      "capex": null,
      "gross_margin": 0.053066919129004936,
      "op_margin": -0.12015469706435873,
      "fcf_margin": null
    },
    {
      "date": "2019-09-30T00:00:00",
      "quarter_label": "2019-09 (Q3)",
      "revenue": 340273000,
      "gross_profit": 15671000,
      "operating_income": -36780000,
      "net_income": null,
      "opex": 52451000,
      "cogs": 324602000,
      "rd": null,
      "sga": 50934000,
      "fcf": null,
      "ocf": null,
      "capex": null,
      "gross_margin": 0.04605419765893856,
      "op_margin": -0.10808968093266288,
      "fcf_margin": null,
      "op_leverage_ratio": 1.8944115468399605
    },
    {
      "date": "2019-12-31T00:00:00",
      "quarter_label": "2019-12 (Q4)",
      "revenue": 355592000,
      "gross_profit": 16331000,
      "operating_income": -38916000,
      "net_income": null,
      "opex": 55247000,
      "cogs": 339261000,
      "rd": null,
      "sga": 53779000,
      "fcf": null,
      "ocf": null,
      "capex": null,
      "gross_margin": 0.0459262300614187,
      "op_margin": -0.10944003239667933,
      "fcf_margin": null,
      "op_leverage_ratio": 0.8445386538428978
    },
    {
      "date": "2020-03-31T00:00:00",
      "quarter_label": "2020-03 (Q1)",
      "revenue": 375772000,
      "gross_profit": 18387000,
      "operating_income": -40959000,
      "net_income": null,
      "opex": 59346000,
      "cogs": 357385000,
      "rd": null,
      "sga": 58380000,
      "fcf": null,
      "ocf": null,
      "capex": null,
      "gross_margin": 0.04893126683201516,
      "op_margin": -0.10899960614415125,
      "fcf_margin": null,
      "op_leverage_ratio": 0.7648917239337445
    },
    {
      "date": "2020-06-30T00:00:00",
      "quarter_label": "2020-06 (Q2)",
      "revenue": 253093000,
      "gross_profit": 7607000,
      "operating_income": -41387000,
      "net_income": null,
      "opex": 48994000,
      "cogs": 245486000,
      "rd": null,
      "sga": 47911000,
      "fcf": 23720000,
      "ocf": 25149000,
      "capex": -1429000,
      "gross_margin": 0.030056145369488686,
      "op_margin": -0.1635248703045916,
      "fcf_margin": 0.09372049009652578,
      "incr_op_margin_yoy": 1.2863915940543311,
      "rev_growth_yoy": -0.02991218756827407
    },
    {
      "date": "2020-09-30T00:00:00",
      "quarter_label": "2020-09 (Q3)",
      "revenue": 323005000,
      "gross_profit": 25445000,
      "operating_income": -36873000,
      "net_income": null,
      "opex": 62318000,
      "cogs": 297560000,
      "rd": null,
      "sga": 61127000,
      "fcf": -184807000,
      "ocf": -182878000,
      "capex": -1929000,
      "gross_margin": 0.07877587034256435,
      "op_margin": -0.11415612761412362,
      "fcf_margin": -0.5721490379405891,
      "incr_op_margin_yoy": 0.005385684503127172,
      "rev_growth_yoy": -0.050747488046362775,
      "rev_growth_yoy_accel": -0.020835300478088705,
      "op_leverage_ratio": 1.0157337111833007,
      "fcf_margin_change": -0.665869528037115
    },
    {
      "date": "2020-12-31T00:00:00",
      "quarter_label": "2020-12 (Q4)",
      "revenue": 405829000,
      "gross_profit": 20106000,
      "operating_income": -59381000,
      "net_income": -60662000,
      "opex": 79487000,
      "cogs": 385723000,
      "rd": null,
      "sga": 78128000,
      "fcf": -178652000,
      "ocf": -172380000,
      "capex": -6272000,
      "gross_margin": 0.04954303413506674,
      "op_margin": -0.14632024818334816,
      "fcf_margin": -0.44021496738774213,
      "incr_op_margin_yoy": -0.40736907060533073,
      "rev_growth_yoy": 0.1412770815991361,
      "rev_growth_yoy_accel": 0.19202456964549888,
      "op_leverage_ratio": 0.9307123186420133,
      "fcf_margin_change": 0.131934070552847
    },
    {
      "date": "2021-03-31T00:00:00",
      "quarter_label": "2021-03 (Q1)",
      "revenue": 591118000,
      "gross_profit": 36176000,
      "operating_income": -75532000,
      "net_income": -77189000,
      "opex": 111708000,
      "cogs": 554942000,
      "rd": null,
      "sga": 109114000,
      "fcf": 26315000,
      "ocf": 29554000,
      "capex": -3239000,
      "gross_margin": 0.06119928677522931,
      "op_margin": -0.12777821010356646,
      "fcf_margin": 0.04451733833177132,
      "incr_op_margin_yoy": -0.16054628365514104,
      "rev_growth_yoy": 0.573076227073864,
      "rev_growth_yoy_accel": 0.43179914547472786,
      "op_leverage_ratio": 1.1263248104496066,
      "fcf_margin_change": 0.4847323057195134
    },
    {
      "date": "2021-06-30T00:00:00",
      "quarter_label": "2021-06 (Q2)",
      "revenue": 761890000,
      "gross_profit": 63128000,
      "operating_income": -63828000,
      "net_income": -65807000,
      "opex": 126956000,
      "cogs": 698762000,
      "rd": null,
      "sga": 123898000,
      "fcf": -187109000,
      "ocf": -181405000,
      "capex": -5704000,
      "gross_margin": 0.08285710535641629,
      "op_margin": -0.08377587315754242,
      "fcf_margin": -0.24558532071558886,
      "incr_op_margin_yoy": -0.04410599905266737,
      "rev_growth_yoy": 2.0103163659208274,
      "rev_growth_yoy_accel": 1.4372401388469633,
      "op_leverage_ratio": 2.116478560925086,
      "fcf_margin_change": -0.2901026590473602
    },
    {
      "date": "2021-09-30T00:00:00",
      "quarter_label": "2021-09 (Q3)",
      "revenue": 896756000,
      "gross_profit": 58089000,
      "operating_income": -94005000,
      "net_income": -98122000,
      "opex": 152094000,
      "cogs": 838667000,
      "rd": null,
      "sga": 148718000,
      "fcf": -183451000,
      "ocf": -173608000,
      "capex": -9843000,
      "gross_margin": 0.06477681777428866,
      "op_margin": -0.10482784614767005,
      "fcf_margin": -0.20457181217633336,
      "incr_op_margin_yoy": -0.09957629703477641,
      "rev_growth_yoy": 1.776291388678194,
      "rev_growth_yoy_accel": -0.2340249772426335,
      "op_leverage_ratio": 0.8939901058263805,
      "fcf_margin_change": 0.041013508539255505
    },
    {
      "date": "2021-12-31T00:00:00",
      "quarter_label": "2021-12 (Q4)",
      "revenue": 934491000,
      "gross_profit": 44706000,
      "operating_income": -125250000,
      "net_income": -129793000,
      "opex": 169956000,
      "cogs": 889785000,
      "rd": null,
      "sga": 166341000,
      "fcf": -252856000,
      "ocf": -243229000,
      "capex": -9627000,
      "gross_margin": 0.04783994709419352,
      "op_margin": -0.13403018327624344,
      "fcf_margin": -0.270581525129723,
      "incr_op_margin_yoy": -0.12459567738933383,
      "rev_growth_yoy": 1.3026718149762584,
      "rev_growth_yoy_accel": -0.4736195737019355,
      "op_leverage_ratio": 0.35830433283479524,
      "fcf_margin_change": -0.06600971295338964
    },
    {
      "date": "2022-03-31T00:00:00",
      "quarter_label": "2022-03 (Q1)",
      "revenue": 923775000,
      "gross_profit": 81640000,
      "operating_income": -315913000,
      "net_income": -310459000,
      "opex": 397553000,
      "cogs": 842135000,
      "rd": null,
      "sga": 187994000,
      "fcf": -22174000,
      "ocf": -15078000,
      "capex": -7096000,
      "gross_margin": 0.08837649860626234,
      "op_margin": -0.34198046060999704,
      "fcf_margin": -0.024003680549917458,
      "incr_op_margin_yoy": -0.7226091740140745,
      "rev_growth_yoy": 0.562759043033709,
      "rev_growth_yoy_accel": -0.7399127719425493,
      "fcf_margin_change": 0.24657784457980553
    },
    {
      "date": "2022-06-30T00:00:00",
      "quarter_label": "2022-06 (Q2)",
      "revenue": 475437000,
      "gross_profit": 66357000,
      "operating_income": -100079000,
      "net_income": -115089000,
      "opex": 166436000,
      "cogs": 409080000,
      "rd": null,
      "sga": 152990000,
      "fcf": -131391000,
      "ocf": -122441000,
      "capex": -8950000,
      "gross_margin": 0.13957054246934925,
      "op_margin": -0.2104989725242251,
      "fcf_margin": -0.2763583818676292,
      "incr_op_margin_yoy": 0.12655130160968814,
      "rev_growth_yoy": -0.3759768470514116,
      "rev_growth_yoy_accel": -0.9387358900851206,
      "fcf_margin_change": -0.2523547013177117
    },
    {
      "date": "2022-09-30T00:00:00",
      "quarter_label": "2022-09 (Q3)",
      "revenue": 340797000,
      "gross_profit": 67331000,
      "operating_income": -78162000,
      "net_income": -51127000,
      "opex": 145493000,
      "cogs": 273466000,
      "rd": null,
      "sga": 134643000,
      "fcf": 110495000,
      "ocf": 114417000,
      "capex": -3922000,
      "gross_margin": 0.19756922742864522,
      "op_margin": -0.22935061048072605,
      "fcf_margin": 0.32422527193607925,
      "incr_op_margin_yoy": -0.02849670569232623,
      "rev_growth_yoy": -0.619966858320435,
      "rev_growth_yoy_accel": -0.24399001126902337,
      "fcf_margin_change": 0.6005836538037084
    },
    {
      "date": "2022-12-31T00:00:00",
      "quarter_label": "2022-12 (Q4)",
      "revenue": 209349000,
      "gross_profit": 29459000,
      "operating_income": -77609000,
      "net_income": 24765000,
      "opex": 107068000,
      "cogs": 179890000,
      "rd": null,
      "sga": 90760000,
      "fcf": -90229000,
      "ocf": -85963000,
      "capex": -4266000,
      "gross_margin": 0.1407171756253911,
      "op_margin": -0.370715885912997,
      "fcf_margin": -0.4309979985574328,
      "incr_op_margin_yoy": -0.06569885622402233,
      "rev_growth_yoy": -0.7759753705493151,
      "rev_growth_yoy_accel": -0.15600851222888013,
      "fcf_margin_change": -0.755223270493512
    },
    {
      "date": "2023-03-31T00:00:00",
      "quarter_label": "2023-03 (Q1)",
      "revenue": 196467000,
      "gross_profit": 38805000,
      "operating_income": -68263000,
      "net_income": -75044000,
      "opex": 107068000,
      "cogs": 157662000,
      "rd": null,
      "sga": 96537000,
      "fcf": -85835000,
      "ocf": -85021000,
      "capex": -814000,
      "gross_margin": 0.19751408633510972,
      "op_margin": -0.34745275287961846,
      "fcf_margin": -0.4368927097171535,
      "incr_op_margin_yoy": -0.3405022356415714,
      "rev_growth_yoy": -0.787321588049038,
      "rev_growth_yoy_accel": -0.011346217499722866,
      "fcf_margin_change": -0.005894711159720678
    },
    {
      "date": "2023-06-30T00:00:00",
      "quarter_label": "2023-06 (Q2)",
      "revenue": 225178000,
      "gross_profit": 46001000,
      "operating_income": -52611000,
      "net_income": -66318000,
      "opex": 98612000,
      "cogs": 179177000,
      "rd": null,
      "sga": 86955000,
      "fcf": -147539000,
      "ocf": -147104000,
      "capex": -435000,
      "gross_margin": 0.20428727495581273,
      "op_margin": -0.23364183001891836,
      "fcf_margin": -0.6552105445469806,
      "incr_op_margin_yoy": -0.18967549618595136,
      "rev_growth_yoy": -0.5263767859884696,
      "rev_growth_yoy_accel": 0.26094480206056836,
      "op_leverage_ratio": Infinity,
      "fcf_margin_change": -0.21831783482982708
    },
    {
      "date": "2023-09-30T00:00:00",
      "quarter_label": "2023-09 (Q3)",
      "revenue": 235634000,
      "gross_profit": 48094000,
      "operating_income": -42502000,
      "net_income": -82857000,
      "opex": 90596000,
      "cogs": 187540000,
      "rd": null,
      "sga": 79586000,
      "fcf": -194183000,
      "ocf": -193506000,
      "capex": -677000,
      "gross_margin": 0.20410467080302502,
      "op_margin": -0.18037295127188777,
      "fcf_margin": -0.824087355814526,
      "incr_op_margin_yoy": -0.3390926466532906,
      "rev_growth_yoy": -0.3085795943039405,
      "rev_growth_yoy_accel": 0.2177971916845291,
      "op_leverage_ratio": Infinity,
      "fcf_margin_change": -0.1688768112675454
    },
    {
      "date": "2023-12-31T00:00:00",
      "quarter_label": "2023-12 (Q4)",
      "revenue": 235924000,
      "gross_profit": 29047000,
      "operating_income": -106851000,
      "net_income": -141321000,
      "opex": 135898000,
      "cogs": 206877000,
      "rd": null,
      "sga": 77579000,
      "fcf": -108751000,
      "ocf": -108053000,
      "capex": -698000,
      "gross_margin": 0.12312015733880402,
      "op_margin": -0.45290432512164935,
      "fcf_margin": -0.4609577660602567,
      "incr_op_margin_yoy": -1.1003574788334902,
      "rev_growth_yoy": 0.12694113657098913,
      "rev_growth_yoy_accel": 0.4355207308749296,
      "fcf_margin_change": 0.3631295897542693
    }
  ],
  "signals": [
    {
      "quarter": "2023-12 (Q4)",
      "signal": "FCF MARGIN EXPANSION",
      "detail": "FCF margin: -82.4% -> -46.1% (+36.3%)",
      "severity": "MEDIUM"
    },
    {
      "quarter": "2023-12 (Q4)",
      "signal": "YoY REVENUE GROWTH ACCELERATION",
      "detail": "YoY growth: +12.7% vs prior quarter YoY: -30.9% (accel: +43.6%)",
      "severity": "HIGH"
    },
    {
      "quarter": "2023-09 (Q3)",
      "signal": "YoY REVENUE GROWTH ACCELERATION",
      "detail": "YoY growth: -30.9% vs prior quarter YoY: -52.6% (accel: +21.8%)",
      "severity": "HIGH"
    },
    {
      "quarter": "2023-06 (Q2)",
      "signal": "YoY REVENUE GROWTH ACCELERATION",
      "detail": "YoY growth: -52.6% vs prior quarter YoY: -78.7% (accel: +26.1%)",
      "severity": "HIGH"
    },
    {
      "quarter": "2023-03 (Q1)",
      "signal": "GROSS MARGIN INFLECTION",
      "detail": "GM: +19.8% -> +14.1% -> +19.8% (reversal +5.7%)",
      "severity": "HIGH"
    },
    {
      "quarter": "2022-12 (Q4)",
      "signal": "YoY REVENUE GROWTH DECELERATION",
      "detail": "YoY growth: -77.6% vs prior quarter YoY: -62.0% (decel: -15.6%)",
      "severity": "WARNING"
    },
    {
      "quarter": "2022-09 (Q3)",
      "signal": "FCF TURNED POSITIVE",
      "detail": "FCF margin: -27.6% -> +32.4%",
      "severity": "HIGH"
    },
    {
      "quarter": "2022-09 (Q3)",
      "signal": "YoY REVENUE GROWTH DECELERATION",
      "detail": "YoY growth: -62.0% vs prior quarter YoY: -37.6% (decel: -24.4%)",
      "severity": "WARNING"
    },
    {
      "quarter": "2022-06 (Q2)",
      "signal": "YoY REVENUE GROWTH DECELERATION",
      "detail": "YoY growth: -37.6% vs prior quarter YoY: +56.3% (decel: -93.9%)",
      "severity": "WARNING"
    },
    {
      "quarter": "2022-03 (Q1)",
      "signal": "FCF MARGIN EXPANSION",
      "detail": "FCF margin: -27.1% -> -2.4% (+24.7%)",
      "severity": "MEDIUM"
    },
    {
      "quarter": "2022-03 (Q1)",
      "signal": "GROSS MARGIN INFLECTION",
      "detail": "GM: +6.5% -> +4.8% -> +8.8% (reversal +4.1%)",
      "severity": "MEDIUM"
    },
    {
      "quarter": "2022-03 (Q1)",
      "signal": "YoY REVENUE GROWTH DECELERATION",
      "detail": "YoY growth: +56.3% vs prior quarter YoY: +130.3% (decel: -74.0%)",
      "severity": "WARNING"
    },
    {
      "quarter": "2021-12 (Q4)",
      "signal": "YoY REVENUE GROWTH DECELERATION",
      "detail": "YoY growth: +130.3% vs prior quarter YoY: +177.6% (decel: -47.4%)",
      "severity": "WARNING"
    },
    {
      "quarter": "2021-09 (Q3)",
      "signal": "YoY REVENUE GROWTH DECELERATION",
      "detail": "YoY growth: +177.6% vs prior quarter YoY: +201.0% (decel: -23.4%)",
      "severity": "WARNING"
    },
    {
      "quarter": "2021-06 (Q2)",
      "signal": "OPERATING LEVERAGE",
      "detail": "Rev growth +28.9% vs OpEx growth +13.6% (leverage: 2.1x)",
      "severity": "MEDIUM"
    },
    {
      "quarter": "2021-06 (Q2)",
      "signal": "YoY REVENUE GROWTH ACCELERATION",
      "detail": "YoY growth: +201.0% vs prior quarter YoY: +57.3% (accel: +143.7%)",
      "severity": "HIGH"
    },
    {
      "quarter": "2021-03 (Q1)",
      "signal": "FCF TURNED POSITIVE",
      "detail": "FCF margin: -44.0% -> +4.5%",
      "severity": "HIGH"
    },
    {
      "quarter": "2021-03 (Q1)",
      "signal": "YoY REVENUE GROWTH ACCELERATION",
      "detail": "YoY growth: +57.3% vs prior quarter YoY: +14.1% (accel: +43.2%)",
      "severity": "HIGH"
    },
    {
      "quarter": "2020-12 (Q4)",
      "signal": "FCF MARGIN EXPANSION",
      "detail": "FCF margin: -57.2% -> -44.0% (+13.2%)",
      "severity": "MEDIUM"
    },
    {
      "quarter": "2020-12 (Q4)",
      "signal": "YoY REVENUE GROWTH ACCELERATION",
      "detail": "YoY growth: +14.1% vs prior quarter YoY: -5.1% (accel: +19.2%)",
      "severity": "HIGH"
    },
    {
      "quarter": "2020-09 (Q3)",
      "signal": "GROSS MARGIN INFLECTION",
      "detail": "GM: +4.9% -> +3.0% -> +7.9% (reversal +4.9%)",
      "severity": "MEDIUM"
    },
    {
      "quarter": "2019-09 (Q3)",
      "signal": "OPERATING LEVERAGE",
      "detail": "Rev growth +30.4% vs OpEx growth +16.1% (leverage: 1.9x)",
      "severity": "MEDIUM"
    }
  ],
  "data_quality": {
    "n_quarters": 19,
    "coverage": {
      "revenue": [
        19,
        19
      ],
      "gross_profit": [
        19,
        19
      ],
      "op_income": [
        19,
        19
      ],
      "fcf": [
        15,
        19
      ]
    },
    "gaps": [],
    "warnings": [
      "fcf: 15/19Q"
    ]
  },
  "market_cap": null,
  "source": "SEC EDGAR",
  "last_updated": "2026-02-02T23:21:12.099905"
}