{
  "ticker": "VRME",
  "name": "VerifyMe, Inc.",
  "quarters": [
    {
      "date": "2021-03-31T00:00:00",
      "quarter_label": "2021-03 (Q1)",
      "revenue": 188000,
      "gross_profit": 145000,
      "operating_income": -1215000,
      "net_income": -1215000,
      "opex": 1360000,
      "cogs": 43000,
      "rd": 5000,
      "sga": null,
      "fcf": -904000,
      "ocf": -904000,
      "capex": null,
      "gross_margin": 0.7712765957446809,
      "op_margin": -6.462765957446808,
      "fcf_margin": -4.808510638297872
    },
    {
      "date": "2021-06-30T00:00:00",
      "quarter_label": "2021-06 (Q2)",
      "revenue": 124000,
      "gross_profit": 98000,
      "operating_income": -1428000,
      "net_income": -1358000,
      "opex": 1526000,
      "cogs": 26000,
      "rd": 12000,
      "sga": null,
      "fcf": -764000,
      "ocf": -764000,
      "capex": null,
      "gross_margin": 0.7903225806451613,
      "op_margin": -11.516129032258064,
      "fcf_margin": -6.161290322580645,
      "fcf_margin_change": -1.3527796842827726
    },
    {
      "date": "2021-09-30T00:00:00",
      "quarter_label": "2021-09 (Q3)",
      "revenue": 300000,
      "gross_profit": 186000,
      "operating_income": -1025000,
      "net_income": 7189000,
      "opex": 1211000,
      "cogs": 114000,
      "rd": 8000,
      "sga": null,
      "fcf": -700000,
      "ocf": -700000,
      "capex": null,
      "gross_margin": 0.62,
      "op_margin": -3.4166666666666665,
      "fcf_margin": -2.3333333333333335,
      "op_leverage_ratio": Infinity,
      "fcf_margin_change": 3.8279569892473115
    },
    {
      "date": "2021-12-30T00:00:00",
      "quarter_label": "2021-12 (Q4)",
      "revenue": 255000,
      "gross_profit": 170000,
      "operating_income": -1163000,
      "net_income": -1004000,
      "opex": 1333000,
      "cogs": 85000,
      "rd": 26000,
      "sga": null,
      "fcf": null,
      "ocf": null,
      "capex": null,
      "gross_margin": 0.6666666666666666,
      "op_margin": -4.56078431372549,
      "fcf_margin": null
    },
    {
      "date": "2021-12-31T00:00:00",
      "quarter_label": "2021-12 (Q4)",
      "revenue": 255000,
      "gross_profit": 170000,
      "operating_income": 3198000,
      "net_income": -1004000,
      "opex": 1333000,
      "cogs": 85000,
      "rd": 26000,
      "sga": null,
      "fcf": -890000,
      "ocf": -886000,
      "capex": -4000,
      "gross_margin": 0.6666666666666666,
      "op_margin": 12.541176470588235,
      "fcf_margin": -3.4901960784313726
    },
    {
      "date": "2022-03-31T00:00:00",
      "quarter_label": "2022-03 (Q1)",
      "revenue": 161000,
      "gross_profit": 123000,
      "operating_income": -1650000,
      "net_income": -1394000,
      "opex": 1773000,
      "cogs": 38000,
      "rd": 9000,
      "sga": null,
      "fcf": -1001000,
      "ocf": -1001000,
      "capex": null,
      "gross_margin": 0.7639751552795031,
      "op_margin": -10.248447204968944,
      "fcf_margin": -6.217391304347826,
      "rev_growth_yoy": -0.14361702127659576,
      "fcf_margin_change": -2.7271952259164536
    },
    {
      "date": "2022-06-30T00:00:00",
      "quarter_label": "2022-06 (Q2)",
      "revenue": 4497000,
      "gross_profit": 1685000,
      "operating_income": -1322000,
      "net_income": -12555000,
      "opex": 3007000,
      "cogs": 2812000,
      "rd": 25000,
      "sga": null,
      "fcf": -1624000,
      "ocf": -1624000,
      "capex": null,
      "gross_margin": 0.3746942406048477,
      "op_margin": -0.2939737602846342,
      "fcf_margin": -0.3611296419835446,
      "incr_op_margin_yoy": 0.024239652412531443,
      "rev_growth_yoy": 35.266129032258064,
      "rev_growth_yoy_accel": 35.40974605353466,
      "op_leverage_ratio": 38.69518910375791,
      "fcf_margin_change": 5.856261662364282
    },
    {
      "date": "2022-09-30T00:00:00",
      "quarter_label": "2022-09 (Q3)",
      "revenue": 5215000,
      "gross_profit": 1855000,
      "operating_income": -875000,
      "net_income": -557000,
      "opex": 2730000,
      "cogs": 3360000,
      "rd": 39000,
      "sga": null,
      "fcf": -43000,
      "ocf": -43000,
      "capex": null,
      "gross_margin": 0.35570469798657717,
      "op_margin": -0.16778523489932887,
      "fcf_margin": -0.008245445829338447,
      "incr_op_margin_yoy": 0.030518819938962362,
      "rev_growth_yoy": 16.383333333333333,
      "rev_growth_yoy_accel": -18.88279569892473,
      "op_leverage_ratio": Infinity,
      "fcf_margin_change": 0.35288419615420613
    },
    {
      "date": "2022-12-31T00:00:00",
      "quarter_label": "2022-12 (Q4)",
      "revenue": 9703000,
      "gross_profit": 2825000,
      "operating_income": 100000,
      "net_income": 108000,
      "opex": 2725000,
      "cogs": 6878000,
      "rd": 16000,
      "sga": null,
      "fcf": 117000,
      "ocf": 117000,
      "capex": null,
      "gross_margin": 0.291147067917139,
      "op_margin": 0.010306090899721735,
      "fcf_margin": 0.01205812635267443,
      "incr_op_margin_yoy": -0.32790008467400505,
      "rev_growth_yoy": 37.050980392156866,
      "rev_growth_yoy_accel": 20.667647058823533,
      "op_leverage_ratio": Infinity,
      "fcf_margin_change": 0.020303572182012876
    },
    {
      "date": "2023-03-31T00:00:00",
      "quarter_label": "2023-03 (Q1)",
      "revenue": 5661000,
      "gross_profit": 1754000,
      "operating_income": -1504000,
      "net_income": -1580000,
      "opex": 3258000,
      "cogs": 3907000,
      "rd": 8000,
      "sga": null,
      "fcf": -139000,
      "ocf": -126000,
      "capex": -13000,
      "gross_margin": 0.30983925101572163,
      "op_margin": -0.2656774421480304,
      "fcf_margin": -0.02455396573043632,
      "incr_op_margin_yoy": 0.026545454545454546,
      "rev_growth_yoy": 34.161490683229815,
      "rev_growth_yoy_accel": -2.8894897089270515,
      "fcf_margin_change": -0.03661209208311075
    },
    {
      "date": "2023-06-30T00:00:00",
      "quarter_label": "2023-06 (Q2)",
      "revenue": 5335000,
      "gross_profit": 1820000,
      "operating_income": -1038000,
      "net_income": -882000,
      "opex": 2858000,
      "cogs": 3515000,
      "rd": 10000,
      "sga": null,
      "fcf": -348000,
      "ocf": -337000,
      "capex": -11000,
      "gross_margin": 0.34114339268978444,
      "op_margin": -0.19456419868791003,
      "fcf_margin": -0.06522961574507967,
      "rev_growth_yoy": 0.18634645319101623,
      "rev_growth_yoy_accel": -33.9751442300388,
      "fcf_margin_change": -0.04067565001464335
    },
    {
      "date": "2023-09-30T00:00:00",
      "quarter_label": "2023-09 (Q3)",
      "revenue": 5604000,
      "gross_profit": 2292000,
      "operating_income": -855000,
      "net_income": -930000,
      "opex": 3147000,
      "cogs": 3312000,
      "rd": 5000,
      "sga": null,
      "fcf": -136000,
      "ocf": -136000,
      "capex": null,
      "gross_margin": 0.4089935760171306,
      "op_margin": -0.15256959314775162,
      "fcf_margin": -0.02426837972876517,
      "rev_growth_yoy": 0.07459252157238734,
      "rev_growth_yoy_accel": -0.11175393161862889,
      "op_leverage_ratio": 0.4986344016629751,
      "fcf_margin_change": 0.0409612360163145
    },
    {
      "date": "2023-12-31T00:00:00",
      "quarter_label": "2023-12 (Q4)",
      "revenue": 8713000,
      "gross_profit": 3137000,
      "operating_income": 69000,
      "net_income": 2000,
      "opex": 3068000,
      "cogs": 5576000,
      "rd": 84000,
      "sga": null,
      "fcf": 840000,
      "ocf": 843000,
      "capex": -3000,
      "gross_margin": 0.3600367267301733,
      "op_margin": 0.007919201193618731,
      "fcf_margin": 0.09640766670492368,
      "rev_growth_yoy": -0.10203029990724519,
      "rev_growth_yoy_accel": -0.17662282147963254,
      "op_leverage_ratio": Infinity,
      "fcf_margin_change": 0.12067604643368884
    },
    {
      "date": "2024-03-31T00:00:00",
      "quarter_label": "2024-03 (Q1)",
      "revenue": 5759000,
      "gross_profit": 2260000,
      "operating_income": -647000,
      "net_income": -553000,
      "opex": 2907000,
      "cogs": 3499000,
      "rd": 55000,
      "sga": null,
      "fcf": -62000,
      "ocf": -60000,
      "capex": -2000,
      "gross_margin": 0.3924292411877062,
      "op_margin": -0.1123458933842681,
      "fcf_margin": -0.010765757944087516,
      "rev_growth_yoy": 0.01731142907613496,
      "rev_growth_yoy_accel": 0.11934172898338015,
      "fcf_margin_change": -0.1071734246490112
    },
    {
      "date": "2024-06-30T00:00:00",
      "quarter_label": "2024-06 (Q2)",
      "revenue": 5352000,
      "gross_profit": 2090000,
      "operating_income": -536000,
      "net_income": -346000,
      "opex": 2626000,
      "cogs": 3262000,
      "rd": 5000,
      "sga": null,
      "fcf": 369000,
      "ocf": 372000,
      "capex": -3000,
      "gross_margin": 0.39050822122571,
      "op_margin": -0.10014947683109118,
      "fcf_margin": 0.06894618834080718,
      "rev_growth_yoy": 0.0031865042174320526,
      "rev_growth_yoy_accel": -0.014124924858702906,
      "fcf_margin_change": 0.0797119462848947
    },
    {
      "date": "2024-09-30T00:00:00",
      "quarter_label": "2024-09 (Q3)",
      "revenue": 5435000,
      "gross_profit": 1895000,
      "operating_income": -2870000,
      "net_income": -2424000,
      "opex": 4765000,
      "cogs": 3540000,
      "rd": 5000,
      "sga": null,
      "fcf": -12000,
      "ocf": -10000,
      "capex": -2000,
      "gross_margin": 0.3486660533578657,
      "op_margin": -0.5280588776448942,
      "fcf_margin": -0.0022079116835326588,
      "rev_growth_yoy": -0.0301570306923626,
      "rev_growth_yoy_accel": -0.03334353490979465,
      "op_leverage_ratio": 0.019039078512723,
      "fcf_margin_change": -0.07115410002433983
    },
    {
      "date": "2024-12-31T00:00:00",
      "quarter_label": "2024-12 (Q4)",
      "revenue": 7661000,
      "gross_profit": 2417000,
      "operating_income": -337000,
      "net_income": -501000,
      "opex": 2754000,
      "cogs": 5244000,
      "rd": 5000,
      "sga": null,
      "fcf": 569000,
      "ocf": 569000,
      "capex": null,
      "gross_margin": 0.3154940608275682,
      "op_margin": -0.043989035373972064,
      "fcf_margin": 0.07427228821302702,
      "incr_op_margin_yoy": 0.38593155893536124,
      "rev_growth_yoy": -0.12073912544473775,
      "rev_growth_yoy_accel": -0.09058209475237515,
      "op_leverage_ratio": Infinity,
      "fcf_margin_change": 0.07648019989655967
    },
    {
      "date": "2025-03-31T00:00:00",
      "quarter_label": "2025-03 (Q1)",
      "revenue": 4455000,
      "gross_profit": 1490000,
      "operating_income": -593000,
      "net_income": -571000,
      "opex": 2083000,
      "cogs": 2965000,
      "rd": 5000,
      "sga": null,
      "fcf": -404000,
      "ocf": -404000,
      "capex": null,
      "gross_margin": 0.3344556677890011,
      "op_margin": -0.13310886644219977,
      "fcf_margin": -0.09068462401795735,
      "incr_op_margin_yoy": -0.04141104294478527,
      "rev_growth_yoy": -0.22642819934016323,
      "rev_growth_yoy_accel": -0.10568907389542548,
      "fcf_margin_change": -0.16495691223098435
    },
    {
      "date": "2025-06-30T00:00:00",
      "quarter_label": "2025-06 (Q2)",
      "revenue": 4520000,
      "gross_profit": 1591000,
      "operating_income": -322000,
      "net_income": -291000,
      "opex": 1913000,
      "cogs": 2929000,
      "rd": 5000,
      "sga": null,
      "fcf": 710000,
      "ocf": 710000,
      "capex": null,
      "gross_margin": 0.35199115044247786,
      "op_margin": -0.07123893805309735,
      "fcf_margin": 0.1570796460176991,
      "rev_growth_yoy": -0.1554559043348281,
      "rev_growth_yoy_accel": 0.07097229500533514,
      "op_leverage_ratio": Infinity,
      "fcf_margin_change": 0.24776427003565646
    },
    {
      "date": "2025-09-30T00:00:00",
      "quarter_label": "2025-09 (Q3)",
      "revenue": 5033000,
      "gross_profit": 2073000,
      "operating_income": -3432000,
      "net_income": -3356000,
      "opex": 5505000,
      "cogs": 2960000,
      "rd": 5000,
      "sga": null,
      "fcf": 243000,
      "ocf": 243000,
      "capex": null,
      "gross_margin": 0.4118815815616928,
      "op_margin": -0.6818994635406318,
      "fcf_margin": 0.04828134313530697,
      "rev_growth_yoy": -0.07396504139834406,
      "rev_growth_yoy_accel": 0.08149086293648403,
      "op_leverage_ratio": 0.06044460896387251,
      "fcf_margin_change": -0.10879830288239214
    }
  ],
  "signals": [
    {
      "quarter": "2025-09 (Q3)",
      "signal": "YoY REVENUE GROWTH ACCELERATION",
      "detail": "YoY growth: -7.4% vs prior quarter YoY: -15.5% (accel: +8.1%)",
      "severity": "MEDIUM"
    },
    {
      "quarter": "2025-06 (Q2)",
      "signal": "FCF TURNED POSITIVE",
      "detail": "FCF margin: -9.1% -> +15.7%",
      "severity": "HIGH"
    },
    {
      "quarter": "2025-06 (Q2)",
      "signal": "YoY REVENUE GROWTH ACCELERATION",
      "detail": "YoY growth: -15.5% vs prior quarter YoY: -22.6% (accel: +7.1%)",
      "severity": "MEDIUM"
    },
    {
      "quarter": "2025-03 (Q1)",
      "signal": "YoY REVENUE GROWTH DECELERATION",
      "detail": "YoY growth: -22.6% vs prior quarter YoY: -12.1% (decel: -10.6%)",
      "severity": "WARNING"
    },
    {
      "quarter": "2024-12 (Q4)",
      "signal": "FCF TURNED POSITIVE",
      "detail": "FCF margin: -0.2% -> +7.4%",
      "severity": "HIGH"
    },
    {
      "quarter": "2024-12 (Q4)",
      "signal": "YoY REVENUE GROWTH DECELERATION",
      "detail": "YoY growth: -12.1% vs prior quarter YoY: -3.0% (decel: -9.1%)",
      "severity": "WARNING"
    },
    {
      "quarter": "2024-06 (Q2)",
      "signal": "FCF TURNED POSITIVE",
      "detail": "FCF margin: -1.1% -> +6.9%",
      "severity": "HIGH"
    },
    {
      "quarter": "2024-03 (Q1)",
      "signal": "GROSS MARGIN INFLECTION",
      "detail": "GM: +40.9% -> +36.0% -> +39.2% (reversal +3.2%)",
      "severity": "MEDIUM"
    },
    {
      "quarter": "2024-03 (Q1)",
      "signal": "YoY REVENUE GROWTH ACCELERATION",
      "detail": "YoY growth: +1.7% vs prior quarter YoY: -10.2% (accel: +11.9%)",
      "severity": "MEDIUM"
    },
    {
      "quarter": "2023-12 (Q4)",
      "signal": "FCF TURNED POSITIVE",
      "detail": "FCF margin: -2.4% -> +9.6%",
      "severity": "HIGH"
    },
    {
      "quarter": "2023-12 (Q4)",
      "signal": "YoY REVENUE GROWTH DECELERATION",
      "detail": "YoY growth: -10.2% vs prior quarter YoY: +7.5% (decel: -17.7%)",
      "severity": "WARNING"
    },
    {
      "quarter": "2023-12 (Q4)",
      "signal": "OP MARGIN TURNED POSITIVE (QoQ)",
      "detail": "Op margin: -15.3% -> +0.8%",
      "severity": "HIGH"
    },
    {
      "quarter": "2023-09 (Q3)",
      "signal": "YoY REVENUE GROWTH DECELERATION",
      "detail": "YoY growth: +7.5% vs prior quarter YoY: +18.6% (decel: -11.2%)",
      "severity": "WARNING"
    },
    {
      "quarter": "2023-06 (Q2)",
      "signal": "YoY REVENUE GROWTH DECELERATION",
      "detail": "YoY growth: +18.6% vs prior quarter YoY: +3416.1% (decel: -3397.5%)",
      "severity": "WARNING"
    },
    {
      "quarter": "2023-03 (Q1)",
      "signal": "YoY REVENUE GROWTH DECELERATION",
      "detail": "YoY growth: +3416.1% vs prior quarter YoY: +3705.1% (decel: -288.9%)",
      "severity": "WARNING"
    },
    {
      "quarter": "2022-12 (Q4)",
      "signal": "FCF TURNED POSITIVE",
      "detail": "FCF margin: -0.8% -> +1.2%",
      "severity": "HIGH"
    },
    {
      "quarter": "2022-12 (Q4)",
      "signal": "YoY REVENUE GROWTH ACCELERATION",
      "detail": "YoY growth: +3705.1% vs prior quarter YoY: +1638.3% (accel: +2066.8%)",
      "severity": "HIGH"
    },
    {
      "quarter": "2022-12 (Q4)",
      "signal": "OP MARGIN TURNED POSITIVE (QoQ)",
      "detail": "Op margin: -16.8% -> +1.0%",
      "severity": "HIGH"
    },
    {
      "quarter": "2022-09 (Q3)",
      "signal": "FCF MARGIN EXPANSION",
      "detail": "FCF margin: -36.1% -> -0.8% (+35.3%)",
      "severity": "MEDIUM"
    },
    {
      "quarter": "2022-09 (Q3)",
      "signal": "YoY REVENUE GROWTH DECELERATION",
      "detail": "YoY growth: +1638.3% vs prior quarter YoY: +3526.6% (decel: -1888.3%)",
      "severity": "WARNING"
    },
    {
      "quarter": "2022-06 (Q2)",
      "signal": "FCF MARGIN EXPANSION",
      "detail": "FCF margin: -621.7% -> -36.1% (+585.6%)",
      "severity": "MEDIUM"
    },
    {
      "quarter": "2022-06 (Q2)",
      "signal": "OPERATING LEVERAGE",
      "detail": "Rev growth +2693.2% vs OpEx growth +69.6% (leverage: 38.7x)",
      "severity": "MEDIUM"
    },
    {
      "quarter": "2022-06 (Q2)",
      "signal": "YoY REVENUE GROWTH ACCELERATION",
      "detail": "YoY growth: +3526.6% vs prior quarter YoY: -14.4% (accel: +3541.0%)",
      "severity": "HIGH"
    },
    {
      "quarter": "2021-12 (Q4)",
      "signal": "OP MARGIN TURNED POSITIVE (QoQ)",
      "detail": "Op margin: -456.1% -> +1254.1%",
      "severity": "HIGH"
    },
    {
      "quarter": "2021-12 (Q4)",
      "signal": "GROSS MARGIN INFLECTION",
      "detail": "GM: +79.0% -> +62.0% -> +66.7% (reversal +4.7%)",
      "severity": "MEDIUM"
    },
    {
      "quarter": "2021-09 (Q3)",
      "signal": "FCF MARGIN EXPANSION",
      "detail": "FCF margin: -616.1% -> -233.3% (+382.8%)",
      "severity": "MEDIUM"
    }
  ],
  "data_quality": {
    "n_quarters": 20,
    "coverage": {
      "revenue": [
        20,
        20
      ],
      "gross_profit": [
        20,
        20
      ],
      "op_income": [
        20,
        20
      ],
      "fcf": [
        19,
        20
      ]
    },
    "gaps": [],
    "warnings": []
  },
  "market_cap": null,
  "source": "SEC EDGAR",
  "last_updated": "2026-02-03T00:04:07.787212"
}