{
  "ticker": "VRNO",
  "name": "VERANO HOLDINGS CORP.",
  "quarters": [
    {
      "date": "2021-06-30T00:00:00",
      "quarter_label": "2021-06 (Q2)",
      "revenue": 199066000,
      "gross_profit": 69210000,
      "operating_income": -158000,
      "net_income": -29688000,
      "opex": 69368000,
      "cogs": 129856000,
      "rd": null,
      "sga": 70013000,
      "fcf": null,
      "ocf": null,
      "capex": null,
      "gross_margin": 0.3476736358795575,
      "op_margin": -0.0007937066098680839,
      "fcf_margin": null
    },
    {
      "date": "2021-09-30T00:00:00",
      "quarter_label": "2021-09 (Q3)",
      "revenue": 206469000,
      "gross_profit": 98201000,
      "operating_income": 23013000,
      "net_income": -12513000,
      "opex": 75188000,
      "cogs": 108268000,
      "rd": null,
      "sga": 76477000,
      "fcf": 32853000,
      "ocf": 63020000,
      "capex": -30167000,
      "gross_margin": 0.47562103754074464,
      "op_margin": 0.11145983174229546,
      "fcf_margin": 0.1591183180041556,
      "op_leverage_ratio": 0.4432480646819962
    },
    {
      "date": "2021-12-31T00:00:00",
      "quarter_label": "2021-12 (Q4)",
      "revenue": 211420000,
      "gross_profit": 109318000,
      "operating_income": 29430000,
      "net_income": -7420000,
      "opex": 79888000,
      "cogs": 102102000,
      "rd": null,
      "sga": 81774000,
      "fcf": 13694000,
      "ocf": 63007000,
      "capex": -49313000,
      "gross_margin": 0.5170655567117586,
      "op_margin": 0.1392015892536184,
      "fcf_margin": 0.06477154479235644,
      "op_leverage_ratio": 0.3836089638102386,
      "fcf_margin_change": -0.09434677321179916
    },
    {
      "date": "2022-03-31T00:00:00",
      "quarter_label": "2022-03 (Q1)",
      "revenue": 202235000,
      "gross_profit": 98617000,
      "operating_income": 11062000,
      "net_income": -214000,
      "opex": 87555000,
      "cogs": 103618000,
      "rd": null,
      "sga": 89560000,
      "fcf": -13843000,
      "ocf": 34457000,
      "capex": -48300000,
      "gross_margin": 0.48763567137241326,
      "op_margin": 0.05469874156303311,
      "fcf_margin": -0.06845007046258066,
      "fcf_margin_change": -0.1332216152549371
    },
    {
      "date": "2022-06-30T00:00:00",
      "quarter_label": "2022-06 (Q2)",
      "revenue": 223662000,
      "gross_profit": 98115000,
      "operating_income": -2292000,
      "net_income": -9847000,
      "opex": 100407000,
      "cogs": 125547000,
      "rd": null,
      "sga": 100263000,
      "fcf": -29360000,
      "ocf": 9191000,
      "capex": -38551000,
      "gross_margin": 0.438675322584972,
      "op_margin": -0.010247605762266276,
      "fcf_margin": -0.1312695048778961,
      "incr_op_margin_yoy": -0.08676207513416816,
      "rev_growth_yoy": 0.12355701124250248,
      "op_leverage_ratio": 0.7217973541103011,
      "fcf_margin_change": -0.06281943441531544
    },
    {
      "date": "2022-09-30T00:00:00",
      "quarter_label": "2022-09 (Q3)",
      "revenue": 227588000,
      "gross_profit": 122994000,
      "operating_income": 37075000,
      "net_income": -42993000,
      "opex": 85710000,
      "cogs": 104594000,
      "rd": null,
      "sga": 85710000,
      "fcf": -1206000,
      "ocf": 21663000,
      "capex": -22869000,
      "gross_margin": 0.5404239239327205,
      "op_margin": 0.16290401954408845,
      "fcf_margin": -0.005299049159006626,
      "incr_op_margin_yoy": 0.6658459207348832,
      "rev_growth_yoy": 0.10228654180530733,
      "rev_growth_yoy_accel": -0.021270469437195155,
      "op_leverage_ratio": Infinity,
      "fcf_margin_change": 0.12597045571888948
    },
    {
      "date": "2022-12-31T00:00:00",
      "quarter_label": "2022-12 (Q4)",
      "revenue": 225927000,
      "gross_profit": 103336000,
      "operating_income": -206977000,
      "net_income": -216110000,
      "opex": 310220000,
      "cogs": 122591000,
      "rd": null,
      "sga": 81038000,
      "fcf": 19582000,
      "ocf": 29036000,
      "capex": -9454000,
      "gross_margin": 0.45738667799776034,
      "op_margin": -0.9161233495775184,
      "fcf_margin": 0.08667401417271951,
      "incr_op_margin_yoy": -16.296063969118357,
      "rev_growth_yoy": 0.06861697095828209,
      "rev_growth_yoy_accel": -0.03366957084702524,
      "fcf_margin_change": 0.09197306333172614
    },
    {
      "date": "2023-03-31T00:00:00",
      "quarter_label": "2023-03 (Q1)",
      "revenue": 227060000,
      "gross_profit": 109185000,
      "operating_income": 33782000,
      "net_income": -9237000,
      "opex": 75403000,
      "cogs": 117875000,
      "rd": null,
      "sga": 75243000,
      "fcf": 8307000,
      "ocf": 16862000,
      "capex": -8555000,
      "gross_margin": 0.48086408878710474,
      "op_margin": 0.1487800581344138,
      "fcf_margin": 0.03658504360081036,
      "incr_op_margin_yoy": 0.9152064451158107,
      "rev_growth_yoy": 0.12275323262541103,
      "rev_growth_yoy_accel": 0.05413626166712894,
      "fcf_margin_change": -0.050088970571909155
    },
    {
      "date": "2023-06-30T00:00:00",
      "quarter_label": "2023-06 (Q2)",
      "revenue": 234115000,
      "gross_profit": 115191000,
      "operating_income": 30430000,
      "net_income": -13061000,
      "opex": 84761000,
      "cogs": 118924000,
      "rd": null,
      "sga": 84660000,
      "fcf": 15892000,
      "ocf": 23878000,
      "capex": -7986000,
      "gross_margin": 0.49202742242060526,
      "op_margin": 0.12997885654486044,
      "fcf_margin": 0.06788116951071055,
      "incr_op_margin_yoy": 3.1303931885583087,
      "rev_growth_yoy": 0.046735699403564306,
      "rev_growth_yoy_accel": -0.07601753322184673,
      "op_leverage_ratio": 0.2503582855583174,
      "fcf_margin_change": 0.03129612590990019
    },
    {
      "date": "2023-09-30T00:00:00",
      "quarter_label": "2023-09 (Q3)",
      "revenue": 240088000,
      "gross_profit": 133220000,
      "operating_income": 40288000,
      "net_income": -17842000,
      "opex": 92887000,
      "cogs": 106868000,
      "rd": null,
      "sga": 86316000,
      "fcf": 26659000,
      "ocf": 36621000,
      "capex": -9962000,
      "gross_margin": 0.5548798773782946,
      "op_margin": 0.16780513811602413,
      "fcf_margin": 0.11103845256739196,
      "incr_op_margin_yoy": 0.25704,
      "rev_growth_yoy": 0.054923809691196375,
      "rev_growth_yoy_accel": 0.00818811028763207,
      "op_leverage_ratio": 0.26612307211122616,
      "fcf_margin_change": 0.043157283056681414
    },
    {
      "date": "2023-12-31T00:00:00",
      "quarter_label": "2023-12 (Q4)",
      "revenue": 237189000,
      "gross_profit": 117611000,
      "operating_income": -19710000,
      "net_income": -77208000,
      "opex": 137321000,
      "cogs": 119578000,
      "rd": null,
      "sga": 85704000,
      "fcf": 22522000,
      "ocf": 32349000,
      "capex": -9827000,
      "gross_margin": 0.49585351765891333,
      "op_margin": -0.08309828870647458,
      "fcf_margin": 0.09495381320381636,
      "incr_op_margin_yoy": 16.62821878884745,
      "rev_growth_yoy": 0.049847959739207796,
      "rev_growth_yoy_accel": -0.005075849951988579,
      "fcf_margin_change": -0.016084639363575598
    },
    {
      "date": "2024-03-31T00:00:00",
      "quarter_label": "2024-03 (Q1)",
      "revenue": 221306000,
      "gross_profit": 112960000,
      "operating_income": 22671000,
      "net_income": -4822000,
      "opex": 90289000,
      "cogs": 108346000,
      "rd": null,
      "sga": 90289000,
      "fcf": 21342000,
      "ocf": 31041000,
      "capex": -9699000,
      "gross_margin": 0.5104244801315825,
      "op_margin": 0.10244186782102609,
      "fcf_margin": 0.09643660813534201,
      "incr_op_margin_yoy": 1.9310045185957594,
      "rev_growth_yoy": -0.025341319475028625,
      "rev_growth_yoy_accel": -0.07518927921423642,
      "fcf_margin_change": 0.001482794931525644
    },
    {
      "date": "2024-06-30T00:00:00",
      "quarter_label": "2024-06 (Q2)",
      "revenue": 222390000,
      "gross_profit": 114340000,
      "operating_income": 27266000,
      "net_income": -21764000,
      "opex": 87074000,
      "cogs": 108050000,
      "rd": null,
      "sga": 87074000,
      "fcf": -10595000,
      "ocf": 7921000,
      "capex": -18516000,
      "gross_margin": 0.5141418229236926,
      "op_margin": 0.1226044336525923,
      "fcf_margin": -0.04764153064436351,
      "incr_op_margin_yoy": 0.26985074626865674,
      "rev_growth_yoy": -0.05008222454776499,
      "rev_growth_yoy_accel": -0.024740905072736363,
      "fcf_margin_change": -0.14407813877970552
    },
    {
      "date": "2024-09-30T00:00:00",
      "quarter_label": "2024-09 (Q3)",
      "revenue": 216683000,
      "gross_profit": 109097000,
      "operating_income": 16770000,
      "net_income": -42567000,
      "opex": 92327000,
      "cogs": 107586000,
      "rd": null,
      "sga": 92327000,
      "fcf": -26856000,
      "ocf": 29732000,
      "capex": -56588000,
      "gross_margin": 0.5034866602363822,
      "op_margin": 0.0773941656705879,
      "fcf_margin": -0.12394142595404346,
      "incr_op_margin_yoy": 1.0048280281991027,
      "rev_growth_yoy": -0.09748508880077306,
      "rev_growth_yoy_accel": -0.04740286425300807,
      "fcf_margin_change": -0.07629989530967995
    },
    {
      "date": "2024-12-31T00:00:00",
      "quarter_label": "2024-12 (Q4)",
      "revenue": 218206000,
      "gross_profit": 107534000,
      "operating_income": -303883000,
      "net_income": -272706000,
      "opex": 411417000,
      "cogs": 110672000,
      "rd": null,
      "sga": 83718000,
      "fcf": 29256000,
      "ocf": 43501000,
      "capex": -14245000,
      "gross_margin": 0.4928095469418806,
      "op_margin": -1.3926427320971926,
      "fcf_margin": 0.1340751400053161,
      "incr_op_margin_yoy": 14.969867776431544,
      "rev_growth_yoy": -0.08003322245129411,
      "rev_growth_yoy_accel": 0.017451866349478942,
      "fcf_margin_change": 0.25801656595935957
    },
    {
      "date": "2025-03-31T00:00:00",
      "quarter_label": "2025-03 (Q1)",
      "revenue": 209809000,
      "gross_profit": 99581000,
      "operating_income": 15002000,
      "net_income": -11515000,
      "opex": 84579000,
      "cogs": 110228000,
      "rd": null,
      "sga": 84579000,
      "fcf": -12078000,
      "ocf": 1786000,
      "capex": -13864000,
      "gross_margin": 0.4746269225819674,
      "op_margin": 0.0715031290364093,
      "fcf_margin": -0.05756664394759043,
      "incr_op_margin_yoy": 0.6670435765851961,
      "rev_growth_yoy": -0.05195069270602695,
      "rev_growth_yoy_accel": 0.028082529745267162,
      "fcf_margin_change": -0.1916417839529065
    },
    {
      "date": "2025-06-30T00:00:00",
      "quarter_label": "2025-06 (Q2)",
      "revenue": 202272000,
      "gross_profit": 112984000,
      "operating_income": 26211000,
      "net_income": -19150000,
      "opex": 86773000,
      "cogs": 89288000,
      "rd": null,
      "sga": 86345000,
      "fcf": 431000,
      "ocf": 10900000,
      "capex": -10469000,
      "gross_margin": 0.5585745926277488,
      "op_margin": 0.12958293782629332,
      "fcf_margin": 0.0021307941781363708,
      "incr_op_margin_yoy": 0.052440600457301915,
      "rev_growth_yoy": -0.09046270066100094,
      "rev_growth_yoy_accel": -0.03851200795497399,
      "fcf_margin_change": 0.0596974381257268
    },
    {
      "date": "2025-09-30T00:00:00",
      "quarter_label": "2025-09 (Q3)",
      "revenue": 202810000,
      "gross_profit": 95237000,
      "operating_income": 9277000,
      "net_income": -43832000,
      "opex": 85960000,
      "cogs": 107573000,
      "rd": null,
      "sga": 80560000,
      "fcf": 18895000,
      "ocf": 26354000,
      "capex": -7459000,
      "gross_margin": 0.4695872984566836,
      "op_margin": 0.045742320398402446,
      "fcf_margin": 0.09316601745476061,
      "incr_op_margin_yoy": 0.5401138902904923,
      "rev_growth_yoy": -0.06402440431413632,
      "rev_growth_yoy_accel": 0.02643829634686462,
      "fcf_margin_change": 0.09103522327662424
    }
  ],
  "signals": [
    {
      "quarter": "2025-09 (Q3)",
      "signal": "FCF MARGIN EXPANSION",
      "detail": "FCF margin: +0.2% -> +9.3% (+9.1%)",
      "severity": "MEDIUM"
    },
    {
      "quarter": "2025-09 (Q3)",
      "signal": "INCREMENTAL MARGIN (YoY)",
      "detail": "YoY Incr OPM: +54.0% vs year-ago OPM: +7.7%",
      "severity": "HIGH"
    },
    {
      "quarter": "2025-06 (Q2)",
      "signal": "FCF TURNED POSITIVE",
      "detail": "FCF margin: -5.8% -> +0.2%",
      "severity": "HIGH"
    },
    {
      "quarter": "2025-06 (Q2)",
      "signal": "GROSS MARGIN INFLECTION",
      "detail": "GM: +49.3% -> +47.5% -> +55.9% (reversal +8.4%)",
      "severity": "HIGH"
    },
    {
      "quarter": "2025-03 (Q1)",
      "signal": "INCREMENTAL MARGIN (YoY)",
      "detail": "YoY Incr OPM: +66.7% vs year-ago OPM: +10.2%",
      "severity": "HIGH"
    },
    {
      "quarter": "2025-03 (Q1)",
      "signal": "OP MARGIN TURNED POSITIVE (QoQ)",
      "detail": "Op margin: -139.3% -> +7.2%",
      "severity": "HIGH"
    },
    {
      "quarter": "2024-12 (Q4)",
      "signal": "FCF TURNED POSITIVE",
      "detail": "FCF margin: -12.4% -> +13.4%",
      "severity": "HIGH"
    },
    {
      "quarter": "2024-09 (Q3)",
      "signal": "INCREMENTAL MARGIN (YoY)",
      "detail": "YoY Incr OPM: +100.5% vs year-ago OPM: +16.8%",
      "severity": "HIGH"
    },
    {
      "quarter": "2024-06 (Q2)",
      "signal": "INCREMENTAL MARGIN (YoY)",
      "detail": "YoY Incr OPM: +27.0% vs year-ago OPM: +13.0%",
      "severity": "MEDIUM"
    },
    {
      "quarter": "2024-03 (Q1)",
      "signal": "YoY REVENUE GROWTH DECELERATION",
      "detail": "YoY growth: -2.5% vs prior quarter YoY: +5.0% (decel: -7.5%)",
      "severity": "WARNING"
    },
    {
      "quarter": "2024-03 (Q1)",
      "signal": "INCREMENTAL MARGIN (YoY)",
      "detail": "YoY Incr OPM: +193.1% vs year-ago OPM: +14.9%",
      "severity": "HIGH"
    },
    {
      "quarter": "2024-03 (Q1)",
      "signal": "OP MARGIN TURNED POSITIVE (QoQ)",
      "detail": "Op margin: -8.3% -> +10.2%",
      "severity": "HIGH"
    },
    {
      "quarter": "2023-06 (Q2)",
      "signal": "YoY REVENUE GROWTH DECELERATION",
      "detail": "YoY growth: +4.7% vs prior quarter YoY: +12.3% (decel: -7.6%)",
      "severity": "WARNING"
    },
    {
      "quarter": "2023-06 (Q2)",
      "signal": "OP MARGIN TURNED POSITIVE (YoY)",
      "detail": "Op margin: -1.0% (year-ago) -> +13.0%",
      "severity": "HIGH"
    },
    {
      "quarter": "2023-03 (Q1)",
      "signal": "GROSS MARGIN INFLECTION",
      "detail": "GM: +54.0% -> +45.7% -> +48.1% (reversal +2.3%)",
      "severity": "MEDIUM"
    },
    {
      "quarter": "2023-03 (Q1)",
      "signal": "YoY REVENUE GROWTH ACCELERATION",
      "detail": "YoY growth: +12.3% vs prior quarter YoY: +6.9% (accel: +5.4%)",
      "severity": "MEDIUM"
    },
    {
      "quarter": "2023-03 (Q1)",
      "signal": "INCREMENTAL MARGIN (YoY)",
      "detail": "YoY Incr OPM: +91.5% vs year-ago OPM: +5.5%",
      "severity": "HIGH"
    },
    {
      "quarter": "2023-03 (Q1)",
      "signal": "OP MARGIN TURNED POSITIVE (QoQ)",
      "detail": "Op margin: -91.6% -> +14.9%",
      "severity": "HIGH"
    },
    {
      "quarter": "2022-12 (Q4)",
      "signal": "FCF TURNED POSITIVE",
      "detail": "FCF margin: -0.5% -> +8.7%",
      "severity": "HIGH"
    },
    {
      "quarter": "2022-09 (Q3)",
      "signal": "FCF MARGIN EXPANSION",
      "detail": "FCF margin: -13.1% -> -0.5% (+12.6%)",
      "severity": "MEDIUM"
    },
    {
      "quarter": "2022-09 (Q3)",
      "signal": "GROSS MARGIN INFLECTION",
      "detail": "GM: +48.8% -> +43.9% -> +54.0% (reversal +10.2%)",
      "severity": "HIGH"
    },
    {
      "quarter": "2022-09 (Q3)",
      "signal": "INCREMENTAL MARGIN (YoY)",
      "detail": "YoY Incr OPM: +66.6% vs year-ago OPM: +11.1%",
      "severity": "HIGH"
    },
    {
      "quarter": "2022-09 (Q3)",
      "signal": "OP MARGIN TURNED POSITIVE (QoQ)",
      "detail": "Op margin: -1.0% -> +16.3%",
      "severity": "HIGH"
    },
    {
      "quarter": "2021-09 (Q3)",
      "signal": "OP MARGIN TURNED POSITIVE (QoQ)",
      "detail": "Op margin: -0.1% -> +11.1%",
      "severity": "HIGH"
    }
  ],
  "data_quality": {
    "n_quarters": 18,
    "coverage": {
      "revenue": [
        18,
        18
      ],
      "gross_profit": [
        18,
        18
      ],
      "op_income": [
        18,
        18
      ],
      "fcf": [
        17,
        18
      ]
    },
    "gaps": [],
    "warnings": []
  },
  "market_cap": null,
  "source": "SEC EDGAR",
  "last_updated": "2026-02-02T22:27:57.011184"
}