{
  "ticker": "VRNS",
  "name": "VARONIS SYSTEMS, INC.",
  "quarters": [
    {
      "date": "2020-12-31T00:00:00",
      "quarter_label": "2020-12 (Q4)",
      "revenue": 95197000,
      "gross_profit": 82735000,
      "operating_income": -7199000,
      "net_income": -19032000,
      "opex": 89934000,
      "cogs": 12462000,
      "rd": 27938000,
      "sga": null,
      "fcf": 4539000,
      "ocf": 7654000,
      "capex": -3115000,
      "gross_margin": 0.8690925134195405,
      "op_margin": -0.0756221309495047,
      "fcf_margin": 0.04768007395191025
    },
    {
      "date": "2021-03-31T00:00:00",
      "quarter_label": "2021-03 (Q1)",
      "revenue": 74785000,
      "gross_profit": 61303000,
      "operating_income": -34075000,
      "net_income": -35656000,
      "opex": 95378000,
      "cogs": 13482000,
      "rd": 30062000,
      "sga": null,
      "fcf": 19267000,
      "ocf": 20383000,
      "capex": -1116000,
      "gross_margin": 0.8197232065253728,
      "op_margin": -0.45563949989971253,
      "fcf_margin": 0.25763187805041116,
      "fcf_margin_change": 0.2099518040985009
    },
    {
      "date": "2021-06-30T00:00:00",
      "quarter_label": "2021-06 (Q2)",
      "revenue": 88418000,
      "gross_profit": 74217000,
      "operating_income": -28231000,
      "net_income": -32948000,
      "opex": 102448000,
      "cogs": 14201000,
      "rd": 33333000,
      "sga": null,
      "fcf": -10268000,
      "ocf": -9238000,
      "capex": -1030000,
      "gross_margin": 0.8393879074396616,
      "op_margin": -0.31929018978036144,
      "fcf_margin": -0.11613019973308603,
      "op_leverage_ratio": 2.4592672951475514,
      "fcf_margin_change": -0.3737620777834972
    },
    {
      "date": "2021-09-30T00:00:00",
      "quarter_label": "2021-09 (Q3)",
      "revenue": 100353000,
      "gross_profit": 86015000,
      "operating_income": -18555000,
      "net_income": -23314000,
      "opex": 104570000,
      "cogs": 14338000,
      "rd": 34344000,
      "sga": null,
      "fcf": -6279000,
      "ocf": -4305000,
      "capex": -1974000,
      "gross_margin": 0.8571243510408258,
      "op_margin": -0.18489731248692118,
      "fcf_margin": -0.06256913096768407,
      "op_leverage_ratio": 6.516881757926944,
      "fcf_margin_change": 0.053561068765401953
    },
    {
      "date": "2021-12-31T00:00:00",
      "quarter_label": "2021-12 (Q4)",
      "revenue": 126578000,
      "gross_profit": 109200000,
      "operating_income": -17833000,
      "net_income": -24943000,
      "opex": 127033000,
      "cogs": 17378000,
      "rd": 40143000,
      "sga": null,
      "fcf": -6032000,
      "ocf": 338000,
      "capex": -6370000,
      "gross_margin": 0.8627091595695935,
      "op_margin": -0.14088546192861318,
      "fcf_margin": -0.0476544107190823,
      "incr_op_margin_yoy": -0.33886746757592173,
      "rev_growth_yoy": 0.3296427408426736,
      "op_leverage_ratio": 1.2165346626013964,
      "fcf_margin_change": 0.01491472024860177
    },
    {
      "date": "2022-03-31T00:00:00",
      "quarter_label": "2022-03 (Q1)",
      "revenue": 96261000,
      "gross_profit": 78452000,
      "operating_income": -48085000,
      "net_income": -48763000,
      "opex": 126537000,
      "cogs": 17809000,
      "rd": 43570000,
      "sga": null,
      "fcf": 21047000,
      "ocf": 24542000,
      "capex": -3495000,
      "gross_margin": 0.814992572277454,
      "op_margin": -0.49952732674707306,
      "fcf_margin": 0.218645141853918,
      "incr_op_margin_yoy": -0.6523561184578134,
      "rev_growth_yoy": 0.287169887009427,
      "rev_growth_yoy_accel": -0.04247285383324656,
      "fcf_margin_change": 0.2662995525730003
    },
    {
      "date": "2022-06-30T00:00:00",
      "quarter_label": "2022-06 (Q2)",
      "revenue": 111448000,
      "gross_profit": 93649000,
      "operating_income": -37568000,
      "net_income": -36290000,
      "opex": 131217000,
      "cogs": 17799000,
      "rd": 44815000,
      "sga": null,
      "fcf": -17106000,
      "ocf": -14467000,
      "capex": -2639000,
      "gross_margin": 0.8402932309238389,
      "op_margin": -0.33708994329193886,
      "fcf_margin": -0.15348862249659034,
      "incr_op_margin_yoy": -0.40542770299609204,
      "rev_growth_yoy": 0.2604673256576715,
      "rev_growth_yoy_accel": -0.026702561351755527,
      "op_leverage_ratio": 4.265729424462712,
      "fcf_margin_change": -0.3721337643505084
    },
    {
      "date": "2022-09-30T00:00:00",
      "quarter_label": "2022-09 (Q3)",
      "revenue": 123308000,
      "gross_profit": 106110000,
      "operating_income": -25582000,
      "net_income": -28717000,
      "opex": 131692000,
      "cogs": 17198000,
      "rd": 44478000,
      "sga": null,
      "fcf": -3138000,
      "ocf": -1638000,
      "capex": -1500000,
      "gross_margin": 0.8605281084763357,
      "op_margin": -0.2074642358971032,
      "fcf_margin": -0.025448470496642554,
      "incr_op_margin_yoy": -0.3061206708778044,
      "rev_growth_yoy": 0.22874253883790222,
      "rev_growth_yoy_accel": -0.031724786819769285,
      "op_leverage_ratio": 29.397398834103416,
      "fcf_margin_change": 0.12804015199994778
    },
    {
      "date": "2022-12-31T00:00:00",
      "quarter_label": "2022-12 (Q4)",
      "revenue": 142617000,
      "gross_profit": 125587000,
      "operating_income": -9993000,
      "net_income": -10748000,
      "opex": 135580000,
      "cogs": 17030000,
      "rd": 45018000,
      "sga": null,
      "fcf": -328000,
      "ocf": 3434000,
      "capex": -3762000,
      "gross_margin": 0.8805892705638177,
      "op_margin": -0.07006878562864174,
      "fcf_margin": -0.0022998660748718594,
      "incr_op_margin_yoy": 0.4888085292100505,
      "rev_growth_yoy": 0.1267123828785413,
      "rev_growth_yoy_accel": -0.10203015595936091,
      "op_leverage_ratio": 5.303977411910167,
      "fcf_margin_change": 0.023148604421770694
    },
    {
      "date": "2023-03-31T00:00:00",
      "quarter_label": "2023-03 (Q1)",
      "revenue": 107335000,
      "gross_profit": 89698000,
      "operating_income": -43116000,
      "net_income": -38304000,
      "opex": 132814000,
      "cogs": 17637000,
      "rd": 44732000,
      "sga": null,
      "fcf": 35720000,
      "ocf": 36830000,
      "capex": -1110000,
      "gross_margin": 0.8356826757348489,
      "op_margin": -0.40169562584431917,
      "fcf_margin": 0.33278986351143613,
      "incr_op_margin_yoy": 0.44870868701462885,
      "rev_growth_yoy": 0.11504139786621789,
      "rev_growth_yoy_accel": -0.011670985012323415,
      "fcf_margin_change": 0.335089729586308
    },
    {
      "date": "2023-06-30T00:00:00",
      "quarter_label": "2023-06 (Q2)",
      "revenue": 115418000,
      "gross_profit": 98032000,
      "operating_income": -39716000,
      "net_income": -38697000,
      "opex": 137748000,
      "cogs": 17386000,
      "rd": 46144000,
      "sga": null,
      "fcf": 4313000,
      "ocf": 5806000,
      "capex": -1493000,
      "gross_margin": 0.8493649170839903,
      "op_margin": -0.344105772063283,
      "fcf_margin": 0.037368521374482315,
      "incr_op_margin_yoy": -0.5410579345088161,
      "rev_growth_yoy": 0.03562199411384682,
      "rev_growth_yoy_accel": -0.07941940375237108,
      "op_leverage_ratio": 2.027103528914555,
      "fcf_margin_change": -0.2954213421369538
    },
    {
      "date": "2023-09-30T00:00:00",
      "quarter_label": "2023-09 (Q3)",
      "revenue": 122308000,
      "gross_profit": 104927000,
      "operating_income": -29147000,
      "net_income": -23017000,
      "opex": 134074000,
      "cogs": 17381000,
      "rd": 44818000,
      "sga": null,
      "fcf": 5991000,
      "ocf": 6333000,
      "capex": -342000,
      "gross_margin": 0.8578915524740818,
      "op_margin": -0.23830820551394838,
      "fcf_margin": 0.04898289564051411,
      "rev_growth_yoy": -0.008109773899503682,
      "rev_growth_yoy_accel": -0.0437317680133505,
      "op_leverage_ratio": Infinity,
      "fcf_margin_change": 0.011614374266031798
    },
    {
      "date": "2023-12-31T00:00:00",
      "quarter_label": "2023-12 (Q4)",
      "revenue": 154099000,
      "gross_profit": 134752000,
      "operating_income": -5244000,
      "net_income": -898000,
      "opex": 139996000,
      "cogs": 19347000,
      "rd": 48144000,
      "sga": null,
      "fcf": 8293000,
      "ocf": 10447000,
      "capex": -2154000,
      "gross_margin": 0.874450840044387,
      "op_margin": -0.034030071577362604,
      "fcf_margin": 0.05381605331637454,
      "incr_op_margin_yoy": 0.41360390175927536,
      "rev_growth_yoy": 0.08050933619414236,
      "rev_growth_yoy_accel": 0.08861911009364604,
      "op_leverage_ratio": 5.884715722086706,
      "fcf_margin_change": 0.004833157675860428
    },
    {
      "date": "2024-03-31T00:00:00",
      "quarter_label": "2024-03 (Q1)",
      "revenue": 114022000,
      "gross_profit": 92673000,
      "operating_income": -47633000,
      "net_income": -40490000,
      "opex": 140306000,
      "cogs": 21349000,
      "rd": 47827000,
      "sga": null,
      "fcf": 56426000,
      "ocf": 56723000,
      "capex": -297000,
      "gross_margin": 0.812764203399344,
      "op_margin": -0.41775271438845135,
      "fcf_margin": 0.49486941116626615,
      "incr_op_margin_yoy": -0.6754897562434574,
      "rev_growth_yoy": 0.062300274840452786,
      "rev_growth_yoy_accel": -0.01820906135368957,
      "fcf_margin_change": 0.44105335784989164
    },
    {
      "date": "2024-06-30T00:00:00",
      "quarter_label": "2024-06 (Q2)",
      "revenue": 130346000,
      "gross_profit": 107910000,
      "operating_income": -28826000,
      "net_income": -23948000,
      "opex": 136736000,
      "cogs": 22436000,
      "rd": 44933000,
      "sga": null,
      "fcf": 10905000,
      "ocf": 11724000,
      "capex": -819000,
      "gross_margin": 0.8278735058996823,
      "op_margin": -0.2211498626731929,
      "fcf_margin": 0.08366194589784114,
      "incr_op_margin_yoy": 0.7295016077170418,
      "rev_growth_yoy": 0.12933857803808765,
      "rev_growth_yoy_accel": 0.06703830319763487,
      "op_leverage_ratio": Infinity,
      "fcf_margin_change": -0.411207465268425
    },
    {
      "date": "2024-09-30T00:00:00",
      "quarter_label": "2024-09 (Q3)",
      "revenue": 148068000,
      "gross_profit": 124061000,
      "operating_income": -23640000,
      "net_income": -18333000,
      "opex": 147701000,
      "cogs": 24007000,
      "rd": 53459000,
      "sga": null,
      "fcf": 21253000,
      "ocf": 22479000,
      "capex": -1226000,
      "gross_margin": 0.8378650349839263,
      "op_margin": -0.15965637409838723,
      "fcf_margin": 0.14353540265283518,
      "incr_op_margin_yoy": 0.21378105590062113,
      "rev_growth_yoy": 0.21061582235013246,
      "rev_growth_yoy_accel": 0.0812772443120448,
      "op_leverage_ratio": 1.6954666792383488,
      "fcf_margin_change": 0.059873456754994045
    },
    {
      "date": "2024-12-31T00:00:00",
      "quarter_label": "2024-12 (Q4)",
      "revenue": 158514000,
      "gross_profit": 132459000,
      "operating_income": -17552000,
      "net_income": -12994000,
      "opex": 150011000,
      "cogs": 26055000,
      "rd": 50546000,
      "sga": null,
      "fcf": 19922000,
      "ocf": 24274000,
      "capex": -4352000,
      "gross_margin": 0.8356296604716302,
      "op_margin": -0.11072838992139496,
      "fcf_margin": 0.12567975068448212,
      "incr_op_margin_yoy": -2.7877689694224235,
      "rev_growth_yoy": 0.02865041304615864,
      "rev_growth_yoy_accel": -0.1819654093039738,
      "op_leverage_ratio": 4.510869540811188,
      "fcf_margin_change": -0.017855651968353065
    },
    {
      "date": "2025-03-31T00:00:00",
      "quarter_label": "2025-03 (Q1)",
      "revenue": 136423000,
      "gross_profit": 107405000,
      "operating_income": -43766000,
      "net_income": -35783000,
      "opex": 151171000,
      "cogs": 29018000,
      "rd": 54210000,
      "sga": null,
      "fcf": 65661000,
      "ocf": 68000000,
      "capex": -2339000,
      "gross_margin": 0.787293931375208,
      "op_margin": -0.3208110069416447,
      "fcf_margin": 0.48130447211980387,
      "incr_op_margin_yoy": 0.17262622204365877,
      "rev_growth_yoy": 0.19646208626405431,
      "rev_growth_yoy_accel": 0.16781167321789567,
      "fcf_margin_change": 0.35562472143532176
    },
    {
      "date": "2025-06-30T00:00:00",
      "quarter_label": "2025-06 (Q2)",
      "revenue": 152163000,
      "gross_profit": 120914000,
      "operating_income": -36552000,
      "net_income": -35824000,
      "opex": 157466000,
      "cogs": 31249000,
      "rd": 56247000,
      "sga": null,
      "fcf": 17972000,
      "ocf": 21349000,
      "capex": -3377000,
      "gross_margin": 0.7946347009456964,
      "op_margin": -0.24021608406774314,
      "fcf_margin": 0.11811018447322937,
      "incr_op_margin_yoy": -0.35412751524040886,
      "rev_growth_yoy": 0.1673775950163411,
      "rev_growth_yoy_accel": -0.0290844912477132,
      "op_leverage_ratio": 2.7707024192386434,
      "fcf_margin_change": -0.3631942876465745
    },
    {
      "date": "2025-09-30T00:00:00",
      "quarter_label": "2025-09 (Q3)",
      "revenue": 161577000,
      "gross_profit": 126428000,
      "operating_income": -35934000,
      "net_income": -29942000,
      "opex": 162362000,
      "cogs": 35149000,
      "rd": 62737000,
      "sga": null,
      "fcf": 30427000,
      "ocf": 33398000,
      "capex": -2971000,
      "gross_margin": 0.782462850529469,
      "op_margin": -0.22239551421303774,
      "fcf_margin": 0.18831269301942727,
      "incr_op_margin_yoy": -0.9100599600266489,
      "rev_growth_yoy": 0.0912351081935327,
      "rev_growth_yoy_accel": -0.07614248682280841,
      "op_leverage_ratio": 1.9898050020662825,
      "fcf_margin_change": 0.0702025085461979
    }
  ],
  "signals": [
    {
      "quarter": "2025-09 (Q3)",
      "signal": "FCF MARGIN EXPANSION",
      "detail": "FCF margin: +11.8% -> +18.8% (+7.0%)",
      "severity": "MEDIUM"
    },
    {
      "quarter": "2025-09 (Q3)",
      "signal": "OPERATING LEVERAGE",
      "detail": "Rev growth +6.2% vs OpEx growth +3.1% (leverage: 2.0x)",
      "severity": "MEDIUM"
    },
    {
      "quarter": "2025-09 (Q3)",
      "signal": "YoY REVENUE GROWTH DECELERATION",
      "detail": "YoY growth: +9.1% vs prior quarter YoY: +16.7% (decel: -7.6%)",
      "severity": "WARNING"
    },
    {
      "quarter": "2025-06 (Q2)",
      "signal": "OPERATING LEVERAGE",
      "detail": "Rev growth +11.5% vs OpEx growth +4.2% (leverage: 2.8x)",
      "severity": "MEDIUM"
    },
    {
      "quarter": "2025-03 (Q1)",
      "signal": "FCF MARGIN EXPANSION",
      "detail": "FCF margin: +12.6% -> +48.1% (+35.6%)",
      "severity": "MEDIUM"
    },
    {
      "quarter": "2025-03 (Q1)",
      "signal": "YoY REVENUE GROWTH ACCELERATION",
      "detail": "YoY growth: +19.6% vs prior quarter YoY: +2.9% (accel: +16.8%)",
      "severity": "HIGH"
    },
    {
      "quarter": "2024-12 (Q4)",
      "signal": "OPERATING LEVERAGE",
      "detail": "Rev growth +7.1% vs OpEx growth +1.6% (leverage: 4.5x)",
      "severity": "MEDIUM"
    },
    {
      "quarter": "2024-12 (Q4)",
      "signal": "YoY REVENUE GROWTH DECELERATION",
      "detail": "YoY growth: +2.9% vs prior quarter YoY: +21.1% (decel: -18.2%)",
      "severity": "WARNING"
    },
    {
      "quarter": "2024-09 (Q3)",
      "signal": "FCF MARGIN EXPANSION",
      "detail": "FCF margin: +8.4% -> +14.4% (+6.0%)",
      "severity": "MEDIUM"
    },
    {
      "quarter": "2024-09 (Q3)",
      "signal": "OPERATING LEVERAGE",
      "detail": "Rev growth +13.6% vs OpEx growth +8.0% (leverage: 1.7x)",
      "severity": "MEDIUM"
    },
    {
      "quarter": "2024-09 (Q3)",
      "signal": "YoY REVENUE GROWTH ACCELERATION",
      "detail": "YoY growth: +21.1% vs prior quarter YoY: +12.9% (accel: +8.1%)",
      "severity": "MEDIUM"
    },
    {
      "quarter": "2024-06 (Q2)",
      "signal": "YoY REVENUE GROWTH ACCELERATION",
      "detail": "YoY growth: +12.9% vs prior quarter YoY: +6.2% (accel: +6.7%)",
      "severity": "MEDIUM"
    },
    {
      "quarter": "2024-03 (Q1)",
      "signal": "FCF MARGIN EXPANSION",
      "detail": "FCF margin: +5.4% -> +49.5% (+44.1%)",
      "severity": "MEDIUM"
    },
    {
      "quarter": "2023-12 (Q4)",
      "signal": "OPERATING LEVERAGE",
      "detail": "Rev growth +26.0% vs OpEx growth +4.4% (leverage: 5.9x)",
      "severity": "MEDIUM"
    },
    {
      "quarter": "2023-12 (Q4)",
      "signal": "YoY REVENUE GROWTH ACCELERATION",
      "detail": "YoY growth: +8.1% vs prior quarter YoY: -0.8% (accel: +8.9%)",
      "severity": "MEDIUM"
    },
    {
      "quarter": "2023-06 (Q2)",
      "signal": "OPERATING LEVERAGE",
      "detail": "Rev growth +7.5% vs OpEx growth +3.7% (leverage: 2.0x)",
      "severity": "MEDIUM"
    },
    {
      "quarter": "2023-06 (Q2)",
      "signal": "YoY REVENUE GROWTH DECELERATION",
      "detail": "YoY growth: +3.6% vs prior quarter YoY: +11.5% (decel: -7.9%)",
      "severity": "WARNING"
    },
    {
      "quarter": "2023-03 (Q1)",
      "signal": "FCF TURNED POSITIVE",
      "detail": "FCF margin: -0.2% -> +33.3%",
      "severity": "HIGH"
    },
    {
      "quarter": "2022-12 (Q4)",
      "signal": "OPERATING LEVERAGE",
      "detail": "Rev growth +15.7% vs OpEx growth +3.0% (leverage: 5.3x)",
      "severity": "MEDIUM"
    },
    {
      "quarter": "2022-12 (Q4)",
      "signal": "YoY REVENUE GROWTH DECELERATION",
      "detail": "YoY growth: +12.7% vs prior quarter YoY: +22.9% (decel: -10.2%)",
      "severity": "WARNING"
    },
    {
      "quarter": "2022-09 (Q3)",
      "signal": "FCF MARGIN EXPANSION",
      "detail": "FCF margin: -15.3% -> -2.5% (+12.8%)",
      "severity": "MEDIUM"
    },
    {
      "quarter": "2022-09 (Q3)",
      "signal": "OPERATING LEVERAGE",
      "detail": "Rev growth +10.6% vs OpEx growth +0.4% (leverage: 29.4x)",
      "severity": "MEDIUM"
    },
    {
      "quarter": "2022-06 (Q2)",
      "signal": "OPERATING LEVERAGE",
      "detail": "Rev growth +15.8% vs OpEx growth +3.7% (leverage: 4.3x)",
      "severity": "MEDIUM"
    },
    {
      "quarter": "2022-06 (Q2)",
      "signal": "GROSS MARGIN INFLECTION",
      "detail": "GM: +86.3% -> +81.5% -> +84.0% (reversal +2.5%)",
      "severity": "MEDIUM"
    },
    {
      "quarter": "2022-03 (Q1)",
      "signal": "FCF TURNED POSITIVE",
      "detail": "FCF margin: -4.8% -> +21.9%",
      "severity": "HIGH"
    },
    {
      "quarter": "2021-09 (Q3)",
      "signal": "FCF MARGIN EXPANSION",
      "detail": "FCF margin: -11.6% -> -6.3% (+5.4%)",
      "severity": "MEDIUM"
    },
    {
      "quarter": "2021-09 (Q3)",
      "signal": "OPERATING LEVERAGE",
      "detail": "Rev growth +13.5% vs OpEx growth +2.1% (leverage: 6.5x)",
      "severity": "MEDIUM"
    },
    {
      "quarter": "2021-06 (Q2)",
      "signal": "OPERATING LEVERAGE",
      "detail": "Rev growth +18.2% vs OpEx growth +7.4% (leverage: 2.5x)",
      "severity": "MEDIUM"
    },
    {
      "quarter": "2021-03 (Q1)",
      "signal": "FCF MARGIN EXPANSION",
      "detail": "FCF margin: +4.8% -> +25.8% (+21.0%)",
      "severity": "MEDIUM"
    }
  ],
  "data_quality": {
    "n_quarters": 20,
    "coverage": {
      "revenue": [
        20,
        20
      ],
      "gross_profit": [
        20,
        20
      ],
      "op_income": [
        20,
        20
      ],
      "fcf": [
        20,
        20
      ]
    },
    "gaps": [],
    "warnings": []
  },
  "market_cap": null,
  "source": "SEC EDGAR",
  "last_updated": "2026-02-02T21:12:39.146265"
}