{
  "ticker": "VRSK",
  "name": "VERISK ANALYTICS, INC.",
  "sector": "Industrials",
  "industry": "Consulting Services",
  "quarters": [
    {
      "date": "2021-06-20T00:00:00",
      "quarter_label": "2021-06 (Q2)",
      "revenue": 747500000,
      "gross_profit": null,
      "operating_income": null,
      "net_income": null,
      "opex": null,
      "cogs": null,
      "rd": null,
      "sga": null,
      "fcf": null,
      "ocf": null,
      "capex": null,
      "gross_margin": null,
      "op_margin": null,
      "fcf_margin": null
    },
    {
      "date": "2021-06-30T00:00:00",
      "quarter_label": "2021-06 (Q2)",
      "revenue": 747500000,
      "gross_profit": 482600000,
      "operating_income": 267400000,
      "net_income": 154000000,
      "opex": 480100000,
      "cogs": 264900000,
      "rd": null,
      "sga": 111400000,
      "fcf": 170700000,
      "ocf": 233200000,
      "capex": -62500000,
      "gross_margin": 0.6456187290969899,
      "op_margin": 0.3577257525083612,
      "fcf_margin": 0.22836120401337792
    },
    {
      "date": "2021-09-30T00:00:00",
      "quarter_label": "2021-09 (Q3)",
      "revenue": 759000000,
      "gross_profit": 493700000,
      "operating_income": 288900000,
      "net_income": 201700000,
      "opex": 470100000,
      "cogs": 265300000,
      "rd": null,
      "sga": 115100000,
      "fcf": 223800000,
      "ocf": 285200000,
      "capex": -61400000,
      "gross_margin": 0.6504611330698287,
      "op_margin": 0.3806324110671937,
      "fcf_margin": 0.2948616600790514,
      "op_leverage_ratio": null,
      "fcf_margin_change": 0.06650045606567348
    },
    {
      "date": "2021-12-31T00:00:00",
      "quarter_label": "2021-12 (Q4)",
      "revenue": 766000000,
      "gross_profit": 500800000,
      "operating_income": 193800000,
      "net_income": 141900000,
      "opex": 572200000,
      "cogs": 265200000,
      "rd": null,
      "sga": 76400000,
      "fcf": 103300000,
      "ocf": 188600000,
      "capex": -85300000,
      "gross_margin": 0.6537859007832898,
      "op_margin": 0.2530026109660574,
      "fcf_margin": 0.13485639686684073,
      "fcf_margin_change": -0.16000526321221067
    },
    {
      "date": "2022-03-31T00:00:00",
      "quarter_label": "2022-03 (Q1)",
      "revenue": 775500000,
      "gross_profit": 495000000,
      "operating_income": 642600000,
      "net_income": 505700000,
      "opex": 132900000,
      "cogs": 280500000,
      "rd": null,
      "sga": 135300000,
      "fcf": 339600000,
      "ocf": 399600000,
      "capex": -60000000,
      "gross_margin": 0.6382978723404256,
      "op_margin": 0.8286266924564797,
      "fcf_margin": 0.4379110251450677,
      "op_leverage_ratio": null,
      "fcf_margin_change": 0.30305462827822693
    },
    {
      "date": "2022-06-30T00:00:00",
      "quarter_label": "2022-06 (Q2)",
      "revenue": 746300000,
      "gross_profit": 500200000,
      "operating_income": 269100000,
      "net_income": 197700000,
      "opex": 477200000,
      "cogs": 246100000,
      "rd": null,
      "sga": 125900000,
      "fcf": 61000000,
      "ocf": 130200000,
      "capex": -69200000,
      "gross_margin": 0.6702398499263031,
      "op_margin": 0.3605788556880611,
      "fcf_margin": 0.08173656706418331,
      "incr_op_margin_yoy": -1.4166666666666667,
      "rev_growth_yoy": -0.001605351170568562,
      "fcf_margin_change": -0.3561744580808844
    },
    {
      "date": "2022-09-30T00:00:00",
      "quarter_label": "2022-09 (Q3)",
      "revenue": 745300000,
      "gross_profit": 498600000,
      "operating_income": 276600000,
      "net_income": 189400000,
      "opex": 468700000,
      "cogs": 246700000,
      "rd": null,
      "sga": 125900000,
      "fcf": 214400000,
      "ocf": 280200000,
      "capex": -65800000,
      "gross_margin": 0.6689923520729908,
      "op_margin": 0.37112572118609954,
      "fcf_margin": 0.2876693948745472,
      "incr_op_margin_yoy": 0.8978102189781022,
      "rev_growth_yoy": -0.01805006587615283,
      "rev_growth_yoy_accel": -0.01644471470558427,
      "fcf_margin_change": 0.20593282781036387
    },
    {
      "date": "2022-12-31T00:00:00",
      "quarter_label": "2022-12 (Q4)",
      "revenue": 229900000,
      "gross_profit": 178600000,
      "operating_income": 218200000,
      "net_income": 61100000,
      "opex": 11700000,
      "cogs": 51300000,
      "rd": null,
      "sga": -5600000,
      "fcf": 169300000,
      "ocf": 249000000,
      "capex": -79700000,
      "gross_margin": 0.7768595041322314,
      "op_margin": 0.9491083079599826,
      "fcf_margin": 0.7364071335363201,
      "incr_op_margin_yoy": -0.045513896661070696,
      "rev_growth_yoy": -0.6998694516971279,
      "rev_growth_yoy_accel": -0.681819385820975,
      "fcf_margin_change": 0.44873773866177297
    },
    {
      "date": "2023-03-31T00:00:00",
      "quarter_label": "2023-03 (Q1)",
      "revenue": 651600000,
      "gross_profit": 435400000,
      "operating_income": 294100000,
      "net_income": 56300000,
      "opex": 357500000,
      "cogs": 216200000,
      "rd": null,
      "sga": 79000000,
      "fcf": 304100000,
      "ocf": 365300000,
      "capex": -61200000,
      "gross_margin": 0.6682013505217925,
      "op_margin": 0.45135052179251073,
      "fcf_margin": 0.4666973603437692,
      "incr_op_margin_yoy": 2.8127522195318804,
      "rev_growth_yoy": -0.1597678916827853,
      "rev_growth_yoy_accel": 0.5401015600143426,
      "op_leverage_ratio": 0.062061962213057646,
      "fcf_margin_change": -0.26970977319255096
    },
    {
      "date": "2023-06-30T00:00:00",
      "quarter_label": "2023-06 (Q2)",
      "revenue": 675000000,
      "gross_profit": 458100000,
      "operating_income": 306000000,
      "net_income": 196900000,
      "opex": 369000000,
      "cogs": 216900000,
      "rd": null,
      "sga": 86800000,
      "fcf": 134700000,
      "ocf": 192900000,
      "capex": -58200000,
      "gross_margin": 0.6786666666666666,
      "op_margin": 0.4533333333333333,
      "fcf_margin": 0.19955555555555557,
      "incr_op_margin_yoy": -0.517531556802244,
      "rev_growth_yoy": -0.09553798740452901,
      "rev_growth_yoy_accel": 0.06422990427825628,
      "op_leverage_ratio": 1.1163824165265435,
      "fcf_margin_change": -0.2671418047882136
    },
    {
      "date": "2023-09-30T00:00:00",
      "quarter_label": "2023-09 (Q3)",
      "revenue": 677600000,
      "gross_profit": 460400000,
      "operating_income": 281100000,
      "net_income": 187400000,
      "opex": 396500000,
      "cogs": 217200000,
      "rd": null,
      "sga": 111600000,
      "fcf": 195800000,
      "ocf": 250100000,
      "capex": -54300000,
      "gross_margin": 0.679456906729634,
      "op_margin": 0.4148465171192444,
      "fcf_margin": 0.288961038961039,
      "incr_op_margin_yoy": -0.06646971935007386,
      "rev_growth_yoy": -0.0908359050046961,
      "rev_growth_yoy_accel": 0.004702082399832913,
      "fcf_margin_change": 0.0894054834054834
    },
    {
      "date": "2023-12-31T00:00:00",
      "quarter_label": "2023-12 (Q4)",
      "revenue": 677200000,
      "gross_profit": 451000000,
      "operating_income": 250500000,
      "net_income": 174000000,
      "opex": 426700000,
      "cogs": 226200000,
      "rd": null,
      "sga": 114400000,
      "fcf": 196100000,
      "ocf": 252400000,
      "capex": -56300000,
      "gross_margin": 0.6659775546367395,
      "op_margin": 0.3699054932073243,
      "fcf_margin": 0.28957471943295926,
      "incr_op_margin_yoy": 0.07221104404202995,
      "rev_growth_yoy": 1.9456285341452806,
      "rev_growth_yoy_accel": 2.036464439149977,
      "fcf_margin_change": 0.000613680471920286
    },
    {
      "date": "2024-03-31T00:00:00",
      "quarter_label": "2024-03 (Q1)",
      "revenue": 704000000,
      "gross_profit": 476200000,
      "operating_income": 307400000,
      "net_income": 219600000,
      "opex": 396600000,
      "cogs": 227800000,
      "rd": null,
      "sga": 92900000,
      "fcf": 317000000,
      "ocf": 372200000,
      "capex": -55200000,
      "gross_margin": 0.6764204545454545,
      "op_margin": 0.43664772727272727,
      "fcf_margin": 0.4502840909090909,
      "incr_op_margin_yoy": 0.2538167938931298,
      "rev_growth_yoy": 0.08041743400859423,
      "rev_growth_yoy_accel": -1.8652111001366865,
      "op_leverage_ratio": null,
      "fcf_margin_change": 0.16070937147613162
    },
    {
      "date": "2024-06-30T00:00:00",
      "quarter_label": "2024-06 (Q2)",
      "revenue": 716800000,
      "gross_profit": 497400000,
      "operating_income": 318700000,
      "net_income": 308100000,
      "opex": 398100000,
      "cogs": 219400000,
      "rd": null,
      "sga": 101500000,
      "fcf": 153900000,
      "ocf": 211700000,
      "capex": -57800000,
      "gross_margin": 0.6939174107142857,
      "op_margin": 0.44461495535714285,
      "fcf_margin": 0.21470424107142858,
      "incr_op_margin_yoy": 0.3038277511961722,
      "rev_growth_yoy": 0.061925925925925926,
      "rev_growth_yoy_accel": -0.018491508082668306,
      "op_leverage_ratio": 4.807272727272727,
      "fcf_margin_change": -0.2355798498376623
    },
    {
      "date": "2024-09-30T00:00:00",
      "quarter_label": "2024-09 (Q3)",
      "revenue": 725300000,
      "gross_profit": 501900000,
      "operating_income": 311500000,
      "net_income": 220100000,
      "opex": 413800000,
      "cogs": 223400000,
      "rd": null,
      "sga": 114000000,
      "fcf": 240700000,
      "ocf": 296200000,
      "capex": -55500000,
      "gross_margin": 0.6919895215772783,
      "op_margin": 0.42947745760375017,
      "fcf_margin": 0.33186267751275333,
      "incr_op_margin_yoy": 0.6373165618448637,
      "rev_growth_yoy": 0.07039551357733176,
      "rev_growth_yoy_accel": 0.008469587651405833,
      "op_leverage_ratio": 0.30068617066651504,
      "fcf_margin_change": 0.11715843644132476
    },
    {
      "date": "2024-12-31T00:00:00",
      "quarter_label": "2024-12 (Q4)",
      "revenue": 735600000,
      "gross_profit": 505100000,
      "operating_income": 316300000,
      "net_income": 210400000,
      "opex": 419300000,
      "cogs": 230500000,
      "rd": null,
      "sga": 100300000,
      "fcf": 200000000,
      "ocf": 255400000,
      "capex": -55400000,
      "gross_margin": 0.6866503534529635,
      "op_margin": 0.4299891245241979,
      "fcf_margin": 0.27188689505165853,
      "incr_op_margin_yoy": 1.1267123287671232,
      "rev_growth_yoy": 0.08623744831659776,
      "rev_growth_yoy_accel": 0.015841934739265998,
      "op_leverage_ratio": 1.068433124851159,
      "fcf_margin_change": -0.059975782461094806
    },
    {
      "date": "2025-03-31T00:00:00",
      "quarter_label": "2025-03 (Q1)",
      "revenue": 753000000,
      "gross_profit": 522200000,
      "operating_income": 330100000,
      "net_income": 232300000,
      "opex": 422900000,
      "cogs": 230800000,
      "rd": null,
      "sga": 108900000,
      "fcf": 391000000,
      "ocf": 444700000,
      "capex": -53700000,
      "gross_margin": 0.6934926958831341,
      "op_margin": 0.43837981407702525,
      "fcf_margin": 0.5192563081009296,
      "incr_op_margin_yoy": 0.463265306122449,
      "rev_growth_yoy": 0.06960227272727272,
      "rev_growth_yoy_accel": -0.016635175589325035,
      "op_leverage_ratio": 2.7550525647997097,
      "fcf_margin_change": 0.24736941304927107
    },
    {
      "date": "2025-06-30T00:00:00",
      "quarter_label": "2025-06 (Q2)",
      "revenue": 772600000,
      "gross_profit": 543100000,
      "operating_income": 354300000,
      "net_income": 253300000,
      "opex": 418300000,
      "cogs": 229500000,
      "rd": null,
      "sga": 106500000,
      "fcf": 188700000,
      "ocf": 244500000,
      "capex": -55800000,
      "gross_margin": 0.7029510742945897,
      "op_margin": 0.4585814134092674,
      "fcf_margin": 0.24424022780222626,
      "incr_op_margin_yoy": 0.6379928315412187,
      "rev_growth_yoy": 0.07784598214285714,
      "rev_growth_yoy_accel": 0.008243709415584416,
      "op_leverage_ratio": null,
      "fcf_margin_change": -0.27501608029870334
    },
    {
      "date": "2025-09-30T00:00:00",
      "quarter_label": "2025-09 (Q3)",
      "revenue": 768300000,
      "gross_profit": 538800000,
      "operating_income": 345900000,
      "net_income": 225500000,
      "opex": 422400000,
      "cogs": 229500000,
      "rd": null,
      "sga": 110600000,
      "fcf": 336100000,
      "ocf": 403500000,
      "capex": -67400000,
      "gross_margin": 0.7012885591565795,
      "op_margin": 0.45021475985942994,
      "fcf_margin": 0.4374593257841989,
      "incr_op_margin_yoy": 0.8,
      "rev_growth_yoy": 0.059285812767130845,
      "rev_growth_yoy_accel": -0.01856016937572629,
      "fcf_margin_change": 0.19321909798197262
    },
    {
      "date": "2025-12-31T00:00:00",
      "quarter_label": "2025-12 (Q4)",
      "revenue": 778800000,
      "gross_profit": 543100000,
      "operating_income": 313600000,
      "net_income": 197200000,
      "opex": 465200000,
      "cogs": 235700000,
      "rd": null,
      "sga": 132200000,
      "fcf": 276100000,
      "ocf": 343300000,
      "capex": -67200000,
      "gross_margin": 0.6973549049820236,
      "op_margin": 0.4026707755521315,
      "fcf_margin": 0.3545197740112994,
      "incr_op_margin_yoy": -0.0625,
      "rev_growth_yoy": 0.05872756933115824,
      "rev_growth_yoy_accel": -0.0005582434359726052,
      "op_leverage_ratio": 0.1348772201279436,
      "fcf_margin_change": -0.08293955177289947
    }
  ],
  "signals": [
    {
      "quarter": "2025-09 (Q3)",
      "signal": "FCF MARGIN EXPANSION",
      "detail": "FCF margin: +24.4% -> +43.7% (+19.3%)",
      "severity": "MEDIUM"
    },
    {
      "quarter": "2025-09 (Q3)",
      "signal": "INCREMENTAL MARGIN (YoY)",
      "detail": "YoY Incr OPM: +80.0% vs year-ago OPM: +42.9%",
      "severity": "HIGH"
    },
    {
      "quarter": "2025-06 (Q2)",
      "signal": "INCREMENTAL MARGIN (YoY)",
      "detail": "YoY Incr OPM: +63.8% vs year-ago OPM: +44.5%",
      "severity": "MEDIUM"
    },
    {
      "quarter": "2025-03 (Q1)",
      "signal": "FCF MARGIN EXPANSION",
      "detail": "FCF margin: +27.2% -> +51.9% (+24.7%)",
      "severity": "MEDIUM"
    },
    {
      "quarter": "2025-03 (Q1)",
      "signal": "OPERATING LEVERAGE",
      "detail": "Rev growth +2.4% vs OpEx growth +0.9% (leverage: 2.8x)",
      "severity": "MEDIUM"
    },
    {
      "quarter": "2024-12 (Q4)",
      "signal": "INCREMENTAL MARGIN (YoY)",
      "detail": "YoY Incr OPM: +112.7% vs year-ago OPM: +37.0%",
      "severity": "HIGH"
    },
    {
      "quarter": "2024-09 (Q3)",
      "signal": "FCF MARGIN EXPANSION",
      "detail": "FCF margin: +21.5% -> +33.2% (+11.7%)",
      "severity": "MEDIUM"
    },
    {
      "quarter": "2024-09 (Q3)",
      "signal": "INCREMENTAL MARGIN (YoY)",
      "detail": "YoY Incr OPM: +63.7% vs year-ago OPM: +41.5%",
      "severity": "HIGH"
    },
    {
      "quarter": "2024-06 (Q2)",
      "signal": "OPERATING LEVERAGE",
      "detail": "Rev growth +1.8% vs OpEx growth +0.4% (leverage: 4.8x)",
      "severity": "MEDIUM"
    },
    {
      "quarter": "2024-03 (Q1)",
      "signal": "FCF MARGIN EXPANSION",
      "detail": "FCF margin: +29.0% -> +45.0% (+16.1%)",
      "severity": "MEDIUM"
    },
    {
      "quarter": "2024-03 (Q1)",
      "signal": "YoY REVENUE GROWTH DECELERATION",
      "detail": "YoY growth: +8.0% vs prior quarter YoY: +194.6% (decel: -186.5%)",
      "severity": "WARNING"
    },
    {
      "quarter": "2023-12 (Q4)",
      "signal": "YoY REVENUE GROWTH ACCELERATION",
      "detail": "YoY growth: +194.6% vs prior quarter YoY: -9.1% (accel: +203.6%)",
      "severity": "HIGH"
    },
    {
      "quarter": "2023-09 (Q3)",
      "signal": "FCF MARGIN EXPANSION",
      "detail": "FCF margin: +20.0% -> +28.9% (+8.9%)",
      "severity": "MEDIUM"
    },
    {
      "quarter": "2023-06 (Q2)",
      "signal": "YoY REVENUE GROWTH ACCELERATION",
      "detail": "YoY growth: -9.6% vs prior quarter YoY: -16.0% (accel: +6.4%)",
      "severity": "MEDIUM"
    },
    {
      "quarter": "2023-03 (Q1)",
      "signal": "YoY REVENUE GROWTH ACCELERATION",
      "detail": "YoY growth: -16.0% vs prior quarter YoY: -70.0% (accel: +54.0%)",
      "severity": "HIGH"
    },
    {
      "quarter": "2023-03 (Q1)",
      "signal": "INCREMENTAL MARGIN (YoY)",
      "detail": "YoY Incr OPM: +281.3% vs year-ago OPM: +82.9%",
      "severity": "HIGH"
    },
    {
      "quarter": "2022-12 (Q4)",
      "signal": "FCF MARGIN EXPANSION",
      "detail": "FCF margin: +28.8% -> +73.6% (+44.9%)",
      "severity": "MEDIUM"
    },
    {
      "quarter": "2022-12 (Q4)",
      "signal": "GROSS MARGIN INFLECTION",
      "detail": "GM: +67.0% -> +66.9% -> +77.7% (reversal +10.8%)",
      "severity": "HIGH"
    },
    {
      "quarter": "2022-12 (Q4)",
      "signal": "YoY REVENUE GROWTH DECELERATION",
      "detail": "YoY growth: -70.0% vs prior quarter YoY: -1.8% (decel: -68.2%)",
      "severity": "WARNING"
    },
    {
      "quarter": "2022-09 (Q3)",
      "signal": "FCF MARGIN EXPANSION",
      "detail": "FCF margin: +8.2% -> +28.8% (+20.6%)",
      "severity": "MEDIUM"
    },
    {
      "quarter": "2022-09 (Q3)",
      "signal": "INCREMENTAL MARGIN (YoY)",
      "detail": "YoY Incr OPM: +89.8% vs year-ago OPM: +38.1%",
      "severity": "HIGH"
    },
    {
      "quarter": "2022-06 (Q2)",
      "signal": "GROSS MARGIN INFLECTION",
      "detail": "GM: +65.4% -> +63.8% -> +67.0% (reversal +3.2%)",
      "severity": "MEDIUM"
    },
    {
      "quarter": "2022-03 (Q1)",
      "signal": "FCF MARGIN EXPANSION",
      "detail": "FCF margin: +13.5% -> +43.8% (+30.3%)",
      "severity": "MEDIUM"
    },
    {
      "quarter": "2021-09 (Q3)",
      "signal": "FCF MARGIN EXPANSION",
      "detail": "FCF margin: +22.8% -> +29.5% (+6.7%)",
      "severity": "MEDIUM"
    }
  ],
  "data_quality": {
    "n_quarters": 20,
    "coverage": {
      "revenue": [
        20,
        20
      ],
      "gross_profit": [
        19,
        20
      ],
      "op_income": [
        19,
        20
      ],
      "fcf": [
        19,
        20
      ]
    },
    "gaps": [],
    "warnings": []
  },
  "market_cap": null,
  "source": "SEC EDGAR",
  "last_updated": "2026-02-24T10:30:08.869879"
}