{
  "ticker": "VRSN",
  "name": "VERISIGN INC/CA",
  "quarters": [
    {
      "date": "2020-12-31T00:00:00",
      "quarter_label": "2020-12 (Q4)",
      "revenue": 320284000,
      "gross_profit": 274312000,
      "operating_income": 204508000,
      "net_income": null,
      "opex": 115776000,
      "cogs": 45972000,
      "rd": 19403000,
      "sga": null,
      "fcf": 188771000,
      "ocf": 195238000,
      "capex": -6467000,
      "gross_margin": 0.8564648874124214,
      "op_margin": 0.6385208127786589,
      "fcf_margin": 0.5893862946634861
    },
    {
      "date": "2021-03-31T00:00:00",
      "quarter_label": "2021-03 (Q1)",
      "revenue": 323621000,
      "gross_profit": 276653000,
      "operating_income": 210407000,
      "net_income": 150354000,
      "opex": 113214000,
      "cogs": 46968000,
      "rd": 20311000,
      "sga": 45900000,
      "fcf": 191600000,
      "ocf": 198300000,
      "capex": -6700000,
      "gross_margin": 0.8548672675753428,
      "op_margin": 0.6501648533315205,
      "fcf_margin": 0.592050577681918,
      "op_leverage_ratio": Infinity,
      "fcf_margin_change": 0.002664283018431912
    },
    {
      "date": "2021-06-30T00:00:00",
      "quarter_label": "2021-06 (Q2)",
      "revenue": 329405000,
      "gross_profit": 281609000,
      "operating_income": 212979000,
      "net_income": 147772000,
      "opex": 116426000,
      "cogs": 47796000,
      "rd": 19808000,
      "sga": 48800000,
      "fcf": 124900000,
      "ocf": 142500000,
      "capex": -17600000,
      "gross_margin": 0.8549020203093456,
      "op_margin": 0.6465566703601949,
      "fcf_margin": 0.3791685007817125,
      "op_leverage_ratio": 0.6299646601277975,
      "fcf_margin_change": -0.21288207690020555
    },
    {
      "date": "2021-09-30T00:00:00",
      "quarter_label": "2021-09 (Q3)",
      "revenue": 334242000,
      "gross_profit": 286441000,
      "operating_income": 221305000,
      "net_income": 156622000,
      "opex": 112937000,
      "cogs": 47801000,
      "rd": 19566000,
      "sga": 45600000,
      "fcf": 244900000,
      "ocf": 260100000,
      "capex": -15200000,
      "gross_margin": 0.8569868538364419,
      "op_margin": 0.6621100879003835,
      "fcf_margin": 0.7327026525690966,
      "op_leverage_ratio": Infinity,
      "fcf_margin_change": 0.3535341517873841
    },
    {
      "date": "2021-12-31T00:00:00",
      "quarter_label": "2021-12 (Q4)",
      "revenue": 340308000,
      "gross_profit": 290940000,
      "operating_income": 222112000,
      "net_income": null,
      "opex": 118196000,
      "cogs": 49368000,
      "rd": 20844000,
      "sga": 48100000,
      "fcf": 192800000,
      "ocf": 206300000,
      "capex": -13500000,
      "gross_margin": 0.8549314150710533,
      "op_margin": 0.6526793375412862,
      "fcf_margin": 0.5665455998683545,
      "incr_op_margin_yoy": 0.8791450259688374,
      "rev_growth_yoy": 0.0625195139313859,
      "op_leverage_ratio": 0.3897395335227749,
      "fcf_margin_change": -0.1661570527007421
    },
    {
      "date": "2022-03-31T00:00:00",
      "quarter_label": "2022-03 (Q1)",
      "revenue": 346900000,
      "gross_profit": 296200000,
      "operating_income": 224800000,
      "net_income": 157500000,
      "opex": 122100000,
      "cogs": 50700000,
      "rd": 22900000,
      "sga": 48500000,
      "fcf": 200500000,
      "ocf": 207100000,
      "capex": -6600000,
      "gross_margin": 0.8538483712885557,
      "op_margin": 0.6480253675410781,
      "fcf_margin": 0.5779763620639954,
      "incr_op_margin_yoy": 0.6182825722754414,
      "rev_growth_yoy": 0.07193290917462093,
      "rev_growth_yoy_accel": 0.009413395243235034,
      "op_leverage_ratio": 0.586459479233566,
      "fcf_margin_change": 0.011430762195640876
    },
    {
      "date": "2022-06-30T00:00:00",
      "quarter_label": "2022-06 (Q2)",
      "revenue": 351900000,
      "gross_profit": 302400000,
      "operating_income": 236000000,
      "net_income": 167300000,
      "opex": 115900000,
      "cogs": 49500000,
      "rd": 20300000,
      "sga": 46100000,
      "fcf": 138700000,
      "ocf": 144900000,
      "capex": -6200000,
      "gross_margin": 0.8593350383631714,
      "op_margin": 0.6706450696220517,
      "fcf_margin": 0.3941460642227906,
      "incr_op_margin_yoy": 1.0233829739942208,
      "rev_growth_yoy": 0.06828979523686647,
      "rev_growth_yoy_accel": -0.003643113937754461,
      "op_leverage_ratio": Infinity,
      "fcf_margin_change": -0.1838302978412048
    },
    {
      "date": "2022-09-30T00:00:00",
      "quarter_label": "2022-09 (Q3)",
      "revenue": 356900000,
      "gross_profit": 306900000,
      "operating_income": 236800000,
      "net_income": 169500000,
      "opex": 120100000,
      "cogs": 50000000,
      "rd": 21000000,
      "sga": 49100000,
      "fcf": 255300000,
      "ocf": 262200000,
      "capex": -6900000,
      "gross_margin": 0.8599047352199496,
      "op_margin": 0.6634911739983188,
      "fcf_margin": 0.7153264219669375,
      "incr_op_margin_yoy": 0.6838644187483449,
      "rev_growth_yoy": 0.06778920662274639,
      "rev_growth_yoy_accel": -0.0005005886141200844,
      "op_leverage_ratio": 0.3920892028308908,
      "fcf_margin_change": 0.32118035774414694
    },
    {
      "date": "2022-12-31T00:00:00",
      "quarter_label": "2022-12 (Q4)",
      "revenue": 369200000,
      "gross_profit": 318700000,
      "operating_income": 245500000,
      "net_income": null,
      "opex": 123700000,
      "cogs": 50500000,
      "rd": 21500000,
      "sga": 51700000,
      "fcf": 209200000,
      "ocf": 216900000,
      "capex": -7700000,
      "gross_margin": 0.8632177681473456,
      "op_margin": 0.6649512459371615,
      "fcf_margin": 0.5666305525460456,
      "incr_op_margin_yoy": 0.8094974387373668,
      "rev_growth_yoy": 0.08489956157363329,
      "rev_growth_yoy_accel": 0.017110354950886905,
      "op_leverage_ratio": 1.1497384888390774,
      "fcf_margin_change": -0.14869586942089197
    },
    {
      "date": "2023-03-31T00:00:00",
      "quarter_label": "2023-03 (Q1)",
      "revenue": 364400000,
      "gross_profit": 314500000,
      "operating_income": 241300000,
      "net_income": 178700000,
      "opex": 123100000,
      "cogs": 49900000,
      "rd": 24200000,
      "sga": 49000000,
      "fcf": 253300000,
      "ocf": 259000000,
      "capex": -5700000,
      "gross_margin": 0.8630625686059276,
      "op_margin": 0.6621844127332601,
      "fcf_margin": 0.6951152579582875,
      "incr_op_margin_yoy": 0.9428571428571428,
      "rev_growth_yoy": 0.050446814643989625,
      "rev_growth_yoy_accel": -0.03445274692964367,
      "fcf_margin_change": 0.128484705412242
    },
    {
      "date": "2023-06-30T00:00:00",
      "quarter_label": "2023-06 (Q2)",
      "revenue": 372000000,
      "gross_profit": 321700000,
      "operating_income": 248700000,
      "net_income": 185700000,
      "opex": 123300000,
      "cogs": 50300000,
      "rd": 22200000,
      "sga": 50800000,
      "fcf": 138800000,
      "ocf": 145300000,
      "capex": -6500000,
      "gross_margin": 0.8647849462365591,
      "op_margin": 0.6685483870967742,
      "fcf_margin": 0.37311827956989246,
      "incr_op_margin_yoy": 0.6318407960199005,
      "rev_growth_yoy": 0.05711849957374254,
      "rev_growth_yoy_accel": 0.006671684929752918,
      "op_leverage_ratio": 12.836992316136115,
      "fcf_margin_change": -0.3219969783883951
    },
    {
      "date": "2023-09-30T00:00:00",
      "quarter_label": "2023-09 (Q3)",
      "revenue": 376300000,
      "gross_profit": 327700000,
      "operating_income": 254300000,
      "net_income": 188500000,
      "opex": 122000000,
      "cogs": 48600000,
      "rd": 21700000,
      "sga": 51700000,
      "fcf": 216700000,
      "ocf": 245300000,
      "capex": -28600000,
      "gross_margin": 0.8708477278766942,
      "op_margin": 0.6757905926122775,
      "fcf_margin": 0.5758703162370449,
      "incr_op_margin_yoy": 0.9020618556701031,
      "rev_growth_yoy": 0.05435696273465957,
      "rev_growth_yoy_accel": -0.0027615368390829717,
      "op_leverage_ratio": Infinity,
      "fcf_margin_change": 0.2027520366671524
    },
    {
      "date": "2023-12-31T00:00:00",
      "quarter_label": "2023-12 (Q4)",
      "revenue": 380400000,
      "gross_profit": 331900000,
      "operating_income": 256300000,
      "net_income": null,
      "opex": 124100000,
      "cogs": 48500000,
      "rd": 22900000,
      "sga": 52700000,
      "fcf": 199200000,
      "ocf": 204200000,
      "capex": -5000000,
      "gross_margin": 0.8725026288117771,
      "op_margin": 0.673764458464774,
      "fcf_margin": 0.5236593059936908,
      "incr_op_margin_yoy": 0.9642857142857143,
      "rev_growth_yoy": 0.030335861321776816,
      "rev_growth_yoy_accel": -0.024021101412882755,
      "op_leverage_ratio": 0.6329802715665059,
      "fcf_margin_change": -0.05221101024335406
    },
    {
      "date": "2024-03-31T00:00:00",
      "quarter_label": "2024-03 (Q1)",
      "revenue": 384300000,
      "gross_profit": 335200000,
      "operating_income": 258900000,
      "net_income": 194100000,
      "opex": 125400000,
      "cogs": 49100000,
      "rd": 24800000,
      "sga": 51500000,
      "fcf": 253500000,
      "ocf": 257300000,
      "capex": -3800000,
      "gross_margin": 0.8722352328909706,
      "op_margin": 0.6736924277907884,
      "fcf_margin": 0.6596409055425448,
      "incr_op_margin_yoy": 0.8844221105527639,
      "rev_growth_yoy": 0.05461031833150384,
      "rev_growth_yoy_accel": 0.024274457009727027,
      "op_leverage_ratio": 0.9787066246056783,
      "fcf_margin_change": 0.13598159954885403
    },
    {
      "date": "2024-06-30T00:00:00",
      "quarter_label": "2024-06 (Q2)",
      "revenue": 387100000,
      "gross_profit": 340000000,
      "operating_income": 266200000,
      "net_income": 198800000,
      "opex": 120900000,
      "cogs": 47100000,
      "rd": 23800000,
      "sga": 50000000,
      "fcf": 151200000,
      "ocf": 160400000,
      "capex": -9200000,
      "gross_margin": 0.8783260139498837,
      "op_margin": 0.6876776026866442,
      "fcf_margin": 0.39059674502712477,
      "incr_op_margin_yoy": 1.1589403973509933,
      "rev_growth_yoy": 0.04059139784946236,
      "rev_growth_yoy_accel": -0.01401892048204148,
      "fcf_margin_change": -0.26904416051542007
    },
    {
      "date": "2024-09-30T00:00:00",
      "quarter_label": "2024-09 (Q3)",
      "revenue": 390600000,
      "gross_profit": 343800000,
      "operating_income": 269300000,
      "net_income": 201300000,
      "opex": 121300000,
      "cogs": 46800000,
      "rd": 23200000,
      "sga": 51300000,
      "fcf": 247800000,
      "ocf": 253400000,
      "capex": -5600000,
      "gross_margin": 0.880184331797235,
      "op_margin": 0.689452124935996,
      "fcf_margin": 0.6344086021505376,
      "incr_op_margin_yoy": 1.048951048951049,
      "rev_growth_yoy": 0.03800159447249535,
      "rev_growth_yoy_accel": -0.002589803376967015,
      "fcf_margin_change": 0.24381185712341286
    },
    {
      "date": "2024-12-31T00:00:00",
      "quarter_label": "2024-12 (Q4)",
      "revenue": 395400000,
      "gross_profit": 347000000,
      "operating_income": 263800000,
      "net_income": null,
      "opex": 131600000,
      "cogs": 48400000,
      "rd": 24900000,
      "sga": 58300000,
      "fcf": 222000000,
      "ocf": 231500000,
      "capex": -9500000,
      "gross_margin": 0.8775923115832068,
      "op_margin": 0.6671724835609509,
      "fcf_margin": 0.5614567526555387,
      "incr_op_margin_yoy": 0.5,
      "rev_growth_yoy": 0.03943217665615142,
      "rev_growth_yoy_accel": 0.0014305821836560692,
      "op_leverage_ratio": 0.14472133983565239,
      "fcf_margin_change": -0.07295184949499889
    },
    {
      "date": "2025-03-31T00:00:00",
      "quarter_label": "2025-03 (Q1)",
      "revenue": 402300000,
      "gross_profit": 352900000,
      "operating_income": 271200000,
      "net_income": 199300000,
      "opex": 131100000,
      "cogs": 49400000,
      "rd": 26000000,
      "sga": 55700000,
      "fcf": 285500000,
      "ocf": 291300000,
      "capex": -5800000,
      "gross_margin": 0.8772060651255282,
      "op_margin": 0.674123788217748,
      "fcf_margin": 0.7096694009445688,
      "incr_op_margin_yoy": 0.6833333333333333,
      "rev_growth_yoy": 0.0468384074941452,
      "rev_growth_yoy_accel": 0.007406230837993785,
      "op_leverage_ratio": Infinity,
      "fcf_margin_change": 0.14821264828903002
    },
    {
      "date": "2025-06-30T00:00:00",
      "quarter_label": "2025-06 (Q2)",
      "revenue": 409900000,
      "gross_profit": 360800000,
      "operating_income": 280700000,
      "net_income": 207400000,
      "opex": 129200000,
      "cogs": 49100000,
      "rd": 25700000,
      "sga": 54400000,
      "fcf": 194700000,
      "ocf": 202500000,
      "capex": -7800000,
      "gross_margin": 0.8802146865089047,
      "op_margin": 0.6848011710173213,
      "fcf_margin": 0.47499390095145155,
      "incr_op_margin_yoy": 0.6359649122807017,
      "rev_growth_yoy": 0.05889950917075691,
      "rev_growth_yoy_accel": 0.012061101676611709,
      "op_leverage_ratio": Infinity,
      "fcf_margin_change": -0.2346754999931172
    },
    {
      "date": "2025-09-30T00:00:00",
      "quarter_label": "2025-09 (Q3)",
      "revenue": 419100000,
      "gross_profit": 370300000,
      "operating_income": 284300000,
      "net_income": 212800000,
      "opex": 134800000,
      "cogs": 48800000,
      "rd": 25400000,
      "sga": 60600000,
      "fcf": 303000000,
      "ocf": 307700000,
      "capex": -4700000,
      "gross_margin": 0.8835600095442615,
      "op_margin": 0.6783583870198043,
      "fcf_margin": 0.7229778095919828,
      "incr_op_margin_yoy": 0.5263157894736842,
      "rev_growth_yoy": 0.07296466973886329,
      "rev_growth_yoy_accel": 0.014065160568106375,
      "op_leverage_ratio": 0.5178266476144008,
      "fcf_margin_change": 0.24798390864053121
    }
  ],
  "signals": [
    {
      "quarter": "2025-09 (Q3)",
      "signal": "FCF MARGIN EXPANSION",
      "detail": "FCF margin: +47.5% -> +72.3% (+24.8%)",
      "severity": "MEDIUM"
    },
    {
      "quarter": "2025-03 (Q1)",
      "signal": "FCF MARGIN EXPANSION",
      "detail": "FCF margin: +56.1% -> +71.0% (+14.8%)",
      "severity": "MEDIUM"
    },
    {
      "quarter": "2024-09 (Q3)",
      "signal": "FCF MARGIN EXPANSION",
      "detail": "FCF margin: +39.1% -> +63.4% (+24.4%)",
      "severity": "MEDIUM"
    },
    {
      "quarter": "2024-09 (Q3)",
      "signal": "INCREMENTAL MARGIN (YoY)",
      "detail": "YoY Incr OPM: +104.9% vs year-ago OPM: +67.6%",
      "severity": "HIGH"
    },
    {
      "quarter": "2024-06 (Q2)",
      "signal": "INCREMENTAL MARGIN (YoY)",
      "detail": "YoY Incr OPM: +115.9% vs year-ago OPM: +66.9%",
      "severity": "HIGH"
    },
    {
      "quarter": "2024-03 (Q1)",
      "signal": "FCF MARGIN EXPANSION",
      "detail": "FCF margin: +52.4% -> +66.0% (+13.6%)",
      "severity": "MEDIUM"
    },
    {
      "quarter": "2024-03 (Q1)",
      "signal": "INCREMENTAL MARGIN (YoY)",
      "detail": "YoY Incr OPM: +88.4% vs year-ago OPM: +66.2%",
      "severity": "HIGH"
    },
    {
      "quarter": "2023-12 (Q4)",
      "signal": "INCREMENTAL MARGIN (YoY)",
      "detail": "YoY Incr OPM: +96.4% vs year-ago OPM: +66.5%",
      "severity": "HIGH"
    },
    {
      "quarter": "2023-09 (Q3)",
      "signal": "FCF MARGIN EXPANSION",
      "detail": "FCF margin: +37.3% -> +57.6% (+20.3%)",
      "severity": "MEDIUM"
    },
    {
      "quarter": "2023-09 (Q3)",
      "signal": "INCREMENTAL MARGIN (YoY)",
      "detail": "YoY Incr OPM: +90.2% vs year-ago OPM: +66.3%",
      "severity": "HIGH"
    },
    {
      "quarter": "2023-06 (Q2)",
      "signal": "OPERATING LEVERAGE",
      "detail": "Rev growth +2.1% vs OpEx growth +0.2% (leverage: 12.8x)",
      "severity": "MEDIUM"
    },
    {
      "quarter": "2023-03 (Q1)",
      "signal": "FCF MARGIN EXPANSION",
      "detail": "FCF margin: +56.7% -> +69.5% (+12.8%)",
      "severity": "MEDIUM"
    },
    {
      "quarter": "2023-03 (Q1)",
      "signal": "INCREMENTAL MARGIN (YoY)",
      "detail": "YoY Incr OPM: +94.3% vs year-ago OPM: +64.8%",
      "severity": "HIGH"
    },
    {
      "quarter": "2022-12 (Q4)",
      "signal": "INCREMENTAL MARGIN (YoY)",
      "detail": "YoY Incr OPM: +80.9% vs year-ago OPM: +65.3%",
      "severity": "MEDIUM"
    },
    {
      "quarter": "2022-09 (Q3)",
      "signal": "FCF MARGIN EXPANSION",
      "detail": "FCF margin: +39.4% -> +71.5% (+32.1%)",
      "severity": "MEDIUM"
    },
    {
      "quarter": "2022-06 (Q2)",
      "signal": "INCREMENTAL MARGIN (YoY)",
      "detail": "YoY Incr OPM: +102.3% vs year-ago OPM: +64.7%",
      "severity": "HIGH"
    },
    {
      "quarter": "2021-12 (Q4)",
      "signal": "INCREMENTAL MARGIN (YoY)",
      "detail": "YoY Incr OPM: +87.9% vs year-ago OPM: +63.9%",
      "severity": "HIGH"
    },
    {
      "quarter": "2021-09 (Q3)",
      "signal": "FCF MARGIN EXPANSION",
      "detail": "FCF margin: +37.9% -> +73.3% (+35.4%)",
      "severity": "MEDIUM"
    }
  ],
  "data_quality": {
    "n_quarters": 20,
    "coverage": {
      "revenue": [
        20,
        20
      ],
      "gross_profit": [
        20,
        20
      ],
      "op_income": [
        20,
        20
      ],
      "fcf": [
        20,
        20
      ]
    },
    "gaps": [],
    "warnings": []
  },
  "market_cap": null,
  "source": "SEC EDGAR",
  "last_updated": "2026-02-02T20:15:06.004966"
}