{
  "ticker": "VRT",
  "name": "Vertiv Holdings Co",
  "quarters": [
    {
      "date": "2020-12-31T00:00:00",
      "quarter_label": "2020-12 (Q4)",
      "revenue": 1305500000,
      "gross_profit": 427200000,
      "operating_income": 120000000,
      "net_income": 74900000,
      "opex": 307200000,
      "cogs": 878300000,
      "rd": null,
      "sga": 265500000,
      "fcf": 171400000,
      "ocf": 194500000,
      "capex": -23100000,
      "gross_margin": 0.327230945997702,
      "op_margin": 0.09191880505553428,
      "fcf_margin": 0.13129069322098813
    },
    {
      "date": "2021-03-31T00:00:00",
      "quarter_label": "2021-03 (Q1)",
      "revenue": 1098400000,
      "gross_profit": 358000000,
      "operating_income": 79800000,
      "net_income": 31700000,
      "opex": 278200000,
      "cogs": 740400000,
      "rd": null,
      "sga": 250100000,
      "fcf": 43900000,
      "ocf": 60700000,
      "capex": -16800000,
      "gross_margin": 0.32592862345229423,
      "op_margin": 0.07265112891478515,
      "fcf_margin": 0.03996722505462491,
      "fcf_margin_change": -0.09132346816636322
    },
    {
      "date": "2021-06-30T00:00:00",
      "quarter_label": "2021-06 (Q2)",
      "revenue": 1260300000,
      "gross_profit": 409300000,
      "operating_income": 102200000,
      "net_income": 9700000,
      "opex": 307100000,
      "cogs": 851000000,
      "rd": null,
      "sga": 271700000,
      "fcf": 45700000,
      "ocf": 59300000,
      "capex": -13600000,
      "gross_margin": 0.32476394509243833,
      "op_margin": 0.08109180353883996,
      "fcf_margin": 0.03626120764897247,
      "op_leverage_ratio": 1.4188798050388485,
      "fcf_margin_change": -0.003706017405652441
    },
    {
      "date": "2021-09-30T00:00:00",
      "quarter_label": "2021-09 (Q3)",
      "revenue": 1228900000,
      "gross_profit": 381700000,
      "operating_income": 81800000,
      "net_income": 56200000,
      "opex": 299900000,
      "cogs": 847200000,
      "rd": null,
      "sga": 257800000,
      "fcf": 41500000,
      "ocf": 54400000,
      "capex": -12900000,
      "gross_margin": 0.3106029782732525,
      "op_margin": 0.06656359345756367,
      "fcf_margin": 0.033770038245585485,
      "fcf_margin_change": -0.002491169403386985
    },
    {
      "date": "2021-12-31T00:00:00",
      "quarter_label": "2021-12 (Q4)",
      "revenue": 1410500000,
      "gross_profit": 373700000,
      "operating_income": -3900000,
      "net_income": 22000000,
      "opex": 377600000,
      "cogs": 1036800000,
      "rd": null,
      "sga": 329400000,
      "fcf": 6400000,
      "ocf": 36500000,
      "capex": -30100000,
      "gross_margin": 0.2649415101028004,
      "op_margin": -0.0027649769585253456,
      "fcf_margin": 0.0045373980857851826,
      "incr_op_margin_yoy": -1.18,
      "rev_growth_yoy": 0.08042895442359249,
      "op_leverage_ratio": 0.5703674682436176,
      "fcf_margin_change": -0.029232640159800302
    },
    {
      "date": "2022-03-31T00:00:00",
      "quarter_label": "2022-03 (Q1)",
      "revenue": 1156400000,
      "gross_profit": 303600000,
      "operating_income": -45200000,
      "net_income": 8500000,
      "opex": 348800000,
      "cogs": 852800000,
      "rd": null,
      "sga": 292200000,
      "fcf": -147300000,
      "ocf": -132200000,
      "capex": -15100000,
      "gross_margin": 0.262538913870633,
      "op_margin": -0.03908682116914562,
      "fcf_margin": -0.1273780698720166,
      "incr_op_margin_yoy": -2.1551724137931036,
      "rev_growth_yoy": 0.0528040786598689,
      "rev_growth_yoy_accel": -0.02762487576372359,
      "fcf_margin_change": -0.1319154679578018
    },
    {
      "date": "2022-06-30T00:00:00",
      "quarter_label": "2022-06 (Q2)",
      "revenue": 1399400000,
      "gross_profit": 371500000,
      "operating_income": 26200000,
      "net_income": 20300000,
      "opex": 345300000,
      "cogs": 1027900000,
      "rd": null,
      "sga": 287600000,
      "fcf": -228800000,
      "ocf": -205700000,
      "capex": -23100000,
      "gross_margin": 0.26547091610690293,
      "op_margin": 0.018722309561240533,
      "fcf_margin": -0.1634986422752608,
      "incr_op_margin_yoy": -0.5463695183321352,
      "rev_growth_yoy": 0.11037054669523129,
      "rev_growth_yoy_accel": 0.05756646803536239,
      "op_leverage_ratio": Infinity,
      "fcf_margin_change": -0.036120572403244205
    },
    {
      "date": "2022-09-30T00:00:00",
      "quarter_label": "2022-09 (Q3)",
      "revenue": 1481100000,
      "gross_profit": 429300000,
      "operating_income": 80000000,
      "net_income": 21200000,
      "opex": 349300000,
      "cogs": 1051800000,
      "rd": null,
      "sga": 295200000,
      "fcf": -19100000,
      "ocf": 4400000,
      "capex": -23500000,
      "gross_margin": 0.28985213692525824,
      "op_margin": 0.05401390858145973,
      "fcf_margin": -0.01289582067382351,
      "incr_op_margin_yoy": -0.007137192704203013,
      "rev_growth_yoy": 0.20522418422979902,
      "rev_growth_yoy_accel": 0.09485363753456773,
      "op_leverage_ratio": 5.039840288695156,
      "fcf_margin_change": 0.15060282160143731
    },
    {
      "date": "2022-12-31T00:00:00",
      "quarter_label": "2022-12 (Q4)",
      "revenue": 1654600000,
      "gross_profit": 511700000,
      "operating_income": 162400000,
      "net_income": 26600000,
      "opex": 349300000,
      "cogs": 1142900000,
      "rd": null,
      "sga": 303300000,
      "fcf": 142400000,
      "ocf": 180700000,
      "capex": -38300000,
      "gross_margin": 0.30925903541641486,
      "op_margin": 0.09815061041943672,
      "fcf_margin": 0.08606309682098393,
      "incr_op_margin_yoy": 0.6812781646866038,
      "rev_growth_yoy": 0.17305919886565047,
      "rev_growth_yoy_accel": -0.03216498536414855,
      "op_leverage_ratio": Infinity,
      "fcf_margin_change": 0.09895891749480744
    },
    {
      "date": "2023-03-31T00:00:00",
      "quarter_label": "2023-03 (Q1)",
      "revenue": 1521100000,
      "gross_profit": 495500000,
      "operating_income": 130300000,
      "net_income": 50300000,
      "opex": 365200000,
      "cogs": 1025600000,
      "rd": null,
      "sga": 308700000,
      "fcf": 14200000,
      "ocf": 42000000,
      "capex": -27800000,
      "gross_margin": 0.32575110117677997,
      "op_margin": 0.0856616921964368,
      "fcf_margin": 0.00933534941818421,
      "incr_op_margin_yoy": 0.4812174389909515,
      "rev_growth_yoy": 0.3153753026634383,
      "rev_growth_yoy_accel": 0.1423161037977878,
      "fcf_margin_change": -0.07672774740279972
    },
    {
      "date": "2023-06-30T00:00:00",
      "quarter_label": "2023-06 (Q2)",
      "revenue": 1734100000,
      "gross_profit": 594000000,
      "operating_income": 205800000,
      "net_income": 83200000,
      "opex": 388200000,
      "cogs": 1140100000,
      "rd": null,
      "sga": 327600000,
      "fcf": 227800000,
      "ocf": 253600000,
      "capex": -25800000,
      "gross_margin": 0.3425407992618649,
      "op_margin": 0.11867827691597947,
      "fcf_margin": 0.13136497318493742,
      "incr_op_margin_yoy": 0.5365999402449955,
      "rev_growth_yoy": 0.23917393168500786,
      "rev_growth_yoy_accel": -0.07620137097843041,
      "op_leverage_ratio": 2.2234367005570914,
      "fcf_margin_change": 0.12202962376675322
    },
    {
      "date": "2023-09-30T00:00:00",
      "quarter_label": "2023-09 (Q3)",
      "revenue": 1742600000,
      "gross_profit": 627600000,
      "operating_income": 250900000,
      "net_income": 94100000,
      "opex": 376700000,
      "cogs": 1115000000,
      "rd": null,
      "sga": 327200000,
      "fcf": 222200000,
      "ocf": 248700000,
      "capex": -26500000,
      "gross_margin": 0.36015149776196487,
      "op_margin": 0.14398025938253184,
      "fcf_margin": 0.12751061632044072,
      "incr_op_margin_yoy": 0.6535372848948374,
      "rev_growth_yoy": 0.17655796367564647,
      "rev_growth_yoy_accel": -0.0626159680093614,
      "fcf_margin_change": -0.0038543568644966997
    },
    {
      "date": "2023-12-31T00:00:00",
      "quarter_label": "2023-12 (Q4)",
      "revenue": 1865400000,
      "gross_profit": 683400000,
      "operating_income": 285200000,
      "net_income": 232600000,
      "opex": 398200000,
      "cogs": 1182000000,
      "rd": null,
      "sga": 348800000,
      "fcf": 308400000,
      "ocf": 356200000,
      "capex": -47800000,
      "gross_margin": 0.36635574139594723,
      "op_margin": 0.1528894607054787,
      "fcf_margin": 0.1653264715342554,
      "incr_op_margin_yoy": 0.5825426944971537,
      "rev_growth_yoy": 0.1274023933276925,
      "rev_growth_yoy_accel": -0.04915557034795398,
      "op_leverage_ratio": 1.234689677813692,
      "fcf_margin_change": 0.03781585521381467
    },
    {
      "date": "2024-03-31T00:00:00",
      "quarter_label": "2024-03 (Q1)",
      "revenue": 1639100000,
      "gross_profit": 566400000,
      "operating_income": 202600000,
      "net_income": -5900000,
      "opex": 363800000,
      "cogs": 1072700000,
      "rd": null,
      "sga": 314000000,
      "fcf": 101700000,
      "ocf": 137500000,
      "capex": -35800000,
      "gross_margin": 0.34555548776767736,
      "op_margin": 0.12360441705814167,
      "fcf_margin": 0.06204624489048868,
      "incr_op_margin_yoy": 0.6127118644067797,
      "rev_growth_yoy": 0.07757543882716456,
      "rev_growth_yoy_accel": -0.04982695450052793,
      "fcf_margin_change": -0.10328022664376671
    },
    {
      "date": "2024-06-30T00:00:00",
      "quarter_label": "2024-06 (Q2)",
      "revenue": 1952800000,
      "gross_profit": 741200000,
      "operating_income": 336000000,
      "net_income": 178100000,
      "opex": 405200000,
      "cogs": 1211600000,
      "rd": null,
      "sga": 363800000,
      "fcf": 347400000,
      "ocf": 381500000,
      "capex": -34100000,
      "gross_margin": 0.37955755837771404,
      "op_margin": 0.17206063088897994,
      "fcf_margin": 0.17789840229414175,
      "incr_op_margin_yoy": 0.5953360768175583,
      "rev_growth_yoy": 0.12611729427368665,
      "rev_growth_yoy_accel": 0.04854185544652209,
      "op_leverage_ratio": 1.6817886686372308,
      "fcf_margin_change": 0.11585215740365307
    },
    {
      "date": "2024-09-30T00:00:00",
      "quarter_label": "2024-09 (Q3)",
      "revenue": 2073500000,
      "gross_profit": 756400000,
      "operating_income": 371600000,
      "net_income": 176600000,
      "opex": 384800000,
      "cogs": 1317100000,
      "rd": null,
      "sga": 334600000,
      "fcf": 338700000,
      "ocf": 375100000,
      "capex": -36400000,
      "gross_margin": 0.3647938268627924,
      "op_margin": 0.17921388955871714,
      "fcf_margin": 0.16334699782975645,
      "incr_op_margin_yoy": 0.3647627682079178,
      "rev_growth_yoy": 0.18988867209916216,
      "rev_growth_yoy_accel": 0.06377137782547551,
      "op_leverage_ratio": Infinity,
      "fcf_margin_change": -0.014551404464385298
    },
    {
      "date": "2024-12-31T00:00:00",
      "quarter_label": "2024-12 (Q4)",
      "revenue": 2346400000,
      "gross_profit": 870200000,
      "operating_income": 457200000,
      "net_income": 147000000,
      "opex": 413000000,
      "cogs": 1476200000,
      "rd": null,
      "sga": 361600000,
      "fcf": 364500000,
      "ocf": 425200000,
      "capex": -60700000,
      "gross_margin": 0.37086600750085236,
      "op_margin": 0.19485168769178315,
      "fcf_margin": 0.15534435731333107,
      "incr_op_margin_yoy": 0.3575883575883576,
      "rev_growth_yoy": 0.2578535434759301,
      "rev_growth_yoy_accel": 0.06796487137676793,
      "op_leverage_ratio": 1.795913648591565,
      "fcf_margin_change": -0.00800264051642538
    },
    {
      "date": "2025-03-31T00:00:00",
      "quarter_label": "2025-03 (Q1)",
      "revenue": 2036000000,
      "gross_profit": 686500000,
      "operating_income": 290700000,
      "net_income": 164500000,
      "opex": 395800000,
      "cogs": 1349500000,
      "rd": null,
      "sga": 346300000,
      "fcf": 266800000,
      "ocf": 303300000,
      "capex": -36500000,
      "gross_margin": 0.33718074656188607,
      "op_margin": 0.14277996070726914,
      "fcf_margin": 0.13104125736738703,
      "incr_op_margin_yoy": 0.2219702695893172,
      "rev_growth_yoy": 0.2421450796168629,
      "rev_growth_yoy_accel": -0.015708463859067184,
      "fcf_margin_change": -0.02430309994594404
    },
    {
      "date": "2025-06-30T00:00:00",
      "quarter_label": "2025-06 (Q2)",
      "revenue": 2638100000,
      "gross_profit": 896600000,
      "operating_income": 442400000,
      "net_income": 324200000,
      "opex": 454200000,
      "cogs": 1741500000,
      "rd": null,
      "sga": 395600000,
      "fcf": 277900000,
      "ocf": 322900000,
      "capex": -45000000,
      "gross_margin": 0.33986581251658393,
      "op_margin": 0.16769644820135704,
      "fcf_margin": 0.10534096508851067,
      "incr_op_margin_yoy": 0.15526046986721145,
      "rev_growth_yoy": 0.350931995083982,
      "rev_growth_yoy_accel": 0.10878691546711908,
      "op_leverage_ratio": 2.0042587870387814,
      "fcf_margin_change": -0.025700292278876366
    },
    {
      "date": "2025-09-30T00:00:00",
      "quarter_label": "2025-09 (Q3)",
      "revenue": 2675800000,
      "gross_profit": 1010700000,
      "operating_income": 516700000,
      "net_income": 398500000,
      "opex": 494000000,
      "cogs": 1665100000,
      "rd": null,
      "sga": 414300000,
      "fcf": 463500000,
      "ocf": 508700000,
      "capex": -45200000,
      "gross_margin": 0.3777188130652515,
      "op_margin": 0.19310112863442708,
      "fcf_margin": 0.17321922415726138,
      "incr_op_margin_yoy": 0.24090984559189774,
      "rev_growth_yoy": 0.29047504219918013,
      "rev_growth_yoy_accel": -0.06045695288480185,
      "op_leverage_ratio": 0.16308505112271487,
      "fcf_margin_change": 0.06787825906875071
    }
  ],
  "signals": [
    {
      "quarter": "2025-09 (Q3)",
      "signal": "FCF MARGIN EXPANSION",
      "detail": "FCF margin: +10.5% -> +17.3% (+6.8%)",
      "severity": "MEDIUM"
    },
    {
      "quarter": "2025-09 (Q3)",
      "signal": "YoY REVENUE GROWTH DECELERATION",
      "detail": "YoY growth: +29.0% vs prior quarter YoY: +35.1% (decel: -6.0%)",
      "severity": "WARNING"
    },
    {
      "quarter": "2025-06 (Q2)",
      "signal": "OPERATING LEVERAGE",
      "detail": "Rev growth +29.6% vs OpEx growth +14.8% (leverage: 2.0x)",
      "severity": "MEDIUM"
    },
    {
      "quarter": "2025-06 (Q2)",
      "signal": "YoY REVENUE GROWTH ACCELERATION",
      "detail": "YoY growth: +35.1% vs prior quarter YoY: +24.2% (accel: +10.9%)",
      "severity": "MEDIUM"
    },
    {
      "quarter": "2024-12 (Q4)",
      "signal": "OPERATING LEVERAGE",
      "detail": "Rev growth +13.2% vs OpEx growth +7.3% (leverage: 1.8x)",
      "severity": "MEDIUM"
    },
    {
      "quarter": "2024-12 (Q4)",
      "signal": "YoY REVENUE GROWTH ACCELERATION",
      "detail": "YoY growth: +25.8% vs prior quarter YoY: +19.0% (accel: +6.8%)",
      "severity": "MEDIUM"
    },
    {
      "quarter": "2024-12 (Q4)",
      "signal": "INCREMENTAL MARGIN (YoY)",
      "detail": "YoY Incr OPM: +35.8% vs year-ago OPM: +15.3%",
      "severity": "HIGH"
    },
    {
      "quarter": "2024-09 (Q3)",
      "signal": "YoY REVENUE GROWTH ACCELERATION",
      "detail": "YoY growth: +19.0% vs prior quarter YoY: +12.6% (accel: +6.4%)",
      "severity": "MEDIUM"
    },
    {
      "quarter": "2024-09 (Q3)",
      "signal": "INCREMENTAL MARGIN (YoY)",
      "detail": "YoY Incr OPM: +36.5% vs year-ago OPM: +14.4%",
      "severity": "HIGH"
    },
    {
      "quarter": "2024-06 (Q2)",
      "signal": "FCF MARGIN EXPANSION",
      "detail": "FCF margin: +6.2% -> +17.8% (+11.6%)",
      "severity": "MEDIUM"
    },
    {
      "quarter": "2024-06 (Q2)",
      "signal": "OPERATING LEVERAGE",
      "detail": "Rev growth +19.1% vs OpEx growth +11.4% (leverage: 1.7x)",
      "severity": "MEDIUM"
    },
    {
      "quarter": "2024-06 (Q2)",
      "signal": "GROSS MARGIN INFLECTION",
      "detail": "GM: +36.6% -> +34.6% -> +38.0% (reversal +3.4%)",
      "severity": "MEDIUM"
    },
    {
      "quarter": "2024-06 (Q2)",
      "signal": "INCREMENTAL MARGIN (YoY)",
      "detail": "YoY Incr OPM: +59.5% vs year-ago OPM: +11.9%",
      "severity": "HIGH"
    },
    {
      "quarter": "2024-03 (Q1)",
      "signal": "INCREMENTAL MARGIN (YoY)",
      "detail": "YoY Incr OPM: +61.3% vs year-ago OPM: +8.6%",
      "severity": "HIGH"
    },
    {
      "quarter": "2023-12 (Q4)",
      "signal": "INCREMENTAL MARGIN (YoY)",
      "detail": "YoY Incr OPM: +58.3% vs year-ago OPM: +9.8%",
      "severity": "HIGH"
    },
    {
      "quarter": "2023-09 (Q3)",
      "signal": "YoY REVENUE GROWTH DECELERATION",
      "detail": "YoY growth: +17.7% vs prior quarter YoY: +23.9% (decel: -6.3%)",
      "severity": "WARNING"
    },
    {
      "quarter": "2023-09 (Q3)",
      "signal": "INCREMENTAL MARGIN (YoY)",
      "detail": "YoY Incr OPM: +65.4% vs year-ago OPM: +5.4%",
      "severity": "HIGH"
    },
    {
      "quarter": "2023-06 (Q2)",
      "signal": "FCF MARGIN EXPANSION",
      "detail": "FCF margin: +0.9% -> +13.1% (+12.2%)",
      "severity": "MEDIUM"
    },
    {
      "quarter": "2023-06 (Q2)",
      "signal": "OPERATING LEVERAGE",
      "detail": "Rev growth +14.0% vs OpEx growth +6.3% (leverage: 2.2x)",
      "severity": "MEDIUM"
    },
    {
      "quarter": "2023-06 (Q2)",
      "signal": "YoY REVENUE GROWTH DECELERATION",
      "detail": "YoY growth: +23.9% vs prior quarter YoY: +31.5% (decel: -7.6%)",
      "severity": "WARNING"
    },
    {
      "quarter": "2023-06 (Q2)",
      "signal": "INCREMENTAL MARGIN (YoY)",
      "detail": "YoY Incr OPM: +53.7% vs year-ago OPM: +1.9%",
      "severity": "HIGH"
    },
    {
      "quarter": "2023-03 (Q1)",
      "signal": "YoY REVENUE GROWTH ACCELERATION",
      "detail": "YoY growth: +31.5% vs prior quarter YoY: +17.3% (accel: +14.2%)",
      "severity": "MEDIUM"
    },
    {
      "quarter": "2023-03 (Q1)",
      "signal": "OP MARGIN TURNED POSITIVE (YoY)",
      "detail": "Op margin: -3.9% (year-ago) -> +8.6%",
      "severity": "HIGH"
    },
    {
      "quarter": "2022-12 (Q4)",
      "signal": "FCF TURNED POSITIVE",
      "detail": "FCF margin: -1.3% -> +8.6%",
      "severity": "HIGH"
    },
    {
      "quarter": "2022-12 (Q4)",
      "signal": "OP MARGIN TURNED POSITIVE (YoY)",
      "detail": "Op margin: -0.3% (year-ago) -> +9.8%",
      "severity": "HIGH"
    },
    {
      "quarter": "2022-09 (Q3)",
      "signal": "FCF MARGIN EXPANSION",
      "detail": "FCF margin: -16.3% -> -1.3% (+15.1%)",
      "severity": "MEDIUM"
    },
    {
      "quarter": "2022-09 (Q3)",
      "signal": "OPERATING LEVERAGE",
      "detail": "Rev growth +5.8% vs OpEx growth +1.2% (leverage: 5.0x)",
      "severity": "MEDIUM"
    },
    {
      "quarter": "2022-09 (Q3)",
      "signal": "YoY REVENUE GROWTH ACCELERATION",
      "detail": "YoY growth: +20.5% vs prior quarter YoY: +11.0% (accel: +9.5%)",
      "severity": "MEDIUM"
    },
    {
      "quarter": "2022-06 (Q2)",
      "signal": "YoY REVENUE GROWTH ACCELERATION",
      "detail": "YoY growth: +11.0% vs prior quarter YoY: +5.3% (accel: +5.8%)",
      "severity": "MEDIUM"
    },
    {
      "quarter": "2022-06 (Q2)",
      "signal": "OP MARGIN TURNED POSITIVE (QoQ)",
      "detail": "Op margin: -3.9% -> +1.9%",
      "severity": "HIGH"
    }
  ],
  "data_quality": {
    "n_quarters": 20,
    "coverage": {
      "revenue": [
        20,
        20
      ],
      "gross_profit": [
        20,
        20
      ],
      "op_income": [
        20,
        20
      ],
      "fcf": [
        20,
        20
      ]
    },
    "gaps": [],
    "warnings": []
  },
  "market_cap": null,
  "source": "SEC EDGAR",
  "last_updated": "2026-02-02T19:54:27.767890"
}