{
  "ticker": "VRTX",
  "name": "VERTEX PHARMACEUTICALS INC / MA",
  "quarters": [
    {
      "date": "2020-12-31T00:00:00",
      "quarter_label": "2020-12 (Q4)",
      "revenue": 1627820000,
      "gross_profit": 1424719000,
      "operating_income": 745792000,
      "net_income": 604190000,
      "opex": 882028000,
      "cogs": 203101000,
      "rd": 466584000,
      "sga": 211843000,
      "fcf": 443836000,
      "ocf": 491527000,
      "capex": -47691000,
      "gross_margin": 0.8752312909289724,
      "op_margin": 0.45815384993426794,
      "fcf_margin": 0.2726566819427209
    },
    {
      "date": "2021-03-31T00:00:00",
      "quarter_label": "2021-03 (Q1)",
      "revenue": 1724305000,
      "gross_profit": 1531976000,
      "operating_income": 887826000,
      "net_income": 653138000,
      "opex": 836479000,
      "cogs": 192329000,
      "rd": 455973000,
      "sga": 192077000,
      "fcf": 850100000,
      "ocf": 921000000,
      "capex": -70900000,
      "gross_margin": 0.8884599882271408,
      "op_margin": 0.5148891872377567,
      "fcf_margin": 0.49301022730897376,
      "op_leverage_ratio": Infinity,
      "fcf_margin_change": 0.22035354536625285
    },
    {
      "date": "2021-06-30T00:00:00",
      "quarter_label": "2021-06 (Q2)",
      "revenue": 1793370000,
      "gross_profit": 1565398000,
      "operating_income": -37961000,
      "net_income": 66924000,
      "opex": 1831331000,
      "cogs": 227972000,
      "rd": 1407090000,
      "sga": 194669000,
      "fcf": -249600000,
      "ocf": -199700000,
      "capex": -49900000,
      "gross_margin": 0.8728806660086875,
      "op_margin": -0.02116741107523824,
      "fcf_margin": -0.13917931046019505,
      "op_leverage_ratio": 0.03367755031243273,
      "fcf_margin_change": -0.6321895377691689
    },
    {
      "date": "2021-09-30T00:00:00",
      "quarter_label": "2021-09 (Q3)",
      "revenue": 1984164000,
      "gross_profit": 1747652000,
      "operating_income": 1054512000,
      "net_income": 851928000,
      "opex": 929652000,
      "cogs": 236512000,
      "rd": 493751000,
      "sga": 198189000,
      "fcf": 874800000,
      "ocf": 927200000,
      "capex": -52400000,
      "gross_margin": 0.8808001757919204,
      "op_margin": 0.5314641330051346,
      "fcf_margin": 0.4408909747379753,
      "op_leverage_ratio": Infinity,
      "fcf_margin_change": 0.5800702851981703
    },
    {
      "date": "2021-12-31T00:00:00",
      "quarter_label": "2021-12 (Q4)",
      "revenue": 2072561000,
      "gross_profit": 1825174000,
      "operating_income": 877723000,
      "net_income": 770110000,
      "opex": 1194838000,
      "cogs": 247387000,
      "rd": 694286000,
      "sga": 255165000,
      "fcf": 933200000,
      "ocf": 995000000,
      "capex": -61800000,
      "gross_margin": 0.880637047594739,
      "op_margin": 0.42349682349518303,
      "fcf_margin": 0.4502641900527898,
      "incr_op_margin_yoy": 0.2966468124144165,
      "rev_growth_yoy": 0.27321264021820596,
      "op_leverage_ratio": 0.1561815670312351,
      "fcf_margin_change": 0.009373215314814498
    },
    {
      "date": "2022-03-31T00:00:00",
      "quarter_label": "2022-03 (Q1)",
      "revenue": 2097500000,
      "gross_profit": 1851700000,
      "operating_income": 1040900000,
      "net_income": 762100000,
      "opex": 1056600000,
      "cogs": 245800000,
      "rd": 603100000,
      "sga": 215200000,
      "fcf": 892600000,
      "ocf": 956200000,
      "capex": -63600000,
      "gross_margin": 0.8828128724672228,
      "op_margin": 0.4962574493444577,
      "fcf_margin": 0.42555423122765196,
      "incr_op_margin_yoy": 0.4101716260935972,
      "rev_growth_yoy": 0.21643212772682327,
      "rev_growth_yoy_accel": -0.05678051249138269,
      "op_leverage_ratio": Infinity,
      "fcf_margin_change": -0.024709958825137823
    },
    {
      "date": "2022-06-30T00:00:00",
      "quarter_label": "2022-06 (Q2)",
      "revenue": 2196200000,
      "gross_profit": 1934400000,
      "operating_income": 1106300000,
      "net_income": 810500000,
      "opex": 1089900000,
      "cogs": 261800000,
      "rd": null,
      "sga": 215300000,
      "fcf": 1086500000,
      "ocf": 1139800000,
      "capex": -53300000,
      "gross_margin": 0.8807940988980967,
      "op_margin": 0.5037337218832529,
      "fcf_margin": 0.4947181495310081,
      "incr_op_margin_yoy": 2.8405555693468707,
      "rev_growth_yoy": 0.22462180141298227,
      "rev_growth_yoy_accel": 0.008189673686159,
      "op_leverage_ratio": 1.4930747672583191,
      "fcf_margin_change": 0.06916391830335616
    },
    {
      "date": "2022-09-30T00:00:00",
      "quarter_label": "2022-09 (Q3)",
      "revenue": 2334300000,
      "gross_profit": 2044900000,
      "operating_income": 1126700000,
      "net_income": 930500000,
      "opex": 1207600000,
      "cogs": 289400000,
      "rd": null,
      "sga": 246800000,
      "fcf": 901300000,
      "ocf": 955500000,
      "capex": -54200000,
      "gross_margin": 0.8760227905581973,
      "op_margin": 0.48267146467891875,
      "fcf_margin": 0.38611146810607033,
      "incr_op_margin_yoy": 0.2061713162885279,
      "rev_growth_yoy": 0.1764652518642612,
      "rev_growth_yoy_accel": -0.04815654954872106,
      "op_leverage_ratio": 0.5822801445023176,
      "fcf_margin_change": -0.10860668142493779
    },
    {
      "date": "2022-12-31T00:00:00",
      "quarter_label": "2022-12 (Q4)",
      "revenue": 2302700000,
      "gross_profit": 2019400000,
      "operating_income": 1033500000,
      "net_income": 818900000,
      "opex": 1269200000,
      "cogs": 283300000,
      "rd": null,
      "sga": 267400000,
      "fcf": 1044800000,
      "ocf": 1078400000,
      "capex": -33600000,
      "gross_margin": 0.8769705128761888,
      "op_margin": 0.44882094932036304,
      "fcf_margin": 0.45372823207538976,
      "incr_op_margin_yoy": 0.6768822320423744,
      "rev_growth_yoy": 0.11104088130578545,
      "rev_growth_yoy_accel": -0.06542437055847576,
      "fcf_margin_change": 0.06761676396931943
    },
    {
      "date": "2023-03-31T00:00:00",
      "quarter_label": "2023-03 (Q1)",
      "revenue": 2374800000,
      "gross_profit": 2107900000,
      "operating_income": 779000000,
      "net_income": 699800000,
      "opex": 1595800000,
      "cogs": 266900000,
      "rd": null,
      "sga": 241100000,
      "fcf": 857800000,
      "ocf": 899900000,
      "capex": -42100000,
      "gross_margin": 0.8876115883442817,
      "op_margin": 0.32802762337881086,
      "fcf_margin": 0.36120936499915784,
      "incr_op_margin_yoy": -0.9444644789037144,
      "rev_growth_yoy": 0.13220500595947557,
      "rev_growth_yoy_accel": 0.021164124653690122,
      "op_leverage_ratio": 0.12167792270055672,
      "fcf_margin_change": -0.09251886707623191
    },
    {
      "date": "2023-06-30T00:00:00",
      "quarter_label": "2023-06 (Q2)",
      "revenue": 2493200000,
      "gross_profit": 2184600000,
      "operating_income": 1026400000,
      "net_income": 915700000,
      "opex": 1466800000,
      "cogs": 308600000,
      "rd": null,
      "sga": 262600000,
      "fcf": 1074800000,
      "ocf": 1134400000,
      "capex": -59600000,
      "gross_margin": 0.8762233274506658,
      "op_margin": 0.41167976897160274,
      "fcf_margin": 0.43109257179528315,
      "incr_op_margin_yoy": -0.269023569023569,
      "rev_growth_yoy": 0.1352335852836718,
      "rev_growth_yoy_accel": 0.003028579324196229,
      "op_leverage_ratio": Infinity,
      "fcf_margin_change": 0.06988320679612531
    },
    {
      "date": "2023-09-30T00:00:00",
      "quarter_label": "2023-09 (Q3)",
      "revenue": 2483500000,
      "gross_profit": 2164800000,
      "operating_income": 1038100000,
      "net_income": 1035300000,
      "opex": 1445400000,
      "cogs": 318700000,
      "rd": null,
      "sga": 263800000,
      "fcf": 1227800000,
      "ocf": 1268400000,
      "capex": -40600000,
      "gross_margin": 0.8716730420777129,
      "op_margin": 0.4179987920273807,
      "fcf_margin": 0.4943829273203141,
      "incr_op_margin_yoy": -0.5938337801608579,
      "rev_growth_yoy": 0.06391637750074969,
      "rev_growth_yoy_accel": -0.07131720778292211,
      "fcf_margin_change": 0.06329035552503093
    },
    {
      "date": "2023-12-31T00:00:00",
      "quarter_label": "2023-12 (Q4)",
      "revenue": 2517700000,
      "gross_profit": 2149700000,
      "operating_income": 988500000,
      "net_income": 968800000,
      "opex": 1529200000,
      "cogs": 368000000,
      "rd": null,
      "sga": 369100000,
      "fcf": 176500000,
      "ocf": 234600000,
      "capex": -58100000,
      "gross_margin": 0.8538348492671883,
      "op_margin": 0.3926202486396314,
      "fcf_margin": 0.07010366604440561,
      "incr_op_margin_yoy": -0.20930232558139536,
      "rev_growth_yoy": 0.09336865418856126,
      "rev_growth_yoy_accel": 0.02945227668781157,
      "op_leverage_ratio": 0.23752316602223844,
      "fcf_margin_change": -0.4242792612759085
    },
    {
      "date": "2024-03-31T00:00:00",
      "quarter_label": "2024-03 (Q1)",
      "revenue": 2690600000,
      "gross_profit": 2348000000,
      "operating_income": 1139500000,
      "net_income": 1099600000,
      "opex": 1551100000,
      "cogs": 342600000,
      "rd": null,
      "sga": 342700000,
      "fcf": 1238200000,
      "ocf": 1306600000,
      "capex": -68400000,
      "gross_margin": 0.8726678064372259,
      "op_margin": 0.4235114844272653,
      "fcf_margin": 0.46019475209990335,
      "incr_op_margin_yoy": 1.141545281823939,
      "rev_growth_yoy": 0.13297961933636518,
      "rev_growth_yoy_accel": 0.03961096514780392,
      "op_leverage_ratio": 4.795249269872499,
      "fcf_margin_change": 0.39009108605549775
    },
    {
      "date": "2024-06-30T00:00:00",
      "quarter_label": "2024-06 (Q2)",
      "revenue": 2645600000,
      "gross_profit": 2273700000,
      "operating_income": -3514700000,
      "net_income": -3593600000,
      "opex": 6160300000,
      "cogs": 371900000,
      "rd": null,
      "sga": 372200000,
      "fcf": -3822600000,
      "ocf": -3753600000,
      "capex": -69000000,
      "gross_margin": 0.8594269730873904,
      "op_margin": -1.3285077109162382,
      "fcf_margin": -1.4448896280616874,
      "incr_op_margin_yoy": -29.79724409448819,
      "rev_growth_yoy": 0.06112626343654741,
      "rev_growth_yoy_accel": -0.07185335589981777,
      "fcf_margin_change": -1.9050843801615907
    },
    {
      "date": "2024-09-30T00:00:00",
      "quarter_label": "2024-09 (Q3)",
      "revenue": 2771900000,
      "gross_profit": 2379300000,
      "operating_income": 1116300000,
      "net_income": 1045400000,
      "opex": 1655600000,
      "cogs": 392600000,
      "rd": null,
      "sga": 371800000,
      "fcf": 1302100000,
      "ocf": 1369800000,
      "capex": -67700000,
      "gross_margin": 0.8583642988563801,
      "op_margin": 0.4027201558497781,
      "fcf_margin": 0.46974999098091563,
      "incr_op_margin_yoy": 0.2711511789181692,
      "rev_growth_yoy": 0.1161264344674854,
      "rev_growth_yoy_accel": 0.05500017103093799,
      "op_leverage_ratio": Infinity,
      "fcf_margin_change": 1.9146396190426032
    },
    {
      "date": "2024-12-31T00:00:00",
      "quarter_label": "2024-12 (Q4)",
      "revenue": 2912000000,
      "gross_profit": 2488600000,
      "operating_income": 1026000000,
      "net_income": 913000000,
      "opex": 1886000000,
      "cogs": 423400000,
      "rd": null,
      "sga": 377600000,
      "fcf": 492000000,
      "ocf": 584600000,
      "capex": -92600000,
      "gross_margin": 0.8546016483516483,
      "op_margin": 0.35233516483516486,
      "fcf_margin": 0.16895604395604397,
      "incr_op_margin_yoy": 0.0951052498097895,
      "rev_growth_yoy": 0.15661119275529253,
      "rev_growth_yoy_accel": 0.040484758287807135,
      "op_leverage_ratio": 0.36318969689863756,
      "fcf_margin_change": -0.30079394702487167
    },
    {
      "date": "2025-03-31T00:00:00",
      "quarter_label": "2025-03 (Q1)",
      "revenue": 2770200000,
      "gross_profit": 2407200000,
      "operating_income": 630100000,
      "net_income": 646300000,
      "opex": 2140100000,
      "cogs": 363000000,
      "rd": null,
      "sga": 396400000,
      "fcf": 778200000,
      "ocf": 818900000,
      "capex": -40700000,
      "gross_margin": 0.8689625297812432,
      "op_margin": 0.22745650133564363,
      "fcf_margin": 0.28091834524583065,
      "incr_op_margin_yoy": -6.399497487437186,
      "rev_growth_yoy": 0.02958447929829778,
      "rev_growth_yoy_accel": -0.12702671345699476,
      "fcf_margin_change": 0.11196230128978668
    },
    {
      "date": "2025-06-30T00:00:00",
      "quarter_label": "2025-06 (Q2)",
      "revenue": 2964700000,
      "gross_profit": 2557200000,
      "operating_income": 1151100000,
      "net_income": 1032900000,
      "opex": 1813600000,
      "cogs": 407500000,
      "rd": null,
      "sga": 424600000,
      "fcf": 927400000,
      "ocf": 1073100000,
      "capex": -145700000,
      "gross_margin": 0.8625493304550207,
      "op_margin": 0.3882686275171181,
      "fcf_margin": 0.31281411272641413,
      "incr_op_margin_yoy": 14.621748668129113,
      "rev_growth_yoy": 0.12061536135470215,
      "rev_growth_yoy_accel": 0.09103088205640436,
      "op_leverage_ratio": Infinity,
      "fcf_margin_change": 0.03189576748058348
    },
    {
      "date": "2025-09-30T00:00:00",
      "quarter_label": "2025-09 (Q3)",
      "revenue": 3076400000,
      "gross_profit": 2661600000,
      "operating_income": 1186200000,
      "net_income": 1082900000,
      "opex": 1890200000,
      "cogs": 414800000,
      "rd": null,
      "sga": 445100000,
      "fcf": 1139600000,
      "ocf": 1241400000,
      "capex": -101800000,
      "gross_margin": 0.8651670784033285,
      "op_margin": 0.38558054869327785,
      "fcf_margin": 0.3704329736055129,
      "incr_op_margin_yoy": 0.22955665024630542,
      "rev_growth_yoy": 0.10985244777950143,
      "rev_growth_yoy_accel": -0.01076291357520072,
      "op_leverage_ratio": 0.8920417011271268,
      "fcf_margin_change": 0.05761886087909879
    }
  ],
  "signals": [
    {
      "quarter": "2025-09 (Q3)",
      "signal": "FCF MARGIN EXPANSION",
      "detail": "FCF margin: +31.3% -> +37.0% (+5.8%)",
      "severity": "MEDIUM"
    },
    {
      "quarter": "2025-06 (Q2)",
      "signal": "YoY REVENUE GROWTH ACCELERATION",
      "detail": "YoY growth: +12.1% vs prior quarter YoY: +3.0% (accel: +9.1%)",
      "severity": "MEDIUM"
    },
    {
      "quarter": "2025-06 (Q2)",
      "signal": "OP MARGIN TURNED POSITIVE (YoY)",
      "detail": "Op margin: -132.9% (year-ago) -> +38.8%",
      "severity": "HIGH"
    },
    {
      "quarter": "2025-03 (Q1)",
      "signal": "FCF MARGIN EXPANSION",
      "detail": "FCF margin: +16.9% -> +28.1% (+11.2%)",
      "severity": "MEDIUM"
    },
    {
      "quarter": "2025-03 (Q1)",
      "signal": "YoY REVENUE GROWTH DECELERATION",
      "detail": "YoY growth: +3.0% vs prior quarter YoY: +15.7% (decel: -12.7%)",
      "severity": "WARNING"
    },
    {
      "quarter": "2024-09 (Q3)",
      "signal": "FCF TURNED POSITIVE",
      "detail": "FCF margin: -144.5% -> +47.0%",
      "severity": "HIGH"
    },
    {
      "quarter": "2024-09 (Q3)",
      "signal": "YoY REVENUE GROWTH ACCELERATION",
      "detail": "YoY growth: +11.6% vs prior quarter YoY: +6.1% (accel: +5.5%)",
      "severity": "MEDIUM"
    },
    {
      "quarter": "2024-09 (Q3)",
      "signal": "OP MARGIN TURNED POSITIVE (QoQ)",
      "detail": "Op margin: -132.9% -> +40.3%",
      "severity": "HIGH"
    },
    {
      "quarter": "2024-06 (Q2)",
      "signal": "YoY REVENUE GROWTH DECELERATION",
      "detail": "YoY growth: +6.1% vs prior quarter YoY: +13.3% (decel: -7.2%)",
      "severity": "WARNING"
    },
    {
      "quarter": "2024-03 (Q1)",
      "signal": "FCF MARGIN EXPANSION",
      "detail": "FCF margin: +7.0% -> +46.0% (+39.0%)",
      "severity": "MEDIUM"
    },
    {
      "quarter": "2024-03 (Q1)",
      "signal": "OPERATING LEVERAGE",
      "detail": "Rev growth +6.9% vs OpEx growth +1.4% (leverage: 4.8x)",
      "severity": "MEDIUM"
    },
    {
      "quarter": "2024-03 (Q1)",
      "signal": "INCREMENTAL MARGIN (YoY)",
      "detail": "YoY Incr OPM: +114.2% vs year-ago OPM: +32.8%",
      "severity": "HIGH"
    },
    {
      "quarter": "2023-09 (Q3)",
      "signal": "FCF MARGIN EXPANSION",
      "detail": "FCF margin: +43.1% -> +49.4% (+6.3%)",
      "severity": "MEDIUM"
    },
    {
      "quarter": "2023-09 (Q3)",
      "signal": "YoY REVENUE GROWTH DECELERATION",
      "detail": "YoY growth: +6.4% vs prior quarter YoY: +13.5% (decel: -7.1%)",
      "severity": "WARNING"
    },
    {
      "quarter": "2023-06 (Q2)",
      "signal": "FCF MARGIN EXPANSION",
      "detail": "FCF margin: +36.1% -> +43.1% (+7.0%)",
      "severity": "MEDIUM"
    },
    {
      "quarter": "2022-12 (Q4)",
      "signal": "FCF MARGIN EXPANSION",
      "detail": "FCF margin: +38.6% -> +45.4% (+6.8%)",
      "severity": "MEDIUM"
    },
    {
      "quarter": "2022-12 (Q4)",
      "signal": "YoY REVENUE GROWTH DECELERATION",
      "detail": "YoY growth: +11.1% vs prior quarter YoY: +17.6% (decel: -6.5%)",
      "severity": "WARNING"
    },
    {
      "quarter": "2022-12 (Q4)",
      "signal": "INCREMENTAL MARGIN (YoY)",
      "detail": "YoY Incr OPM: +67.7% vs year-ago OPM: +42.3%",
      "severity": "HIGH"
    },
    {
      "quarter": "2022-06 (Q2)",
      "signal": "FCF MARGIN EXPANSION",
      "detail": "FCF margin: +42.6% -> +49.5% (+6.9%)",
      "severity": "MEDIUM"
    },
    {
      "quarter": "2022-06 (Q2)",
      "signal": "OP MARGIN TURNED POSITIVE (YoY)",
      "detail": "Op margin: -2.1% (year-ago) -> +50.4%",
      "severity": "HIGH"
    },
    {
      "quarter": "2022-03 (Q1)",
      "signal": "YoY REVENUE GROWTH DECELERATION",
      "detail": "YoY growth: +21.6% vs prior quarter YoY: +27.3% (decel: -5.7%)",
      "severity": "WARNING"
    },
    {
      "quarter": "2021-09 (Q3)",
      "signal": "FCF TURNED POSITIVE",
      "detail": "FCF margin: -13.9% -> +44.1%",
      "severity": "HIGH"
    },
    {
      "quarter": "2021-09 (Q3)",
      "signal": "OP MARGIN TURNED POSITIVE (QoQ)",
      "detail": "Op margin: -2.1% -> +53.1%",
      "severity": "HIGH"
    },
    {
      "quarter": "2021-03 (Q1)",
      "signal": "FCF MARGIN EXPANSION",
      "detail": "FCF margin: +27.3% -> +49.3% (+22.0%)",
      "severity": "MEDIUM"
    }
  ],
  "data_quality": {
    "n_quarters": 20,
    "coverage": {
      "revenue": [
        20,
        20
      ],
      "gross_profit": [
        20,
        20
      ],
      "op_income": [
        20,
        20
      ],
      "fcf": [
        20,
        20
      ]
    },
    "gaps": [],
    "warnings": []
  },
  "market_cap": null,
  "source": "SEC EDGAR",
  "last_updated": "2026-02-02T19:48:40.476189"
}