{
  "ticker": "VSCO",
  "name": "VICTORIA'S SECRET & CO.",
  "quarters": [
    {
      "date": "2021-01-30T00:00:00",
      "quarter_label": "2021-01 (Q1)",
      "revenue": 2100000000,
      "gross_profit": 901000000,
      "operating_income": 388000000,
      "net_income": 284000000,
      "opex": 513000000,
      "cogs": 1199000000,
      "rd": null,
      "sga": 513000000,
      "fcf": 597000000,
      "ocf": 613000000,
      "capex": -16000000,
      "gross_margin": 0.42904761904761907,
      "op_margin": 0.18476190476190477,
      "fcf_margin": 0.2842857142857143
    },
    {
      "date": "2021-05-01T00:00:00",
      "quarter_label": "2021-05 (Q2)",
      "revenue": 1554000000,
      "gross_profit": 672000000,
      "operating_income": 226000000,
      "net_income": 174000000,
      "opex": 446000000,
      "cogs": 882000000,
      "rd": null,
      "sga": 446000000,
      "fcf": 83000000,
      "ocf": 102000000,
      "capex": -19000000,
      "gross_margin": 0.43243243243243246,
      "op_margin": 0.14543114543114544,
      "fcf_margin": 0.05341055341055341,
      "fcf_margin_change": -0.2308751608751609
    },
    {
      "date": "2021-07-31T00:00:00",
      "quarter_label": "2021-07 (Q3)",
      "revenue": 1614000000,
      "gross_profit": 670000000,
      "operating_income": 203000000,
      "net_income": 151000000,
      "opex": 467000000,
      "cogs": 944000000,
      "rd": null,
      "sga": 467000000,
      "fcf": 240000000,
      "ocf": 287000000,
      "capex": -47000000,
      "gross_margin": 0.41511771995043373,
      "op_margin": 0.12577447335811648,
      "fcf_margin": 0.14869888475836432,
      "op_leverage_ratio": 0.8200036771465343,
      "fcf_margin_change": 0.09528833134781091
    },
    {
      "date": "2021-10-30T00:00:00",
      "quarter_label": "2021-10 (Q4)",
      "revenue": 1441000000,
      "gross_profit": 565000000,
      "operating_income": 108000000,
      "net_income": 75000000,
      "opex": 457000000,
      "cogs": 876000000,
      "rd": null,
      "sga": 457000000,
      "fcf": -62000000,
      "ocf": -11000000,
      "capex": -51000000,
      "gross_margin": 0.39208882720333105,
      "op_margin": 0.07494795281054822,
      "fcf_margin": -0.04302567661346287,
      "fcf_margin_change": -0.1917245613718272
    },
    {
      "date": "2022-01-29T00:00:00",
      "quarter_label": "2022-01 (Q1)",
      "revenue": 2176000000,
      "gross_profit": 853000000,
      "operating_income": 333000000,
      "net_income": 246000000,
      "opex": 520000000,
      "cogs": 1323000000,
      "rd": null,
      "sga": 519000000,
      "fcf": 421000000,
      "ocf": 473000000,
      "capex": -52000000,
      "gross_margin": 0.39200367647058826,
      "op_margin": 0.15303308823529413,
      "fcf_margin": 0.19347426470588236,
      "incr_op_margin_yoy": -0.7236842105263158,
      "rev_growth_yoy": 0.03619047619047619,
      "op_leverage_ratio": 3.6999768679157996,
      "fcf_margin_change": 0.23649994131934524
    },
    {
      "date": "2022-04-30T00:00:00",
      "quarter_label": "2022-04 (Q2)",
      "revenue": 1484000000,
      "gross_profit": 522000000,
      "operating_income": 94000000,
      "net_income": 81000000,
      "opex": 428000000,
      "cogs": 962000000,
      "rd": null,
      "sga": 428000000,
      "fcf": -167000000,
      "ocf": -146000000,
      "capex": -21000000,
      "gross_margin": 0.35175202156334234,
      "op_margin": 0.06334231805929919,
      "fcf_margin": -0.11253369272237197,
      "incr_op_margin_yoy": 1.8857142857142857,
      "rev_growth_yoy": -0.04504504504504504,
      "rev_growth_yoy_accel": -0.08123552123552123,
      "fcf_margin_change": -0.3060079574282543
    },
    {
      "date": "2022-07-30T00:00:00",
      "quarter_label": "2022-07 (Q3)",
      "revenue": 1521000000,
      "gross_profit": 535000000,
      "operating_income": 98000000,
      "net_income": 70000000,
      "opex": 437000000,
      "cogs": 986000000,
      "rd": null,
      "sga": 437000000,
      "fcf": 58000000,
      "ocf": 95000000,
      "capex": -37000000,
      "gross_margin": 0.3517422748191979,
      "op_margin": 0.06443129520052597,
      "fcf_margin": 0.0381328073635766,
      "incr_op_margin_yoy": 1.1290322580645162,
      "rev_growth_yoy": -0.05762081784386617,
      "rev_growth_yoy_accel": -0.012575772798821126,
      "op_leverage_ratio": 1.185684336627733,
      "fcf_margin_change": 0.15066650008594856
    },
    {
      "date": "2022-10-29T00:00:00",
      "quarter_label": "2022-10 (Q4)",
      "revenue": 1318000000,
      "gross_profit": 457000000,
      "operating_income": 43000000,
      "net_income": 24000000,
      "opex": 414000000,
      "cogs": 861000000,
      "rd": null,
      "sga": 414000000,
      "fcf": -295000000,
      "ocf": -228000000,
      "capex": -67000000,
      "gross_margin": 0.34673748103186647,
      "op_margin": 0.032625189681335355,
      "fcf_margin": -0.22382397572078908,
      "incr_op_margin_yoy": 0.5284552845528455,
      "rev_growth_yoy": -0.08535739070090215,
      "rev_growth_yoy_accel": -0.027736572857035978,
      "fcf_margin_change": -0.26195678308436565
    },
    {
      "date": "2023-01-28T00:00:00",
      "quarter_label": "2023-01 (Q1)",
      "revenue": 2021000000,
      "gross_profit": 744000000,
      "operating_income": 244000000,
      "net_income": 173000000,
      "opex": 500000000,
      "cogs": 1277000000,
      "rd": null,
      "sga": 500000000,
      "fcf": 677000000,
      "ocf": 716000000,
      "capex": -39000000,
      "gross_margin": 0.3681345868381989,
      "op_margin": 0.12073231073725878,
      "fcf_margin": 0.3349826818406729,
      "incr_op_margin_yoy": 0.5741935483870968,
      "rev_growth_yoy": -0.07123161764705882,
      "rev_growth_yoy_accel": 0.014125773053843327,
      "op_leverage_ratio": 2.5676853583653876,
      "fcf_margin_change": 0.558806657561462
    },
    {
      "date": "2023-04-29T00:00:00",
      "quarter_label": "2023-04 (Q2)",
      "revenue": 1407000000,
      "gross_profit": 502000000,
      "operating_income": 28000000,
      "net_income": 1000000,
      "opex": 474000000,
      "cogs": 905000000,
      "rd": null,
      "sga": 474000000,
      "fcf": -163000000,
      "ocf": -108000000,
      "capex": -55000000,
      "gross_margin": 0.35678749111584934,
      "op_margin": 0.01990049751243781,
      "fcf_margin": -0.11584932480454868,
      "incr_op_margin_yoy": 0.8571428571428571,
      "rev_growth_yoy": -0.05188679245283019,
      "rev_growth_yoy_accel": 0.01934482519422863,
      "fcf_margin_change": -0.4508320066452216
    },
    {
      "date": "2023-07-29T00:00:00",
      "quarter_label": "2023-07 (Q3)",
      "revenue": 1427000000,
      "gross_profit": 487000000,
      "operating_income": 26000000,
      "net_income": -1000000,
      "opex": 461000000,
      "cogs": 940000000,
      "rd": null,
      "sga": 461000000,
      "fcf": 0,
      "ocf": 89000000,
      "capex": -89000000,
      "gross_margin": 0.34127540294323755,
      "op_margin": 0.018220042046250877,
      "fcf_margin": 0.0,
      "incr_op_margin_yoy": 0.7659574468085106,
      "rev_growth_yoy": -0.06180144641683103,
      "rev_growth_yoy_accel": -0.00991465396400084,
      "op_leverage_ratio": Infinity,
      "fcf_margin_change": 0.11584932480454868
    },
    {
      "date": "2023-10-28T00:00:00",
      "quarter_label": "2023-10 (Q4)",
      "revenue": 1265000000,
      "gross_profit": 427000000,
      "operating_income": -67000000,
      "net_income": -71000000,
      "opex": 494000000,
      "cogs": 838000000,
      "rd": null,
      "sga": 494000000,
      "fcf": -261000000,
      "ocf": -181000000,
      "capex": -80000000,
      "gross_margin": 0.3375494071146245,
      "op_margin": -0.052964426877470355,
      "fcf_margin": -0.20632411067193676,
      "incr_op_margin_yoy": 2.0754716981132075,
      "rev_growth_yoy": -0.04021244309559939,
      "rev_growth_yoy_accel": 0.02158900332123164,
      "fcf_margin_change": -0.20632411067193676
    },
    {
      "date": "2024-02-03T00:00:00",
      "quarter_label": "2024-02 (Q1)",
      "revenue": 2083000000,
      "gross_profit": 826000000,
      "operating_income": 259000000,
      "net_income": 181000000,
      "opex": 567000000,
      "cogs": 1257000000,
      "rd": null,
      "sga": 567000000,
      "fcf": 557000000,
      "ocf": 589000000,
      "capex": -32000000,
      "gross_margin": 0.3965434469515122,
      "op_margin": 0.1243398943831013,
      "fcf_margin": 0.2674027844455113,
      "incr_op_margin_yoy": 0.24193548387096775,
      "rev_growth_yoy": 0.030677882236516577,
      "rev_growth_yoy_accel": 0.07089032533211596,
      "op_leverage_ratio": 4.375894742541556,
      "fcf_margin_change": 0.47372689511744803
    },
    {
      "date": "2024-05-04T00:00:00",
      "quarter_label": "2024-05 (Q2)",
      "revenue": 1359000000,
      "gross_profit": 501000000,
      "operating_income": 26000000,
      "net_income": -4000000,
      "opex": 475000000,
      "cogs": 858000000,
      "rd": null,
      "sga": 475000000,
      "fcf": -155000000,
      "ocf": -116000000,
      "capex": -39000000,
      "gross_margin": 0.3686534216335541,
      "op_margin": 0.01913171449595291,
      "fcf_margin": -0.11405445180279618,
      "incr_op_margin_yoy": 0.041666666666666664,
      "rev_growth_yoy": -0.03411513859275053,
      "rev_growth_yoy_accel": -0.0647930208292671,
      "fcf_margin_change": -0.38145723624830746
    },
    {
      "date": "2024-08-03T00:00:00",
      "quarter_label": "2024-08 (Q3)",
      "revenue": 1417000000,
      "gross_profit": 501000000,
      "operating_income": 62000000,
      "net_income": 32000000,
      "opex": 439000000,
      "cogs": 916000000,
      "rd": null,
      "sga": 439000000,
      "fcf": 55000000,
      "ocf": 115000000,
      "capex": -60000000,
      "gross_margin": 0.35356386732533523,
      "op_margin": 0.043754410726887794,
      "fcf_margin": 0.03881439661256175,
      "incr_op_margin_yoy": -3.6,
      "rev_growth_yoy": -0.00700770847932726,
      "rev_growth_yoy_accel": 0.027107430113423273,
      "op_leverage_ratio": Infinity,
      "fcf_margin_change": 0.15286884841535792
    },
    {
      "date": "2024-11-02T00:00:00",
      "quarter_label": "2024-11 (Q4)",
      "revenue": 1347000000,
      "gross_profit": 468000000,
      "operating_income": -47000000,
      "net_income": -56000000,
      "opex": 515000000,
      "cogs": 879000000,
      "rd": null,
      "sga": 515000000,
      "fcf": -299000000,
      "ocf": -248000000,
      "capex": -51000000,
      "gross_margin": 0.34743875278396436,
      "op_margin": -0.034892353377876766,
      "fcf_margin": -0.22197475872308833,
      "incr_op_margin_yoy": 0.24390243902439024,
      "rev_growth_yoy": 0.06482213438735178,
      "rev_growth_yoy_accel": 0.07182984286667904,
      "fcf_margin_change": -0.26078915533565006
    },
    {
      "date": "2025-02-01T00:00:00",
      "quarter_label": "2025-02 (Q1)",
      "revenue": 2106000000,
      "gross_profit": 813000000,
      "operating_income": 268000000,
      "net_income": 193000000,
      "opex": 545000000,
      "cogs": 1293000000,
      "rd": null,
      "sga": 545000000,
      "fcf": 646000000,
      "ocf": 674000000,
      "capex": -28000000,
      "gross_margin": 0.38603988603988604,
      "op_margin": 0.12725546058879392,
      "fcf_margin": 0.3067426400759734,
      "incr_op_margin_yoy": 0.391304347826087,
      "rev_growth_yoy": 0.011041766682669226,
      "rev_growth_yoy_accel": -0.05378036770468255,
      "op_leverage_ratio": 9.67297698589458,
      "fcf_margin_change": 0.5287173987990618
    },
    {
      "date": "2025-05-03T00:00:00",
      "quarter_label": "2025-05 (Q2)",
      "revenue": 1353000000,
      "gross_profit": 474000000,
      "operating_income": 20000000,
      "net_income": -2000000,
      "opex": 454000000,
      "cogs": 558000000,
      "rd": null,
      "sga": 454000000,
      "fcf": -193000000,
      "ocf": -150000000,
      "capex": -43000000,
      "gross_margin": 0.35033259423503327,
      "op_margin": 0.014781966001478197,
      "fcf_margin": -0.1426459719142646,
      "incr_op_margin_yoy": 1.0,
      "rev_growth_yoy": -0.004415011037527594,
      "rev_growth_yoy_accel": -0.01545677772019682,
      "fcf_margin_change": -0.449388611990238
    },
    {
      "date": "2025-08-02T00:00:00",
      "quarter_label": "2025-08 (Q3)",
      "revenue": 1459000000,
      "gross_profit": 519000000,
      "operating_income": 41000000,
      "net_income": 16000000,
      "opex": 478000000,
      "cogs": 610000000,
      "rd": null,
      "sga": 478000000,
      "fcf": 88000000,
      "ocf": 156000000,
      "capex": -68000000,
      "gross_margin": 0.3557230980123372,
      "op_margin": 0.02810143934201508,
      "fcf_margin": 0.06031528444139822,
      "incr_op_margin_yoy": -0.5,
      "rev_growth_yoy": 0.029640084685956247,
      "rev_growth_yoy_accel": 0.03405509572348384,
      "op_leverage_ratio": 1.4820152746982014,
      "fcf_margin_change": 0.2029612563556628
    },
    {
      "date": "2025-11-01T00:00:00",
      "quarter_label": "2025-11 (Q4)",
      "revenue": 1472000000,
      "gross_profit": 536000000,
      "operating_income": -19000000,
      "net_income": -37000000,
      "opex": 555000000,
      "cogs": 605000000,
      "rd": null,
      "sga": 555000000,
      "fcf": -232000000,
      "ocf": -180000000,
      "capex": -52000000,
      "gross_margin": 0.3641304347826087,
      "op_margin": -0.012907608695652174,
      "fcf_margin": -0.15760869565217392,
      "incr_op_margin_yoy": 0.224,
      "rev_growth_yoy": 0.09279881217520415,
      "rev_growth_yoy_accel": 0.0631587274892479,
      "fcf_margin_change": -0.21792398009357214
    }
  ],
  "signals": [
    {
      "quarter": "2025-11 (Q4)",
      "signal": "YoY REVENUE GROWTH ACCELERATION",
      "detail": "YoY growth: +9.3% vs prior quarter YoY: +3.0% (accel: +6.3%)",
      "severity": "MEDIUM"
    },
    {
      "quarter": "2025-08 (Q3)",
      "signal": "FCF TURNED POSITIVE",
      "detail": "FCF margin: -14.3% -> +6.0%",
      "severity": "HIGH"
    },
    {
      "quarter": "2025-05 (Q2)",
      "signal": "INCREMENTAL MARGIN (YoY)",
      "detail": "YoY Incr OPM: +100.0% vs year-ago OPM: +1.9%",
      "severity": "HIGH"
    },
    {
      "quarter": "2025-02 (Q1)",
      "signal": "FCF TURNED POSITIVE",
      "detail": "FCF margin: -22.2% -> +30.7%",
      "severity": "HIGH"
    },
    {
      "quarter": "2025-02 (Q1)",
      "signal": "OPERATING LEVERAGE",
      "detail": "Rev growth +56.3% vs OpEx growth +5.8% (leverage: 9.7x)",
      "severity": "MEDIUM"
    },
    {
      "quarter": "2025-02 (Q1)",
      "signal": "GROSS MARGIN INFLECTION",
      "detail": "GM: +35.4% -> +34.7% -> +38.6% (reversal +3.9%)",
      "severity": "MEDIUM"
    },
    {
      "quarter": "2025-02 (Q1)",
      "signal": "YoY REVENUE GROWTH DECELERATION",
      "detail": "YoY growth: +1.1% vs prior quarter YoY: +6.5% (decel: -5.4%)",
      "severity": "WARNING"
    },
    {
      "quarter": "2025-02 (Q1)",
      "signal": "INCREMENTAL MARGIN (YoY)",
      "detail": "YoY Incr OPM: +39.1% vs year-ago OPM: +12.4%",
      "severity": "HIGH"
    },
    {
      "quarter": "2025-02 (Q1)",
      "signal": "OP MARGIN TURNED POSITIVE (QoQ)",
      "detail": "Op margin: -3.5% -> +12.7%",
      "severity": "HIGH"
    },
    {
      "quarter": "2024-11 (Q4)",
      "signal": "YoY REVENUE GROWTH ACCELERATION",
      "detail": "YoY growth: +6.5% vs prior quarter YoY: -0.7% (accel: +7.2%)",
      "severity": "MEDIUM"
    },
    {
      "quarter": "2024-08 (Q3)",
      "signal": "FCF TURNED POSITIVE",
      "detail": "FCF margin: -11.4% -> +3.9%",
      "severity": "HIGH"
    },
    {
      "quarter": "2024-05 (Q2)",
      "signal": "YoY REVENUE GROWTH DECELERATION",
      "detail": "YoY growth: -3.4% vs prior quarter YoY: +3.1% (decel: -6.5%)",
      "severity": "WARNING"
    },
    {
      "quarter": "2024-02 (Q1)",
      "signal": "FCF TURNED POSITIVE",
      "detail": "FCF margin: -20.6% -> +26.7%",
      "severity": "HIGH"
    },
    {
      "quarter": "2024-02 (Q1)",
      "signal": "OPERATING LEVERAGE",
      "detail": "Rev growth +64.7% vs OpEx growth +14.8% (leverage: 4.4x)",
      "severity": "MEDIUM"
    },
    {
      "quarter": "2024-02 (Q1)",
      "signal": "GROSS MARGIN INFLECTION",
      "detail": "GM: +34.1% -> +33.8% -> +39.7% (reversal +5.9%)",
      "severity": "HIGH"
    },
    {
      "quarter": "2024-02 (Q1)",
      "signal": "YoY REVENUE GROWTH ACCELERATION",
      "detail": "YoY growth: +3.1% vs prior quarter YoY: -4.0% (accel: +7.1%)",
      "severity": "MEDIUM"
    },
    {
      "quarter": "2024-02 (Q1)",
      "signal": "INCREMENTAL MARGIN (YoY)",
      "detail": "YoY Incr OPM: +24.2% vs year-ago OPM: +12.1%",
      "severity": "MEDIUM"
    },
    {
      "quarter": "2024-02 (Q1)",
      "signal": "OP MARGIN TURNED POSITIVE (QoQ)",
      "detail": "Op margin: -5.3% -> +12.4%",
      "severity": "HIGH"
    },
    {
      "quarter": "2023-07 (Q3)",
      "signal": "FCF MARGIN EXPANSION",
      "detail": "FCF margin: -11.6% -> +0.0% (+11.6%)",
      "severity": "MEDIUM"
    },
    {
      "quarter": "2023-07 (Q3)",
      "signal": "INCREMENTAL MARGIN (YoY)",
      "detail": "YoY Incr OPM: +76.6% vs year-ago OPM: +6.4%",
      "severity": "HIGH"
    },
    {
      "quarter": "2023-04 (Q2)",
      "signal": "INCREMENTAL MARGIN (YoY)",
      "detail": "YoY Incr OPM: +85.7% vs year-ago OPM: +6.3%",
      "severity": "HIGH"
    },
    {
      "quarter": "2023-01 (Q1)",
      "signal": "FCF TURNED POSITIVE",
      "detail": "FCF margin: -22.4% -> +33.5%",
      "severity": "HIGH"
    },
    {
      "quarter": "2023-01 (Q1)",
      "signal": "OPERATING LEVERAGE",
      "detail": "Rev growth +53.3% vs OpEx growth +20.8% (leverage: 2.6x)",
      "severity": "MEDIUM"
    },
    {
      "quarter": "2023-01 (Q1)",
      "signal": "GROSS MARGIN INFLECTION",
      "detail": "GM: +35.2% -> +34.7% -> +36.8% (reversal +2.1%)",
      "severity": "MEDIUM"
    },
    {
      "quarter": "2023-01 (Q1)",
      "signal": "INCREMENTAL MARGIN (YoY)",
      "detail": "YoY Incr OPM: +57.4% vs year-ago OPM: +15.3%",
      "severity": "HIGH"
    },
    {
      "quarter": "2022-10 (Q4)",
      "signal": "INCREMENTAL MARGIN (YoY)",
      "detail": "YoY Incr OPM: +52.8% vs year-ago OPM: +7.5%",
      "severity": "HIGH"
    },
    {
      "quarter": "2022-07 (Q3)",
      "signal": "FCF TURNED POSITIVE",
      "detail": "FCF margin: -11.3% -> +3.8%",
      "severity": "HIGH"
    },
    {
      "quarter": "2022-07 (Q3)",
      "signal": "INCREMENTAL MARGIN (YoY)",
      "detail": "YoY Incr OPM: +112.9% vs year-ago OPM: +12.6%",
      "severity": "HIGH"
    },
    {
      "quarter": "2022-04 (Q2)",
      "signal": "YoY REVENUE GROWTH DECELERATION",
      "detail": "YoY growth: -4.5% vs prior quarter YoY: +3.6% (decel: -8.1%)",
      "severity": "WARNING"
    },
    {
      "quarter": "2022-04 (Q2)",
      "signal": "INCREMENTAL MARGIN (YoY)",
      "detail": "YoY Incr OPM: +188.6% vs year-ago OPM: +14.5%",
      "severity": "HIGH"
    },
    {
      "quarter": "2022-01 (Q1)",
      "signal": "FCF TURNED POSITIVE",
      "detail": "FCF margin: -4.3% -> +19.3%",
      "severity": "HIGH"
    },
    {
      "quarter": "2022-01 (Q1)",
      "signal": "OPERATING LEVERAGE",
      "detail": "Rev growth +51.0% vs OpEx growth +13.8% (leverage: 3.7x)",
      "severity": "MEDIUM"
    },
    {
      "quarter": "2021-07 (Q3)",
      "signal": "FCF MARGIN EXPANSION",
      "detail": "FCF margin: +5.3% -> +14.9% (+9.5%)",
      "severity": "MEDIUM"
    }
  ],
  "data_quality": {
    "n_quarters": 20,
    "coverage": {
      "revenue": [
        20,
        20
      ],
      "gross_profit": [
        20,
        20
      ],
      "op_income": [
        20,
        20
      ],
      "fcf": [
        20,
        20
      ]
    },
    "gaps": [],
    "warnings": []
  },
  "market_cap": null,
  "source": "SEC EDGAR",
  "last_updated": "2026-02-02T21:09:20.093785"
}