{
  "ticker": "VTRS",
  "name": "VIATRIS INC.",
  "quarters": [
    {
      "date": "2020-12-31T00:00:00",
      "quarter_label": "2020-12 (Q4)",
      "revenue": 3623500000,
      "gross_profit": 706400000,
      "operating_income": -881100000,
      "net_income": null,
      "opex": 4007500000,
      "cogs": 2917100000,
      "rd": 154800000,
      "sga": 1361400000,
      "fcf": -80700000,
      "ocf": 36200000,
      "capex": -116900000,
      "gross_margin": 0.1949496343314475,
      "op_margin": -0.24316268800883123,
      "fcf_margin": -0.022271284669518422
    },
    {
      "date": "2021-03-31T00:00:00",
      "quarter_label": "2021-03 (Q1)",
      "revenue": 4430300000,
      "gross_profit": 1127300000,
      "operating_income": -266200000,
      "net_income": null,
      "opex": 1393500000,
      "cogs": 3303000000,
      "rd": 184100000,
      "sga": 1186500000,
      "fcf": 799300000,
      "ocf": 848800000,
      "capex": -49500000,
      "gross_margin": 0.25445229442701395,
      "op_margin": -0.06008622440918222,
      "fcf_margin": 0.18041667607159786,
      "op_leverage_ratio": Infinity,
      "fcf_margin_change": 0.20268796074111628
    },
    {
      "date": "2021-06-30T00:00:00",
      "quarter_label": "2021-06 (Q2)",
      "revenue": 4577800000,
      "gross_profit": 1327700000,
      "operating_income": -47800000,
      "net_income": null,
      "opex": 1375500000,
      "cogs": 3250100000,
      "rd": 147700000,
      "sga": 1204800000,
      "fcf": 470100000,
      "ocf": 559400000,
      "capex": -89300000,
      "gross_margin": 0.29003014548473066,
      "op_margin": -0.010441696884966578,
      "fcf_margin": 0.10269124907160646,
      "op_leverage_ratio": Infinity,
      "fcf_margin_change": -0.07772542699999141
    },
    {
      "date": "2021-09-30T00:00:00",
      "quarter_label": "2021-09 (Q3)",
      "revenue": 4536600000,
      "gross_profit": 1574100000,
      "operating_income": 357600000,
      "net_income": null,
      "opex": 1216500000,
      "cogs": 2962500000,
      "rd": 152100000,
      "sga": 1055000000,
      "fcf": 964600000,
      "ocf": 1085600000,
      "capex": -121000000,
      "gross_margin": 0.3469779129744743,
      "op_margin": 0.07882555217563815,
      "fcf_margin": 0.2126261958294758,
      "fcf_margin_change": 0.10993494675786936
    },
    {
      "date": "2021-12-31T00:00:00",
      "quarter_label": "2021-12 (Q4)",
      "revenue": 4341600000,
      "gross_profit": 1546400000,
      "operating_income": -77600000,
      "net_income": null,
      "opex": 1624000000,
      "cogs": 2795200000,
      "rd": 267200000,
      "sga": 1082900000,
      "fcf": 325700000,
      "ocf": 523100000,
      "capex": -197400000,
      "gross_margin": 0.3561820526994656,
      "op_margin": -0.017873594988022847,
      "fcf_margin": 0.0750184263865856,
      "incr_op_margin_yoy": 1.1189249408160424,
      "rev_growth_yoy": 0.19817855664412862,
      "fcf_margin_change": -0.13760776944289022
    },
    {
      "date": "2022-03-31T00:00:00",
      "quarter_label": "2022-03 (Q1)",
      "revenue": 4191700000,
      "gross_profit": 1771200000,
      "operating_income": 707400000,
      "net_income": null,
      "opex": 1063800000,
      "cogs": 2420500000,
      "rd": 142300000,
      "sga": 915300000,
      "fcf": 1074000000,
      "ocf": 1138500000,
      "capex": -64500000,
      "gross_margin": 0.4225493236634301,
      "op_margin": 0.168762077438748,
      "fcf_margin": 0.2562206264761314,
      "incr_op_margin_yoy": -4.080469404861693,
      "rev_growth_yoy": -0.05385639798659233,
      "rev_growth_yoy_accel": -0.25203495463072095,
      "fcf_margin_change": 0.18120220008954582
    },
    {
      "date": "2022-06-30T00:00:00",
      "quarter_label": "2022-06 (Q2)",
      "revenue": 4116800000,
      "gross_profit": 1703300000,
      "operating_income": 548700000,
      "net_income": null,
      "opex": 1154600000,
      "cogs": 2413500000,
      "rd": 162600000,
      "sga": 981100000,
      "fcf": 718600000,
      "ocf": 802500000,
      "capex": -83900000,
      "gross_margin": 0.4137436844150797,
      "op_margin": 0.13328313253012047,
      "fcf_margin": 0.17455305091333073,
      "incr_op_margin_yoy": -1.2939262472885034,
      "rev_growth_yoy": -0.10070339464371532,
      "rev_growth_yoy_accel": -0.04684699665712299,
      "fcf_margin_change": -0.08166757556280069
    },
    {
      "date": "2022-09-30T00:00:00",
      "quarter_label": "2022-09 (Q3)",
      "revenue": 4078200000,
      "gross_profit": 1748400000,
      "operating_income": 560100000,
      "net_income": null,
      "opex": 1188300000,
      "cogs": 2329800000,
      "rd": 174900000,
      "sga": 1017300000,
      "fcf": 765100000,
      "ocf": 869000000,
      "capex": -103900000,
      "gross_margin": 0.4287185523024864,
      "op_margin": 0.13734000294247461,
      "fcf_margin": 0.187607277720563,
      "incr_op_margin_yoy": -0.44175392670157065,
      "rev_growth_yoy": -0.10104483533924084,
      "rev_growth_yoy_accel": -0.0003414406955255245,
      "fcf_margin_change": 0.013054226807232255
    },
    {
      "date": "2022-12-31T00:00:00",
      "quarter_label": "2022-12 (Q4)",
      "revenue": 3876000000,
      "gross_profit": 1274100000,
      "operating_income": -201300000,
      "net_income": null,
      "opex": 1475400000,
      "cogs": 2601900000,
      "rd": null,
      "sga": 1265400000,
      "fcf": 35300000,
      "ocf": 189000000,
      "capex": -153700000,
      "gross_margin": 0.3287151702786378,
      "op_margin": -0.051934984520123836,
      "fcf_margin": 0.009107327141382869,
      "incr_op_margin_yoy": 0.2656786941580756,
      "rev_growth_yoy": -0.10724156992813709,
      "rev_growth_yoy_accel": -0.006196734588896247,
      "fcf_margin_change": -0.1784999505791801
    },
    {
      "date": "2023-03-31T00:00:00",
      "quarter_label": "2023-03 (Q1)",
      "revenue": 3729100000,
      "gross_profit": 1542200000,
      "operating_income": 399800000,
      "net_income": null,
      "opex": 1142400000,
      "cogs": 2186900000,
      "rd": 182900000,
      "sga": 958900000,
      "fcf": 923400000,
      "ocf": 971200000,
      "capex": -47800000,
      "gross_margin": 0.41355823120860263,
      "op_margin": 0.10721085516612587,
      "fcf_margin": 0.24762006918559437,
      "incr_op_margin_yoy": 0.6649373108517077,
      "rev_growth_yoy": -0.11036095140396499,
      "rev_growth_yoy_accel": -0.0031193814758278954,
      "fcf_margin_change": 0.2385127420442115
    },
    {
      "date": "2023-06-30T00:00:00",
      "quarter_label": "2023-06 (Q2)",
      "revenue": 3918600000,
      "gross_profit": 1608600000,
      "operating_income": 369200000,
      "net_income": null,
      "opex": 1239400000,
      "cogs": 2310000000,
      "rd": 208300000,
      "sga": 1031900000,
      "fcf": 457300000,
      "ocf": 525100000,
      "capex": -67800000,
      "gross_margin": 0.4105037513397642,
      "op_margin": 0.09421732251314245,
      "fcf_margin": 0.11669984178022763,
      "incr_op_margin_yoy": 0.9056508577194753,
      "rev_growth_yoy": -0.048144189661873296,
      "rev_growth_yoy_accel": 0.06221676174209169,
      "op_leverage_ratio": 0.5984827604128797,
      "fcf_margin_change": -0.13092022740536674
    },
    {
      "date": "2023-09-30T00:00:00",
      "quarter_label": "2023-09 (Q3)",
      "revenue": 3941900000,
      "gross_profit": 1691300000,
      "operating_income": 451700000,
      "net_income": null,
      "opex": 1239600000,
      "cogs": 2250600000,
      "rd": 211200000,
      "sga": 1053500000,
      "fcf": 739300000,
      "ocf": 835200000,
      "capex": -95900000,
      "gross_margin": 0.4290570537050661,
      "op_margin": 0.1145894111976458,
      "fcf_margin": 0.18754915142443998,
      "incr_op_margin_yoy": 0.7953044754218636,
      "rev_growth_yoy": -0.03342160757196803,
      "rev_growth_yoy_accel": 0.014722582089905269,
      "fcf_margin_change": 0.07084930964421235
    },
    {
      "date": "2023-12-31T00:00:00",
      "quarter_label": "2023-12 (Q4)",
      "revenue": 3837300000,
      "gross_profit": 1596500000,
      "operating_income": -454500000,
      "net_income": null,
      "opex": 2051000000,
      "cogs": 2240800000,
      "rd": null,
      "sga": 1605800000,
      "fcf": 403000000,
      "ocf": 568500000,
      "capex": -165500000,
      "gross_margin": 0.41604774190185806,
      "op_margin": -0.1184426549917911,
      "fcf_margin": 0.10502176009173117,
      "incr_op_margin_yoy": 6.542635658914729,
      "rev_growth_yoy": -0.009984520123839009,
      "rev_growth_yoy_accel": 0.02343708744812902,
      "fcf_margin_change": -0.08252739133270881
    },
    {
      "date": "2024-03-31T00:00:00",
      "quarter_label": "2024-03 (Q1)",
      "revenue": 3663400000,
      "gross_profit": 1504000000,
      "operating_income": 203900000,
      "net_income": null,
      "opex": 1300100000,
      "cogs": 2159400000,
      "rd": 199700000,
      "sga": 1017500000,
      "fcf": 564800000,
      "ocf": 614600000,
      "capex": -49800000,
      "gross_margin": 0.41054757875197906,
      "op_margin": 0.0556586777310695,
      "fcf_margin": 0.15417371840366872,
      "incr_op_margin_yoy": 2.9817351598173514,
      "rev_growth_yoy": -0.01761819205706471,
      "rev_growth_yoy_accel": -0.0076336719332257,
      "fcf_margin_change": 0.049151958311937555
    },
    {
      "date": "2024-06-30T00:00:00",
      "quarter_label": "2024-06 (Q2)",
      "revenue": 3796600000,
      "gross_profit": 1445400000,
      "operating_income": -239900000,
      "net_income": null,
      "opex": 1685300000,
      "cogs": 2351200000,
      "rd": 204100000,
      "sga": 1358000000,
      "fcf": 320300000,
      "ocf": 379100000,
      "capex": -58800000,
      "gross_margin": 0.3807090554706843,
      "op_margin": -0.06318811568245272,
      "fcf_margin": 0.08436495812042354,
      "incr_op_margin_yoy": 4.992622950819672,
      "rev_growth_yoy": -0.03113356811106007,
      "rev_growth_yoy_accel": -0.013515376053995363,
      "op_leverage_ratio": 0.12271859194180984,
      "fcf_margin_change": -0.06980876028324519
    },
    {
      "date": "2024-09-30T00:00:00",
      "quarter_label": "2024-09 (Q3)",
      "revenue": 3751200000,
      "gross_profit": 1459200000,
      "operating_income": 225900000,
      "net_income": null,
      "opex": 1233300000,
      "cogs": 2292000000,
      "rd": 198400000,
      "sga": 1003400000,
      "fcf": 749500000,
      "ocf": 826500000,
      "capex": -77000000,
      "gross_margin": 0.3889955214331414,
      "op_margin": 0.060220729366602686,
      "fcf_margin": 0.19980272979313288,
      "incr_op_margin_yoy": 1.1840587309910855,
      "rev_growth_yoy": -0.048377685887516175,
      "rev_growth_yoy_accel": -0.017244117776456104,
      "fcf_margin_change": 0.11543777167270934
    },
    {
      "date": "2024-12-31T00:00:00",
      "quarter_label": "2024-12 (Q4)",
      "revenue": 3528100000,
      "gross_profit": 1215000000,
      "operating_income": -179800000,
      "net_income": null,
      "opex": 1394800000,
      "cogs": 2313100000,
      "rd": null,
      "sga": 1046700000,
      "fcf": 342300000,
      "ocf": 482700000,
      "capex": -140400000,
      "gross_margin": 0.34437799382103684,
      "op_margin": -0.05096227431195261,
      "fcf_margin": 0.09702105949377852,
      "incr_op_margin_yoy": -0.8884217335058214,
      "rev_growth_yoy": -0.08057748938055403,
      "rev_growth_yoy_accel": -0.03219980349303786,
      "fcf_margin_change": -0.10278167029935435
    },
    {
      "date": "2025-03-31T00:00:00",
      "quarter_label": "2025-03 (Q1)",
      "revenue": 3254300000,
      "gross_profit": 1161200000,
      "operating_income": -2882200000,
      "net_income": null,
      "opex": 4043400000,
      "cogs": 2093100000,
      "rd": 222000000,
      "sga": 948100000,
      "fcf": 492900000,
      "ocf": 535500000,
      "capex": -42600000,
      "gross_margin": 0.35682020711059215,
      "op_margin": -0.8856589742801831,
      "fcf_margin": 0.15146114371754293,
      "incr_op_margin_yoy": 7.5436323637252505,
      "rev_growth_yoy": -0.11167221706611345,
      "rev_growth_yoy_accel": -0.031094727685559417,
      "fcf_margin_change": 0.05444008422376441
    },
    {
      "date": "2025-06-30T00:00:00",
      "quarter_label": "2025-06 (Q2)",
      "revenue": 3582100000,
      "gross_profit": 1332900000,
      "operating_income": 233000000,
      "net_income": null,
      "opex": 1099900000,
      "cogs": 2249200000,
      "rd": 218800000,
      "sga": 928700000,
      "fcf": 166800000,
      "ocf": 219700000,
      "capex": -52900000,
      "gross_margin": 0.37210016470785295,
      "op_margin": 0.06504564361687279,
      "fcf_margin": 0.04656486418581279,
      "incr_op_margin_yoy": -2.2046620046620045,
      "rev_growth_yoy": -0.05649791919085498,
      "rev_growth_yoy_accel": 0.055174297875258474,
      "op_leverage_ratio": Infinity,
      "fcf_margin_change": -0.10489627953173014
    },
    {
      "date": "2025-09-30T00:00:00",
      "quarter_label": "2025-09 (Q3)",
      "revenue": 3759900000,
      "gross_profit": 1371500000,
      "operating_income": 178800000,
      "net_income": null,
      "opex": 1192700000,
      "cogs": 2388400000,
      "rd": 250400000,
      "sga": 886600000,
      "fcf": 658100000,
      "ocf": 744900000,
      "capex": -86800000,
      "gross_margin": 0.3647703396366925,
      "op_margin": 0.04755445623553818,
      "fcf_margin": 0.17503125083113913,
      "incr_op_margin_yoy": -5.413793103448276,
      "rev_growth_yoy": 0.0023192578374920027,
      "rev_growth_yoy_accel": 0.05881717702834698,
      "op_leverage_ratio": 0.5883005802799167,
      "fcf_margin_change": 0.12846638664532634
    }
  ],
  "signals": [
    {
      "quarter": "2025-09 (Q3)",
      "signal": "FCF MARGIN EXPANSION",
      "detail": "FCF margin: +4.7% -> +17.5% (+12.8%)",
      "severity": "MEDIUM"
    },
    {
      "quarter": "2025-09 (Q3)",
      "signal": "YoY REVENUE GROWTH ACCELERATION",
      "detail": "YoY growth: +0.2% vs prior quarter YoY: -5.6% (accel: +5.9%)",
      "severity": "MEDIUM"
    },
    {
      "quarter": "2025-06 (Q2)",
      "signal": "YoY REVENUE GROWTH ACCELERATION",
      "detail": "YoY growth: -5.6% vs prior quarter YoY: -11.2% (accel: +5.5%)",
      "severity": "MEDIUM"
    },
    {
      "quarter": "2025-06 (Q2)",
      "signal": "OP MARGIN TURNED POSITIVE (YoY)",
      "detail": "Op margin: -6.3% (year-ago) -> +6.5%",
      "severity": "HIGH"
    },
    {
      "quarter": "2025-06 (Q2)",
      "signal": "OP MARGIN TURNED POSITIVE (QoQ)",
      "detail": "Op margin: -88.6% -> +6.5%",
      "severity": "HIGH"
    },
    {
      "quarter": "2025-03 (Q1)",
      "signal": "FCF MARGIN EXPANSION",
      "detail": "FCF margin: +9.7% -> +15.1% (+5.4%)",
      "severity": "MEDIUM"
    },
    {
      "quarter": "2024-09 (Q3)",
      "signal": "FCF MARGIN EXPANSION",
      "detail": "FCF margin: +8.4% -> +20.0% (+11.5%)",
      "severity": "MEDIUM"
    },
    {
      "quarter": "2024-09 (Q3)",
      "signal": "INCREMENTAL MARGIN (YoY)",
      "detail": "YoY Incr OPM: +118.4% vs year-ago OPM: +11.5%",
      "severity": "HIGH"
    },
    {
      "quarter": "2024-09 (Q3)",
      "signal": "OP MARGIN TURNED POSITIVE (QoQ)",
      "detail": "Op margin: -6.3% -> +6.0%",
      "severity": "HIGH"
    },
    {
      "quarter": "2024-03 (Q1)",
      "signal": "INCREMENTAL MARGIN (YoY)",
      "detail": "YoY Incr OPM: +298.2% vs year-ago OPM: +10.7%",
      "severity": "HIGH"
    },
    {
      "quarter": "2024-03 (Q1)",
      "signal": "OP MARGIN TURNED POSITIVE (QoQ)",
      "detail": "Op margin: -11.8% -> +5.6%",
      "severity": "HIGH"
    },
    {
      "quarter": "2023-09 (Q3)",
      "signal": "FCF MARGIN EXPANSION",
      "detail": "FCF margin: +11.7% -> +18.8% (+7.1%)",
      "severity": "MEDIUM"
    },
    {
      "quarter": "2023-09 (Q3)",
      "signal": "INCREMENTAL MARGIN (YoY)",
      "detail": "YoY Incr OPM: +79.5% vs year-ago OPM: +13.7%",
      "severity": "HIGH"
    },
    {
      "quarter": "2023-06 (Q2)",
      "signal": "YoY REVENUE GROWTH ACCELERATION",
      "detail": "YoY growth: -4.8% vs prior quarter YoY: -11.0% (accel: +6.2%)",
      "severity": "MEDIUM"
    },
    {
      "quarter": "2023-06 (Q2)",
      "signal": "INCREMENTAL MARGIN (YoY)",
      "detail": "YoY Incr OPM: +90.6% vs year-ago OPM: +13.3%",
      "severity": "HIGH"
    },
    {
      "quarter": "2023-03 (Q1)",
      "signal": "FCF MARGIN EXPANSION",
      "detail": "FCF margin: +0.9% -> +24.8% (+23.9%)",
      "severity": "MEDIUM"
    },
    {
      "quarter": "2023-03 (Q1)",
      "signal": "GROSS MARGIN INFLECTION",
      "detail": "GM: +42.9% -> +32.9% -> +41.4% (reversal +8.5%)",
      "severity": "HIGH"
    },
    {
      "quarter": "2023-03 (Q1)",
      "signal": "INCREMENTAL MARGIN (YoY)",
      "detail": "YoY Incr OPM: +66.5% vs year-ago OPM: +16.9%",
      "severity": "HIGH"
    },
    {
      "quarter": "2023-03 (Q1)",
      "signal": "OP MARGIN TURNED POSITIVE (QoQ)",
      "detail": "Op margin: -5.2% -> +10.7%",
      "severity": "HIGH"
    },
    {
      "quarter": "2022-06 (Q2)",
      "signal": "OP MARGIN TURNED POSITIVE (YoY)",
      "detail": "Op margin: -1.0% (year-ago) -> +13.3%",
      "severity": "HIGH"
    },
    {
      "quarter": "2022-03 (Q1)",
      "signal": "FCF MARGIN EXPANSION",
      "detail": "FCF margin: +7.5% -> +25.6% (+18.1%)",
      "severity": "MEDIUM"
    },
    {
      "quarter": "2022-03 (Q1)",
      "signal": "YoY REVENUE GROWTH DECELERATION",
      "detail": "YoY growth: -5.4% vs prior quarter YoY: +19.8% (decel: -25.2%)",
      "severity": "WARNING"
    },
    {
      "quarter": "2022-03 (Q1)",
      "signal": "OP MARGIN TURNED POSITIVE (YoY)",
      "detail": "Op margin: -6.0% (year-ago) -> +16.9%",
      "severity": "HIGH"
    },
    {
      "quarter": "2022-03 (Q1)",
      "signal": "OP MARGIN TURNED POSITIVE (QoQ)",
      "detail": "Op margin: -1.8% -> +16.9%",
      "severity": "HIGH"
    },
    {
      "quarter": "2021-09 (Q3)",
      "signal": "FCF MARGIN EXPANSION",
      "detail": "FCF margin: +10.3% -> +21.3% (+11.0%)",
      "severity": "MEDIUM"
    },
    {
      "quarter": "2021-09 (Q3)",
      "signal": "OP MARGIN TURNED POSITIVE (QoQ)",
      "detail": "Op margin: -1.0% -> +7.9%",
      "severity": "HIGH"
    },
    {
      "quarter": "2021-03 (Q1)",
      "signal": "FCF TURNED POSITIVE",
      "detail": "FCF margin: -2.2% -> +18.0%",
      "severity": "HIGH"
    }
  ],
  "data_quality": {
    "n_quarters": 20,
    "coverage": {
      "revenue": [
        20,
        20
      ],
      "gross_profit": [
        20,
        20
      ],
      "op_income": [
        20,
        20
      ],
      "fcf": [
        20,
        20
      ]
    },
    "gaps": [],
    "warnings": []
  },
  "market_cap": null,
  "source": "SEC EDGAR",
  "last_updated": "2026-02-02T20:26:00.282581"
}