{
  "ticker": "VTSI",
  "name": "VIRTRA, INC.",
  "quarters": [
    {
      "date": "2020-12-31T00:00:00",
      "quarter_label": "2020-12 (Q4)",
      "revenue": 6565968,
      "gross_profit": 4760161,
      "operating_income": 1340861,
      "net_income": 1600989,
      "opex": 3419300,
      "cogs": 1805807,
      "rd": 399368,
      "sga": null,
      "fcf": 2412537,
      "ocf": 2412537,
      "capex": null,
      "gross_margin": 0.7249747485823872,
      "op_margin": 0.2042137579714065,
      "fcf_margin": 0.36743051443442915
    },
    {
      "date": "2021-03-31T00:00:00",
      "quarter_label": "2021-03 (Q1)",
      "revenue": 4441909,
      "gross_profit": 2568505,
      "operating_income": 564055,
      "net_income": 655163,
      "opex": 2004450,
      "cogs": 1873404,
      "rd": 294217,
      "sga": null,
      "fcf": -1748428,
      "ocf": -1748428,
      "capex": null,
      "gross_margin": 0.5782434984597838,
      "op_margin": 0.12698481666328598,
      "fcf_margin": -0.39362085085489146,
      "fcf_margin_change": -0.7610513652893206
    },
    {
      "date": "2021-06-30T00:00:00",
      "quarter_label": "2021-06 (Q2)",
      "revenue": 5255192,
      "gross_profit": 3134700,
      "operating_income": 820768,
      "net_income": 529359,
      "opex": 2313932,
      "cogs": 2120492,
      "rd": 311320,
      "sga": null,
      "fcf": 2686334,
      "ocf": 2686334,
      "capex": null,
      "gross_margin": 0.5964958083358325,
      "op_margin": 0.15618230504232766,
      "fcf_margin": 0.51117713682012,
      "op_leverage_ratio": 1.1858557670801573,
      "fcf_margin_change": 0.9047979876750114
    },
    {
      "date": "2021-09-30T00:00:00",
      "quarter_label": "2021-09 (Q3)",
      "revenue": 6093263,
      "gross_profit": 2875352,
      "operating_income": 265580,
      "net_income": 1342972,
      "opex": 2609772,
      "cogs": 3217911,
      "rd": 651734,
      "sga": null,
      "fcf": -10380549,
      "ocf": 424720,
      "capex": -10805269,
      "gross_margin": 0.47189034840610034,
      "op_margin": 0.043585842265465975,
      "fcf_margin": -1.7036108567773949,
      "op_leverage_ratio": 1.247343084162692,
      "fcf_margin_change": -2.2147879935975148
    },
    {
      "date": "2021-12-31T00:00:00",
      "quarter_label": "2021-12 (Q4)",
      "revenue": 8643692,
      "gross_profit": 2826655,
      "operating_income": -196366,
      "net_income": 12595,
      "opex": 3023021,
      "cogs": 5817037,
      "rd": 608609,
      "sga": null,
      "fcf": 6470231,
      "ocf": -1488369,
      "capex": 7958600,
      "gross_margin": 0.3270194032827639,
      "op_margin": -0.022717838627290283,
      "fcf_margin": 0.7485494624287862,
      "incr_op_margin_yoy": -0.739861021001827,
      "rev_growth_yoy": 0.31643833780487507,
      "op_leverage_ratio": 2.643346343951835,
      "fcf_margin_change": 2.452160319206181
    },
    {
      "date": "2022-03-31T00:00:00",
      "quarter_label": "2022-03 (Q1)",
      "revenue": 6753228,
      "gross_profit": 3687090,
      "operating_income": 711303,
      "net_income": 577074,
      "opex": 2975787,
      "cogs": 3066138,
      "rd": 679395,
      "sga": null,
      "fcf": -3920687,
      "ocf": -3116254,
      "capex": -804433,
      "gross_margin": 0.5459744584367654,
      "op_margin": 0.10532785210272776,
      "fcf_margin": -0.5805648794917038,
      "incr_op_margin_yoy": 0.06370734632476088,
      "rev_growth_yoy": 0.5203436180254931,
      "rev_growth_yoy_accel": 0.20390528022061805,
      "fcf_margin_change": -1.3291143419204898
    },
    {
      "date": "2022-06-30T00:00:00",
      "quarter_label": "2022-06 (Q2)",
      "revenue": 7997383,
      "gross_profit": 4743732,
      "operating_income": 1041623,
      "net_income": 787374,
      "opex": 3702109,
      "cogs": 3253651,
      "rd": 617058,
      "sga": null,
      "fcf": -583309,
      "ocf": 337984,
      "capex": -921293,
      "gross_margin": 0.5931605376408757,
      "op_margin": 0.13024548155315308,
      "fcf_margin": -0.0729374846746742,
      "incr_op_margin_yoy": 0.08053961230271706,
      "rev_growth_yoy": 0.5218060538986967,
      "rev_growth_yoy_accel": 0.0014624358732036047,
      "op_leverage_ratio": 0.7548066539407102,
      "fcf_margin_change": 0.5076273948170296
    },
    {
      "date": "2022-09-30T00:00:00",
      "quarter_label": "2022-09 (Q3)",
      "revenue": 4903397,
      "gross_profit": 2516090,
      "operating_income": -1071900,
      "net_income": -802881,
      "opex": 3587990,
      "cogs": 2387307,
      "rd": 687890,
      "sga": null,
      "fcf": 727339,
      "ocf": 1325671,
      "capex": -598332,
      "gross_margin": 0.5131320184761707,
      "op_margin": -0.21860355178257032,
      "fcf_margin": 0.14833369600707427,
      "incr_op_margin_yoy": 1.1240593478593388,
      "rev_growth_yoy": -0.1952756675692482,
      "rev_growth_yoy_accel": -0.7170817214679449,
      "fcf_margin_change": 0.22127118068174847
    },
    {
      "date": "2022-12-31T00:00:00",
      "quarter_label": "2022-12 (Q4)",
      "revenue": 8648236,
      "gross_profit": 5307966,
      "operating_income": 1912679,
      "net_income": 1394331,
      "opex": 3395287,
      "cogs": 3340270,
      "rd": 622497,
      "sga": null,
      "fcf": -2137876,
      "ocf": -1240752,
      "capex": -897124,
      "gross_margin": 0.6137628529101194,
      "op_margin": 0.2211640616652922,
      "fcf_margin": -0.24720370720688012,
      "rev_growth_yoy": 0.0005257012859782602,
      "rev_growth_yoy_accel": 0.19580136885522645,
      "op_leverage_ratio": Infinity,
      "fcf_margin_change": -0.39553740321395436
    },
    {
      "date": "2023-03-31T00:00:00",
      "quarter_label": "2023-03 (Q1)",
      "revenue": 10026935,
      "gross_profit": 6948938,
      "operating_income": 3471305,
      "net_income": 2946373,
      "opex": 3477633,
      "cogs": 3077997,
      "rd": 766296,
      "sga": null,
      "fcf": 815162,
      "ocf": 978603,
      "capex": -163441,
      "gross_margin": 0.6930271314215162,
      "op_margin": 0.3461980156448606,
      "fcf_margin": 0.08129722592197915,
      "incr_op_margin_yoy": 0.8430815586123009,
      "rev_growth_yoy": 0.48476180576162986,
      "rev_growth_yoy_accel": 0.4842361044756516,
      "op_leverage_ratio": 6.573185836475993,
      "fcf_margin_change": 0.32850093312885925
    },
    {
      "date": "2023-06-30T00:00:00",
      "quarter_label": "2023-06 (Q2)",
      "revenue": 10336903,
      "gross_profit": 5920701,
      "operating_income": 1928603,
      "net_income": 1026635,
      "opex": 3992098,
      "cogs": 4416202,
      "rd": 711754,
      "sga": null,
      "fcf": -847332,
      "ocf": -665133,
      "capex": -182199,
      "gross_margin": 0.5727731990906754,
      "op_margin": 0.18657454752163197,
      "fcf_margin": -0.08197155376228257,
      "incr_op_margin_yoy": 0.379129052113254,
      "rev_growth_yoy": 0.29253569573946875,
      "rev_growth_yoy_accel": -0.1922261100221611,
      "op_leverage_ratio": 0.20896645517004728,
      "fcf_margin_change": -0.16326877968426173
    },
    {
      "date": "2023-09-30T00:00:00",
      "quarter_label": "2023-09 (Q3)",
      "revenue": 7561582,
      "gross_profit": 5386074,
      "operating_income": 1669611,
      "net_income": 1634790,
      "opex": 3716463,
      "cogs": 2175508,
      "rd": 487388,
      "sga": null,
      "fcf": 3885672,
      "ocf": 4052281,
      "capex": -166609,
      "gross_margin": 0.7122945965540015,
      "op_margin": 0.22080181104959254,
      "fcf_margin": 0.5138702456708133,
      "incr_op_margin_yoy": 1.0313469529020742,
      "rev_growth_yoy": 0.5421109080092842,
      "rev_growth_yoy_accel": 0.24957521226981544,
      "fcf_margin_change": 0.5958417994330959
    },
    {
      "date": "2023-12-31T00:00:00",
      "quarter_label": "2023-12 (Q4)",
      "revenue": 10117940,
      "gross_profit": 8409384,
      "operating_income": 2566065,
      "net_income": 2795054,
      "opex": 5843319,
      "cogs": 1708556,
      "rd": 828876,
      "sga": null,
      "fcf": 1700927,
      "ocf": 2316865,
      "capex": -615938,
      "gross_margin": 0.8311359822256309,
      "op_margin": 0.25361536043898264,
      "fcf_margin": 0.16811001053574146,
      "incr_op_margin_yoy": 0.4445697909238867,
      "rev_growth_yoy": 0.16994263338789553,
      "rev_growth_yoy_accel": -0.3721682746213887,
      "op_leverage_ratio": 0.5907459245790406,
      "fcf_margin_change": -0.3457602351350718
    },
    {
      "date": "2024-03-31T00:00:00",
      "quarter_label": "2024-03 (Q1)",
      "revenue": 747977,
      "gross_profit": 5462141,
      "operating_income": 1398339,
      "net_income": 1216173,
      "opex": 4063802,
      "cogs": 2632257,
      "rd": 693380,
      "sga": null,
      "fcf": 3589737,
      "ocf": 5136509,
      "capex": -1546772,
      "gross_margin": 7.30255208382076,
      "op_margin": 1.8694946502365715,
      "fcf_margin": 4.799261207229634,
      "incr_op_margin_yoy": 0.22340504181611773,
      "rev_growth_yoy": -0.9254032264096655,
      "rev_growth_yoy_accel": -1.0953458597975612,
      "fcf_margin_change": 4.631151196693892
    },
    {
      "date": "2024-06-30T00:00:00",
      "quarter_label": "2024-06 (Q2)",
      "revenue": 6075040,
      "gross_profit": 5524616,
      "operating_income": 1131421,
      "net_income": 1200727,
      "opex": 4393195,
      "cogs": 550424,
      "rd": 855285,
      "sga": null,
      "fcf": -3930311,
      "ocf": -3868285,
      "capex": -62026,
      "gross_margin": 0.9093958229081619,
      "op_margin": 0.1862409136400748,
      "fcf_margin": -0.6469605138402381,
      "incr_op_margin_yoy": 0.18705012338500793,
      "rev_growth_yoy": -0.412295926545891,
      "rev_growth_yoy_accel": 0.5131072998637746,
      "op_leverage_ratio": 87.86537428336754,
      "fcf_margin_change": -5.446221721069872
    },
    {
      "date": "2024-09-30T00:00:00",
      "quarter_label": "2024-09 (Q3)",
      "revenue": 7484269,
      "gross_profit": 5497973,
      "operating_income": 755632,
      "net_income": 583101,
      "opex": 4742341,
      "cogs": 1986296,
      "rd": 724757,
      "sga": null,
      "fcf": 814243,
      "ocf": 897694,
      "capex": -83451,
      "gross_margin": 0.7346038738051772,
      "op_margin": 0.100962699229544,
      "fcf_margin": 0.10879392496448217,
      "rev_growth_yoy": -0.010224447741226637,
      "rev_growth_yoy_accel": 0.4020714788046643,
      "op_leverage_ratio": 2.9188100955845324,
      "fcf_margin_change": 0.7557544388047203
    },
    {
      "date": "2024-12-31T00:00:00",
      "quarter_label": "2024-12 (Q4)",
      "revenue": 4697112,
      "gross_profit": 2927786,
      "operating_income": -1289061,
      "net_income": -1636321,
      "opex": 4216847,
      "cogs": 1769326,
      "rd": 729880,
      "sga": null,
      "fcf": -1061975,
      "ocf": -908652,
      "capex": -153323,
      "gross_margin": 0.6233161994008233,
      "op_margin": -0.27443693060757335,
      "fcf_margin": -0.22609105339621452,
      "incr_op_margin_yoy": 0.7111692162156777,
      "rev_growth_yoy": -0.5357639993911805,
      "rev_growth_yoy_accel": -0.5255395516499538,
      "fcf_margin_change": -0.3348849783606967
    },
    {
      "date": "2025-03-31T00:00:00",
      "quarter_label": "2025-03 (Q1)",
      "revenue": 7160247,
      "gross_profit": 5196880,
      "operating_income": 1367803,
      "net_income": 1264060,
      "opex": 3829077,
      "cogs": 1963367,
      "rd": 609127,
      "sga": null,
      "fcf": -362680,
      "ocf": 65691,
      "capex": -428371,
      "gross_margin": 0.7257961911090497,
      "op_margin": 0.191027348637554,
      "fcf_margin": -0.05065188393640611,
      "incr_op_margin_yoy": -0.0047621201228270175,
      "rev_growth_yoy": 8.57281707860001,
      "rev_growth_yoy_accel": 9.108581077991191,
      "op_leverage_ratio": Infinity,
      "fcf_margin_change": 0.17543916945980842
    },
    {
      "date": "2025-06-30T00:00:00",
      "quarter_label": "2025-06 (Q2)",
      "revenue": 6978938,
      "gross_profit": 4812477,
      "operating_income": 914366,
      "net_income": 175314,
      "opex": 3898111,
      "cogs": 2166461,
      "rd": 608116,
      "sga": null,
      "fcf": 5413658,
      "ocf": 5981739,
      "capex": -568081,
      "gross_margin": 0.6895715365289102,
      "op_margin": 0.13101792851577132,
      "fcf_margin": 0.775713726071216,
      "rev_growth_yoy": 0.1487888145592457,
      "rev_growth_yoy_accel": -8.424028264040764,
      "fcf_margin_change": 0.8263656100076221
    },
    {
      "date": "2025-09-30T00:00:00",
      "quarter_label": "2025-09 (Q3)",
      "revenue": 5349993,
      "gross_profit": 3518024,
      "operating_income": -450160,
      "net_income": -388567,
      "opex": 3968184,
      "cogs": 1831969,
      "rd": 689521,
      "sga": null,
      "fcf": 133845,
      "ocf": 36346,
      "capex": 97499,
      "gross_margin": 0.6575754398183324,
      "op_margin": -0.08414216616732022,
      "fcf_margin": 0.025017789742902467,
      "incr_op_margin_yoy": 0.564965355933347,
      "rev_growth_yoy": -0.2851682642620141,
      "rev_growth_yoy_accel": -0.4339570788212598,
      "fcf_margin_change": -0.7506959363283136
    }
  ],
  "signals": [
    {
      "quarter": "2025-09 (Q3)",
      "signal": "YoY REVENUE GROWTH DECELERATION",
      "detail": "YoY growth: -28.5% vs prior quarter YoY: +14.9% (decel: -43.4%)",
      "severity": "WARNING"
    },
    {
      "quarter": "2025-06 (Q2)",
      "signal": "FCF TURNED POSITIVE",
      "detail": "FCF margin: -5.1% -> +77.6%",
      "severity": "HIGH"
    },
    {
      "quarter": "2025-06 (Q2)",
      "signal": "YoY REVENUE GROWTH DECELERATION",
      "detail": "YoY growth: +14.9% vs prior quarter YoY: +857.3% (decel: -842.4%)",
      "severity": "WARNING"
    },
    {
      "quarter": "2025-03 (Q1)",
      "signal": "FCF MARGIN EXPANSION",
      "detail": "FCF margin: -22.6% -> -5.1% (+17.5%)",
      "severity": "MEDIUM"
    },
    {
      "quarter": "2025-03 (Q1)",
      "signal": "GROSS MARGIN INFLECTION",
      "detail": "GM: +73.5% -> +62.3% -> +72.6% (reversal +10.2%)",
      "severity": "HIGH"
    },
    {
      "quarter": "2025-03 (Q1)",
      "signal": "YoY REVENUE GROWTH ACCELERATION",
      "detail": "YoY growth: +857.3% vs prior quarter YoY: -53.6% (accel: +910.9%)",
      "severity": "HIGH"
    },
    {
      "quarter": "2025-03 (Q1)",
      "signal": "OP MARGIN TURNED POSITIVE (QoQ)",
      "detail": "Op margin: -27.4% -> +19.1%",
      "severity": "HIGH"
    },
    {
      "quarter": "2024-12 (Q4)",
      "signal": "YoY REVENUE GROWTH DECELERATION",
      "detail": "YoY growth: -53.6% vs prior quarter YoY: -1.0% (decel: -52.6%)",
      "severity": "WARNING"
    },
    {
      "quarter": "2024-09 (Q3)",
      "signal": "FCF TURNED POSITIVE",
      "detail": "FCF margin: -64.7% -> +10.9%",
      "severity": "HIGH"
    },
    {
      "quarter": "2024-09 (Q3)",
      "signal": "OPERATING LEVERAGE",
      "detail": "Rev growth +23.2% vs OpEx growth +7.9% (leverage: 2.9x)",
      "severity": "MEDIUM"
    },
    {
      "quarter": "2024-09 (Q3)",
      "signal": "YoY REVENUE GROWTH ACCELERATION",
      "detail": "YoY growth: -1.0% vs prior quarter YoY: -41.2% (accel: +40.2%)",
      "severity": "HIGH"
    },
    {
      "quarter": "2024-06 (Q2)",
      "signal": "OPERATING LEVERAGE",
      "detail": "Rev growth +712.2% vs OpEx growth +8.1% (leverage: 87.9x)",
      "severity": "MEDIUM"
    },
    {
      "quarter": "2024-06 (Q2)",
      "signal": "YoY REVENUE GROWTH ACCELERATION",
      "detail": "YoY growth: -41.2% vs prior quarter YoY: -92.5% (accel: +51.3%)",
      "severity": "HIGH"
    },
    {
      "quarter": "2024-03 (Q1)",
      "signal": "FCF MARGIN EXPANSION",
      "detail": "FCF margin: +16.8% -> +479.9% (+463.1%)",
      "severity": "MEDIUM"
    },
    {
      "quarter": "2024-03 (Q1)",
      "signal": "YoY REVENUE GROWTH DECELERATION",
      "detail": "YoY growth: -92.5% vs prior quarter YoY: +17.0% (decel: -109.5%)",
      "severity": "WARNING"
    },
    {
      "quarter": "2023-12 (Q4)",
      "signal": "YoY REVENUE GROWTH DECELERATION",
      "detail": "YoY growth: +17.0% vs prior quarter YoY: +54.2% (decel: -37.2%)",
      "severity": "WARNING"
    },
    {
      "quarter": "2023-12 (Q4)",
      "signal": "INCREMENTAL MARGIN (YoY)",
      "detail": "YoY Incr OPM: +44.5% vs year-ago OPM: +22.1%",
      "severity": "HIGH"
    },
    {
      "quarter": "2023-09 (Q3)",
      "signal": "FCF TURNED POSITIVE",
      "detail": "FCF margin: -8.2% -> +51.4%",
      "severity": "HIGH"
    },
    {
      "quarter": "2023-09 (Q3)",
      "signal": "GROSS MARGIN INFLECTION",
      "detail": "GM: +69.3% -> +57.3% -> +71.2% (reversal +14.0%)",
      "severity": "HIGH"
    },
    {
      "quarter": "2023-09 (Q3)",
      "signal": "YoY REVENUE GROWTH ACCELERATION",
      "detail": "YoY growth: +54.2% vs prior quarter YoY: +29.3% (accel: +25.0%)",
      "severity": "HIGH"
    },
    {
      "quarter": "2023-09 (Q3)",
      "signal": "OP MARGIN TURNED POSITIVE (YoY)",
      "detail": "Op margin: -21.9% (year-ago) -> +22.1%",
      "severity": "HIGH"
    },
    {
      "quarter": "2023-06 (Q2)",
      "signal": "YoY REVENUE GROWTH DECELERATION",
      "detail": "YoY growth: +29.3% vs prior quarter YoY: +48.5% (decel: -19.2%)",
      "severity": "WARNING"
    },
    {
      "quarter": "2023-06 (Q2)",
      "signal": "INCREMENTAL MARGIN (YoY)",
      "detail": "YoY Incr OPM: +37.9% vs year-ago OPM: +13.0%",
      "severity": "HIGH"
    },
    {
      "quarter": "2023-03 (Q1)",
      "signal": "FCF TURNED POSITIVE",
      "detail": "FCF margin: -24.7% -> +8.1%",
      "severity": "HIGH"
    },
    {
      "quarter": "2023-03 (Q1)",
      "signal": "OPERATING LEVERAGE",
      "detail": "Rev growth +15.9% vs OpEx growth +2.4% (leverage: 6.6x)",
      "severity": "MEDIUM"
    },
    {
      "quarter": "2023-03 (Q1)",
      "signal": "YoY REVENUE GROWTH ACCELERATION",
      "detail": "YoY growth: +48.5% vs prior quarter YoY: +0.1% (accel: +48.4%)",
      "severity": "HIGH"
    },
    {
      "quarter": "2023-03 (Q1)",
      "signal": "INCREMENTAL MARGIN (YoY)",
      "detail": "YoY Incr OPM: +84.3% vs year-ago OPM: +10.5%",
      "severity": "HIGH"
    },
    {
      "quarter": "2022-12 (Q4)",
      "signal": "GROSS MARGIN INFLECTION",
      "detail": "GM: +59.3% -> +51.3% -> +61.4% (reversal +10.1%)",
      "severity": "HIGH"
    },
    {
      "quarter": "2022-12 (Q4)",
      "signal": "YoY REVENUE GROWTH ACCELERATION",
      "detail": "YoY growth: +0.1% vs prior quarter YoY: -19.5% (accel: +19.6%)",
      "severity": "HIGH"
    },
    {
      "quarter": "2022-12 (Q4)",
      "signal": "OP MARGIN TURNED POSITIVE (YoY)",
      "detail": "Op margin: -2.3% (year-ago) -> +22.1%",
      "severity": "HIGH"
    },
    {
      "quarter": "2022-12 (Q4)",
      "signal": "OP MARGIN TURNED POSITIVE (QoQ)",
      "detail": "Op margin: -21.9% -> +22.1%",
      "severity": "HIGH"
    },
    {
      "quarter": "2022-09 (Q3)",
      "signal": "FCF TURNED POSITIVE",
      "detail": "FCF margin: -7.3% -> +14.8%",
      "severity": "HIGH"
    },
    {
      "quarter": "2022-09 (Q3)",
      "signal": "YoY REVENUE GROWTH DECELERATION",
      "detail": "YoY growth: -19.5% vs prior quarter YoY: +52.2% (decel: -71.7%)",
      "severity": "WARNING"
    },
    {
      "quarter": "2022-06 (Q2)",
      "signal": "FCF MARGIN EXPANSION",
      "detail": "FCF margin: -58.1% -> -7.3% (+50.8%)",
      "severity": "MEDIUM"
    },
    {
      "quarter": "2022-03 (Q1)",
      "signal": "GROSS MARGIN INFLECTION",
      "detail": "GM: +47.2% -> +32.7% -> +54.6% (reversal +21.9%)",
      "severity": "HIGH"
    },
    {
      "quarter": "2022-03 (Q1)",
      "signal": "YoY REVENUE GROWTH ACCELERATION",
      "detail": "YoY growth: +52.0% vs prior quarter YoY: +31.6% (accel: +20.4%)",
      "severity": "HIGH"
    },
    {
      "quarter": "2022-03 (Q1)",
      "signal": "OP MARGIN TURNED POSITIVE (QoQ)",
      "detail": "Op margin: -2.3% -> +10.5%",
      "severity": "HIGH"
    },
    {
      "quarter": "2021-12 (Q4)",
      "signal": "FCF TURNED POSITIVE",
      "detail": "FCF margin: -170.4% -> +74.9%",
      "severity": "HIGH"
    },
    {
      "quarter": "2021-12 (Q4)",
      "signal": "OPERATING LEVERAGE",
      "detail": "Rev growth +41.9% vs OpEx growth +15.8% (leverage: 2.6x)",
      "severity": "MEDIUM"
    },
    {
      "quarter": "2021-06 (Q2)",
      "signal": "FCF TURNED POSITIVE",
      "detail": "FCF margin: -39.4% -> +51.1%",
      "severity": "HIGH"
    }
  ],
  "data_quality": {
    "n_quarters": 20,
    "coverage": {
      "revenue": [
        20,
        20
      ],
      "gross_profit": [
        20,
        20
      ],
      "op_income": [
        20,
        20
      ],
      "fcf": [
        20,
        20
      ]
    },
    "gaps": [],
    "warnings": []
  },
  "market_cap": null,
  "source": "SEC EDGAR",
  "last_updated": "2026-02-02T23:36:43.346292"
}