{
  "ticker": "VVOS",
  "name": "Vivos Therapeutics, Inc.",
  "quarters": [
    {
      "date": "2020-12-31T00:00:00",
      "quarter_label": "2020-12 (Q4)",
      "revenue": 3306940,
      "gross_profit": 2687997,
      "operating_income": -6247541,
      "net_income": -6249470,
      "opex": 8935538,
      "cogs": -1934486,
      "rd": null,
      "sga": null,
      "fcf": -3713041,
      "ocf": -3618052,
      "capex": -94989,
      "gross_margin": 0.8128351285478418,
      "op_margin": -1.889221153090168,
      "fcf_margin": -1.1228026513937357
    },
    {
      "date": "2021-03-31T00:00:00",
      "quarter_label": "2021-03 (Q1)",
      "revenue": 3447881,
      "gross_profit": 2689885,
      "operating_income": -3406905,
      "net_income": -3399242,
      "opex": 6096790,
      "cogs": 60000,
      "rd": 100000,
      "sga": null,
      "fcf": -4123000,
      "ocf": -3861000,
      "capex": -262000,
      "gross_margin": 0.7801559856619181,
      "op_margin": -0.9881155991172549,
      "fcf_margin": -1.1958069318517663,
      "op_leverage_ratio": Infinity,
      "fcf_margin_change": -0.07300428045803065
    },
    {
      "date": "2021-06-30T00:00:00",
      "quarter_label": "2021-06 (Q2)",
      "revenue": 4496756,
      "gross_profit": 3624105,
      "operating_income": -4061249,
      "net_income": -4042529,
      "opex": 7685354,
      "cogs": 100000,
      "rd": 0,
      "sga": null,
      "fcf": -5005000,
      "ocf": -3694000,
      "capex": -1311000,
      "gross_margin": 0.8059376581695783,
      "op_margin": -0.9031508491899494,
      "fcf_margin": -1.1130245892816955,
      "op_leverage_ratio": 1.1675298310205033,
      "fcf_margin_change": 0.08278234257007089
    },
    {
      "date": "2021-09-30T00:00:00",
      "quarter_label": "2021-09 (Q3)",
      "revenue": 4545943,
      "gross_profit": 3182773,
      "operating_income": -5502609,
      "net_income": -5453272,
      "opex": 8685382,
      "cogs": 100000,
      "rd": 100000,
      "sga": null,
      "fcf": -4499000,
      "ocf": -4058000,
      "capex": -441000,
      "gross_margin": 0.7001348235118654,
      "op_margin": -1.2104439056978937,
      "fcf_margin": -0.9896736496696065,
      "op_leverage_ratio": 0.08406258265917863,
      "fcf_margin_change": 0.12335093961208898
    },
    {
      "date": "2021-12-31T00:00:00",
      "quarter_label": "2021-12 (Q4)",
      "revenue": 4394420,
      "gross_profit": 3107237,
      "operating_income": -7411237,
      "net_income": -7392956,
      "opex": 10518474,
      "cogs": 40000,
      "rd": 100000,
      "sga": null,
      "fcf": -4504000,
      "ocf": -4122000,
      "capex": -382000,
      "gross_margin": 0.7070869420765425,
      "op_margin": -1.6865108478479527,
      "fcf_margin": -1.0249361690507508,
      "incr_op_margin_yoy": -1.0700849670798542,
      "rev_growth_yoy": 0.3288478170151258,
      "fcf_margin_change": -0.03526251938114433
    },
    {
      "date": "2022-03-31T00:00:00",
      "quarter_label": "2022-03 (Q1)",
      "revenue": 3460000,
      "gross_profit": 2367000,
      "operating_income": -6823000,
      "net_income": -5515000,
      "opex": 9190000,
      "cogs": 100000,
      "rd": 100000,
      "sga": null,
      "fcf": -6202000,
      "ocf": -6082000,
      "capex": -120000,
      "gross_margin": 0.6841040462427745,
      "op_margin": -1.971965317919075,
      "fcf_margin": -1.7924855491329479,
      "rev_growth_yoy": 0.003514912492629531,
      "rev_growth_yoy_accel": -0.32533290452249625,
      "fcf_margin_change": -0.7675493800821971
    },
    {
      "date": "2022-06-30T00:00:00",
      "quarter_label": "2022-06 (Q2)",
      "revenue": 4184000,
      "gross_profit": 2588000,
      "operating_income": -6964000,
      "net_income": -6992000,
      "opex": 9552000,
      "cogs": 100000,
      "rd": 100000,
      "sga": null,
      "fcf": -5167000,
      "ocf": -4663000,
      "capex": -504000,
      "gross_margin": 0.6185468451242829,
      "op_margin": -1.6644359464627152,
      "fcf_margin": -1.2349426386233269,
      "rev_growth_yoy": -0.06955147221686034,
      "rev_growth_yoy_accel": -0.07306638470948987,
      "op_leverage_ratio": 5.3121387283237,
      "fcf_margin_change": 0.557542910509621
    },
    {
      "date": "2022-09-30T00:00:00",
      "quarter_label": "2022-09 (Q3)",
      "revenue": 4246000,
      "gross_profit": 2496000,
      "operating_income": -5407000,
      "net_income": -5434000,
      "opex": 7903000,
      "cogs": 100000,
      "rd": 100000,
      "sga": null,
      "fcf": -5942000,
      "ocf": -5842000,
      "capex": -100000,
      "gross_margin": 0.587847385774847,
      "op_margin": -1.2734338200659445,
      "fcf_margin": -1.3994347621290626,
      "rev_growth_yoy": -0.06598036974946672,
      "rev_growth_yoy_accel": 0.0035711024673936165,
      "op_leverage_ratio": Infinity,
      "fcf_margin_change": -0.16449212350573572
    },
    {
      "date": "2022-12-31T00:00:00",
      "quarter_label": "2022-12 (Q4)",
      "revenue": 3950000,
      "gross_profit": 2384000,
      "operating_income": -6063000,
      "net_income": -6089000,
      "opex": 8447000,
      "cogs": -100000,
      "rd": 0,
      "sga": null,
      "fcf": -3200000,
      "ocf": -3000000,
      "capex": -200000,
      "gross_margin": 0.6035443037974684,
      "op_margin": -1.5349367088607595,
      "fcf_margin": -0.810126582278481,
      "rev_growth_yoy": -0.10113280023302279,
      "rev_growth_yoy_accel": -0.03515243048355607,
      "fcf_margin_change": 0.5893081798505816
    },
    {
      "date": "2023-03-31T00:00:00",
      "quarter_label": "2023-03 (Q1)",
      "revenue": 3857000,
      "gross_profit": 2337000,
      "operating_income": -5005000,
      "net_income": -1703000,
      "opex": 7342000,
      "cogs": 100000,
      "rd": 100000,
      "sga": null,
      "fcf": -3778000,
      "ocf": -3539000,
      "capex": -239000,
      "gross_margin": 0.6059113300492611,
      "op_margin": -1.2976406533575318,
      "fcf_margin": -0.9795177599170339,
      "rev_growth_yoy": 0.11473988439306358,
      "rev_growth_yoy_accel": 0.2158726846260864,
      "fcf_margin_change": -0.16939117763855294
    },
    {
      "date": "2023-06-30T00:00:00",
      "quarter_label": "2023-06 (Q2)",
      "revenue": 3395000,
      "gross_profit": 2098000,
      "operating_income": -4517000,
      "net_income": -5528000,
      "opex": 6615000,
      "cogs": 100000,
      "rd": 100000,
      "sga": null,
      "fcf": -3104000,
      "ocf": -2859000,
      "capex": -245000,
      "gross_margin": 0.6179675994108984,
      "op_margin": -1.3304860088365242,
      "fcf_margin": -0.9142857142857143,
      "rev_growth_yoy": -0.1885755258126195,
      "rev_growth_yoy_accel": -0.3033154102056831,
      "fcf_margin_change": 0.06523204563131968
    },
    {
      "date": "2023-09-30T00:00:00",
      "quarter_label": "2023-09 (Q3)",
      "revenue": 3301000,
      "gross_profit": 1898000,
      "operating_income": -3489000,
      "net_income": -2093000,
      "opex": 5387000,
      "cogs": 100000,
      "rd": 100000,
      "sga": null,
      "fcf": -2954000,
      "ocf": -2800000,
      "capex": -154000,
      "gross_margin": 0.5749772796122388,
      "op_margin": -1.0569524386549531,
      "fcf_margin": -0.8948803392911239,
      "rev_growth_yoy": -0.22256241168158267,
      "rev_growth_yoy_accel": -0.033986885868963174,
      "fcf_margin_change": 0.019405374994590385
    },
    {
      "date": "2023-12-31T00:00:00",
      "quarter_label": "2023-12 (Q4)",
      "revenue": 3248000,
      "gross_profit": 1938000,
      "operating_income": -4284000,
      "net_income": -4259000,
      "opex": 6222000,
      "cogs": 5330000,
      "rd": -100000,
      "sga": null,
      "fcf": -2913000,
      "ocf": -2748000,
      "capex": -165000,
      "gross_margin": 0.5966748768472906,
      "op_margin": -1.3189655172413792,
      "fcf_margin": -0.8968596059113301,
      "rev_growth_yoy": -0.17772151898734176,
      "rev_growth_yoy_accel": 0.04484089269424091,
      "fcf_margin_change": -0.0019792666202061993
    },
    {
      "date": "2024-03-31T00:00:00",
      "quarter_label": "2024-03 (Q1)",
      "revenue": 3419000,
      "gross_profit": 1937000,
      "operating_income": -3785000,
      "net_income": -3763000,
      "opex": 5722000,
      "cogs": 100000,
      "rd": 100000,
      "sga": null,
      "fcf": -2667000,
      "ocf": -2516000,
      "capex": -151000,
      "gross_margin": 0.5665399239543726,
      "op_margin": -1.1070488446914302,
      "fcf_margin": -0.7800526469727991,
      "rev_growth_yoy": -0.11355976147264714,
      "rev_growth_yoy_accel": 0.06416175751469462,
      "op_leverage_ratio": Infinity,
      "fcf_margin_change": 0.11680695893853099
    },
    {
      "date": "2024-06-30T00:00:00",
      "quarter_label": "2024-06 (Q2)",
      "revenue": 4054000,
      "gross_profit": 2651000,
      "operating_income": -1936000,
      "net_income": -1930000,
      "opex": 4587000,
      "cogs": 1403000,
      "rd": null,
      "sga": null,
      "fcf": -3108000,
      "ocf": -3048000,
      "capex": -60000,
      "gross_margin": 0.6539220522940306,
      "op_margin": -0.47755303404045385,
      "fcf_margin": -0.7666502220029601,
      "rev_growth_yoy": 0.19410898379970545,
      "rev_growth_yoy_accel": 0.3076687452723526,
      "op_leverage_ratio": Infinity,
      "fcf_margin_change": 0.01340242496983901
    },
    {
      "date": "2024-09-30T00:00:00",
      "quarter_label": "2024-09 (Q3)",
      "revenue": 3860000,
      "gross_profit": 2334000,
      "operating_income": -2645000,
      "net_income": -2616000,
      "opex": 4979000,
      "cogs": 1526000,
      "rd": null,
      "sga": null,
      "fcf": -4379000,
      "ocf": -4187000,
      "capex": -192000,
      "gross_margin": 0.6046632124352331,
      "op_margin": -0.6852331606217616,
      "fcf_margin": -1.1344559585492229,
      "rev_growth_yoy": 0.16934262344744017,
      "rev_growth_yoy_accel": -0.024766360352265288,
      "fcf_margin_change": -0.3678057365462628
    },
    {
      "date": "2024-12-31T00:00:00",
      "quarter_label": "2024-12 (Q4)",
      "revenue": 3698000,
      "gross_profit": 2097000,
      "operating_income": -2806000,
      "net_income": -2827000,
      "opex": 4903000,
      "cogs": 1601000,
      "rd": null,
      "sga": null,
      "fcf": -3105000,
      "ocf": -2940000,
      "capex": -165000,
      "gross_margin": 0.5670632774472688,
      "op_margin": -0.7587885343428881,
      "fcf_margin": -0.8396430502974581,
      "rev_growth_yoy": 0.13854679802955666,
      "rev_growth_yoy_accel": -0.030795825417883504,
      "fcf_margin_change": 0.29481290825176476
    },
    {
      "date": "2025-03-31T00:00:00",
      "quarter_label": "2025-03 (Q1)",
      "revenue": 3016000,
      "gross_profit": 1509000,
      "operating_income": -3918000,
      "net_income": -3864000,
      "opex": 5427000,
      "cogs": 1507000,
      "rd": null,
      "sga": null,
      "fcf": -3918000,
      "ocf": -3796000,
      "capex": -122000,
      "gross_margin": 0.5003315649867374,
      "op_margin": -1.2990716180371353,
      "fcf_margin": -1.2990716180371353,
      "rev_growth_yoy": -0.11787072243346007,
      "rev_growth_yoy_accel": -0.25641752046301675,
      "fcf_margin_change": -0.4594285677396772
    },
    {
      "date": "2025-06-30T00:00:00",
      "quarter_label": "2025-06 (Q2)",
      "revenue": 3820000,
      "gross_profit": 2110000,
      "operating_income": -4865000,
      "net_income": -5013000,
      "opex": 6975000,
      "cogs": 1710000,
      "rd": null,
      "sga": null,
      "fcf": -4265000,
      "ocf": -3494000,
      "capex": -771000,
      "gross_margin": 0.5523560209424084,
      "op_margin": -1.2735602094240839,
      "fcf_margin": -1.1164921465968587,
      "rev_growth_yoy": -0.05772076961026147,
      "rev_growth_yoy_accel": 0.0601499528231986,
      "op_leverage_ratio": 0.9345737462217014,
      "fcf_margin_change": 0.18257947144027664
    },
    {
      "date": "2025-09-30T00:00:00",
      "quarter_label": "2025-09 (Q3)",
      "revenue": 6783000,
      "gross_profit": 3937000,
      "operating_income": -4734000,
      "net_income": -5400000,
      "opex": 8671000,
      "cogs": 2846000,
      "rd": null,
      "sga": null,
      "fcf": -4078000,
      "ocf": -4161000,
      "capex": 83000,
      "gross_margin": 0.580421642341147,
      "op_margin": -0.697921273772667,
      "fcf_margin": -0.6012089046144774,
      "incr_op_margin_yoy": -0.7146767020184742,
      "rev_growth_yoy": 0.7572538860103627,
      "rev_growth_yoy_accel": 0.8149746556206242,
      "op_leverage_ratio": 3.189970395386743,
      "fcf_margin_change": 0.5152832419823813
    }
  ],
  "signals": [
    {
      "quarter": "2025-09 (Q3)",
      "signal": "FCF MARGIN EXPANSION",
      "detail": "FCF margin: -111.6% -> -60.1% (+51.5%)",
      "severity": "MEDIUM"
    },
    {
      "quarter": "2025-09 (Q3)",
      "signal": "OPERATING LEVERAGE",
      "detail": "Rev growth +77.6% vs OpEx growth +24.3% (leverage: 3.2x)",
      "severity": "MEDIUM"
    },
    {
      "quarter": "2025-09 (Q3)",
      "signal": "YoY REVENUE GROWTH ACCELERATION",
      "detail": "YoY growth: +75.7% vs prior quarter YoY: -5.8% (accel: +81.5%)",
      "severity": "HIGH"
    },
    {
      "quarter": "2025-06 (Q2)",
      "signal": "FCF MARGIN EXPANSION",
      "detail": "FCF margin: -129.9% -> -111.6% (+18.3%)",
      "severity": "MEDIUM"
    },
    {
      "quarter": "2025-06 (Q2)",
      "signal": "GROSS MARGIN INFLECTION",
      "detail": "GM: +56.7% -> +50.0% -> +55.2% (reversal +5.2%)",
      "severity": "HIGH"
    },
    {
      "quarter": "2025-06 (Q2)",
      "signal": "YoY REVENUE GROWTH ACCELERATION",
      "detail": "YoY growth: -5.8% vs prior quarter YoY: -11.8% (accel: +6.0%)",
      "severity": "MEDIUM"
    },
    {
      "quarter": "2025-03 (Q1)",
      "signal": "YoY REVENUE GROWTH DECELERATION",
      "detail": "YoY growth: -11.8% vs prior quarter YoY: +13.9% (decel: -25.6%)",
      "severity": "WARNING"
    },
    {
      "quarter": "2024-12 (Q4)",
      "signal": "FCF MARGIN EXPANSION",
      "detail": "FCF margin: -113.4% -> -84.0% (+29.5%)",
      "severity": "MEDIUM"
    },
    {
      "quarter": "2024-06 (Q2)",
      "signal": "GROSS MARGIN INFLECTION",
      "detail": "GM: +59.7% -> +56.7% -> +65.4% (reversal +8.7%)",
      "severity": "HIGH"
    },
    {
      "quarter": "2024-06 (Q2)",
      "signal": "YoY REVENUE GROWTH ACCELERATION",
      "detail": "YoY growth: +19.4% vs prior quarter YoY: -11.4% (accel: +30.8%)",
      "severity": "HIGH"
    },
    {
      "quarter": "2024-03 (Q1)",
      "signal": "FCF MARGIN EXPANSION",
      "detail": "FCF margin: -89.7% -> -78.0% (+11.7%)",
      "severity": "MEDIUM"
    },
    {
      "quarter": "2024-03 (Q1)",
      "signal": "YoY REVENUE GROWTH ACCELERATION",
      "detail": "YoY growth: -11.4% vs prior quarter YoY: -17.8% (accel: +6.4%)",
      "severity": "MEDIUM"
    },
    {
      "quarter": "2023-12 (Q4)",
      "signal": "GROSS MARGIN INFLECTION",
      "detail": "GM: +61.8% -> +57.5% -> +59.7% (reversal +2.2%)",
      "severity": "MEDIUM"
    },
    {
      "quarter": "2023-06 (Q2)",
      "signal": "FCF MARGIN EXPANSION",
      "detail": "FCF margin: -98.0% -> -91.4% (+6.5%)",
      "severity": "MEDIUM"
    },
    {
      "quarter": "2023-06 (Q2)",
      "signal": "YoY REVENUE GROWTH DECELERATION",
      "detail": "YoY growth: -18.9% vs prior quarter YoY: +11.5% (decel: -30.3%)",
      "severity": "WARNING"
    },
    {
      "quarter": "2023-03 (Q1)",
      "signal": "YoY REVENUE GROWTH ACCELERATION",
      "detail": "YoY growth: +11.5% vs prior quarter YoY: -10.1% (accel: +21.6%)",
      "severity": "HIGH"
    },
    {
      "quarter": "2022-12 (Q4)",
      "signal": "FCF MARGIN EXPANSION",
      "detail": "FCF margin: -139.9% -> -81.0% (+58.9%)",
      "severity": "MEDIUM"
    },
    {
      "quarter": "2022-06 (Q2)",
      "signal": "FCF MARGIN EXPANSION",
      "detail": "FCF margin: -179.2% -> -123.5% (+55.8%)",
      "severity": "MEDIUM"
    },
    {
      "quarter": "2022-06 (Q2)",
      "signal": "OPERATING LEVERAGE",
      "detail": "Rev growth +20.9% vs OpEx growth +3.9% (leverage: 5.3x)",
      "severity": "MEDIUM"
    },
    {
      "quarter": "2022-06 (Q2)",
      "signal": "YoY REVENUE GROWTH DECELERATION",
      "detail": "YoY growth: -7.0% vs prior quarter YoY: +0.4% (decel: -7.3%)",
      "severity": "WARNING"
    },
    {
      "quarter": "2022-03 (Q1)",
      "signal": "YoY REVENUE GROWTH DECELERATION",
      "detail": "YoY growth: +0.4% vs prior quarter YoY: +32.9% (decel: -32.5%)",
      "severity": "WARNING"
    },
    {
      "quarter": "2021-09 (Q3)",
      "signal": "FCF MARGIN EXPANSION",
      "detail": "FCF margin: -111.3% -> -99.0% (+12.3%)",
      "severity": "MEDIUM"
    },
    {
      "quarter": "2021-06 (Q2)",
      "signal": "FCF MARGIN EXPANSION",
      "detail": "FCF margin: -119.6% -> -111.3% (+8.3%)",
      "severity": "MEDIUM"
    },
    {
      "quarter": "2021-06 (Q2)",
      "signal": "GROSS MARGIN INFLECTION",
      "detail": "GM: +81.3% -> +78.0% -> +80.6% (reversal +2.6%)",
      "severity": "MEDIUM"
    }
  ],
  "data_quality": {
    "n_quarters": 20,
    "coverage": {
      "revenue": [
        20,
        20
      ],
      "gross_profit": [
        20,
        20
      ],
      "op_income": [
        20,
        20
      ],
      "fcf": [
        20,
        20
      ]
    },
    "gaps": [],
    "warnings": []
  },
  "market_cap": null,
  "source": "SEC EDGAR",
  "last_updated": "2026-02-02T23:58:17.813100"
}