{
  "ticker": "VVV",
  "name": "VALVOLINE INC",
  "quarters": [
    {
      "date": "2020-12-31T00:00:00",
      "quarter_label": "2020-12 (Q4)",
      "revenue": 653000000,
      "gross_profit": 228000000,
      "operating_income": 124000000,
      "net_income": 87000000,
      "opex": 104000000,
      "cogs": 425000000,
      "rd": null,
      "sga": 117000000,
      "fcf": 44000000,
      "ocf": 79000000,
      "capex": -35000000,
      "gross_margin": 0.34915773353751917,
      "op_margin": 0.18989280245022971,
      "fcf_margin": 0.06738131699846861
    },
    {
      "date": "2021-03-31T00:00:00",
      "quarter_label": "2021-03 (Q1)",
      "revenue": 701000000,
      "gross_profit": 247000000,
      "operating_income": 131000000,
      "net_income": 68000000,
      "opex": 116000000,
      "cogs": 454000000,
      "rd": null,
      "sga": 129000000,
      "fcf": 72000000,
      "ocf": 111000000,
      "capex": -39000000,
      "gross_margin": 0.35235378031383735,
      "op_margin": 0.18687589158345222,
      "fcf_margin": 0.10271041369472182,
      "op_leverage_ratio": 0.6370597243491578,
      "fcf_margin_change": 0.03532909669625321
    },
    {
      "date": "2021-06-30T00:00:00",
      "quarter_label": "2021-06 (Q2)",
      "revenue": 792000000,
      "gross_profit": 259000000,
      "operating_income": 131000000,
      "net_income": 97000000,
      "opex": 128000000,
      "cogs": 533000000,
      "rd": null,
      "sga": 136000000,
      "fcf": 74000000,
      "ocf": 106000000,
      "capex": -32000000,
      "gross_margin": 0.32702020202020204,
      "op_margin": 0.16540404040404041,
      "fcf_margin": 0.09343434343434344,
      "op_leverage_ratio": 1.2548739895387542,
      "fcf_margin_change": -0.009276070260378383
    },
    {
      "date": "2021-09-30T00:00:00",
      "quarter_label": "2021-09 (Q3)",
      "revenue": 295200000,
      "gross_profit": 119400000,
      "operating_income": 87700000,
      "net_income": 168900000,
      "opex": 31700000,
      "cogs": 589000000,
      "rd": null,
      "sga": 138000000,
      "fcf": 110800000,
      "ocf": 107900000,
      "capex": 2900000,
      "gross_margin": 0.40447154471544716,
      "op_margin": 0.29708672086720866,
      "fcf_margin": 0.37533875338753386,
      "fcf_margin_change": 0.28190440995319044
    },
    {
      "date": "2021-12-31T00:00:00",
      "quarter_label": "2021-12 (Q4)",
      "revenue": 858000000,
      "gross_profit": 244000000,
      "operating_income": 121000000,
      "net_income": 87000000,
      "opex": 123000000,
      "cogs": 614000000,
      "rd": null,
      "sga": 135000000,
      "fcf": -200000,
      "ocf": 31800000,
      "capex": -32000000,
      "gross_margin": 0.28438228438228436,
      "op_margin": 0.14102564102564102,
      "fcf_margin": -0.0002331002331002331,
      "incr_op_margin_yoy": -0.014634146341463415,
      "rev_growth_yoy": 0.31393568147013784,
      "op_leverage_ratio": 0.661951575704147,
      "fcf_margin_change": -0.3755718536206341
    },
    {
      "date": "2022-03-31T00:00:00",
      "quarter_label": "2022-03 (Q1)",
      "revenue": 886000000,
      "gross_profit": 250000000,
      "operating_income": 117000000,
      "net_income": 81000000,
      "opex": 133000000,
      "cogs": 636000000,
      "rd": null,
      "sga": 137000000,
      "fcf": 38300000,
      "ocf": 64000000,
      "capex": -25700000,
      "gross_margin": 0.28216704288939054,
      "op_margin": 0.13205417607223477,
      "fcf_margin": 0.04322799097065463,
      "incr_op_margin_yoy": -0.07567567567567568,
      "rev_growth_yoy": 0.26390870185449355,
      "rev_growth_yoy_accel": -0.050026979615644285,
      "op_leverage_ratio": 0.4013986013986014,
      "fcf_margin_change": 0.04346109120375486
    },
    {
      "date": "2022-06-30T00:00:00",
      "quarter_label": "2022-06 (Q2)",
      "revenue": 957000000,
      "gross_profit": 276000000,
      "operating_income": 138000000,
      "net_income": 99000000,
      "opex": 138000000,
      "cogs": 681000000,
      "rd": null,
      "sga": 138000000,
      "fcf": 63600000,
      "ocf": 95400000,
      "capex": -31800000,
      "gross_margin": 0.2884012539184953,
      "op_margin": 0.14420062695924765,
      "fcf_margin": 0.0664576802507837,
      "incr_op_margin_yoy": 0.04242424242424243,
      "rev_growth_yoy": 0.20833333333333334,
      "rev_growth_yoy_accel": -0.05557536852116021,
      "op_leverage_ratio": 2.131602708803612,
      "fcf_margin_change": 0.023229689280129077
    },
    {
      "date": "2022-09-30T00:00:00",
      "quarter_label": "2022-09 (Q3)",
      "revenue": 335400000,
      "gross_profit": 129100000,
      "operating_income": 67200000,
      "net_income": 157700000,
      "opex": 61900000,
      "cogs": -1171300000,
      "rd": null,
      "sga": -165300000,
      "fcf": 50500000,
      "ocf": 93000000,
      "capex": -42500000,
      "gross_margin": 0.3849135360763268,
      "op_margin": 0.2003577817531306,
      "fcf_margin": 0.1505664877757901,
      "incr_op_margin_yoy": -0.5099502487562189,
      "rev_growth_yoy": 0.13617886178861788,
      "rev_growth_yoy_accel": -0.07215447154471546,
      "fcf_margin_change": 0.0841088075250064
    },
    {
      "date": "2022-12-31T00:00:00",
      "quarter_label": "2022-12 (Q4)",
      "revenue": 332800000,
      "gross_profit": 118800000,
      "operating_income": 29300000,
      "net_income": 81900000,
      "opex": 89500000,
      "cogs": 214000000,
      "rd": null,
      "sga": 66000000,
      "fcf": -48600000,
      "ocf": -8700000,
      "capex": -39900000,
      "gross_margin": 0.35697115384615385,
      "op_margin": 0.08804086538461539,
      "fcf_margin": -0.14603365384615385,
      "incr_op_margin_yoy": 0.1746001523229246,
      "rev_growth_yoy": -0.6121212121212121,
      "rev_growth_yoy_accel": -0.74830007390983,
      "fcf_margin_change": -0.2966001416219439
    },
    {
      "date": "2023-03-31T00:00:00",
      "quarter_label": "2023-03 (Q1)",
      "revenue": 344500000,
      "gross_profit": 126700000,
      "operating_income": 61200000,
      "net_income": 1227300000,
      "opex": 65500000,
      "cogs": 217800000,
      "rd": null,
      "sga": 62600000,
      "fcf": 79300000,
      "ocf": 118800000,
      "capex": -39500000,
      "gross_margin": 0.36777939042089985,
      "op_margin": 0.1776487663280116,
      "fcf_margin": 0.23018867924528302,
      "incr_op_margin_yoy": 0.10304709141274238,
      "rev_growth_yoy": -0.6111738148984198,
      "rev_growth_yoy_accel": 0.0009473972227922456,
      "op_leverage_ratio": Infinity,
      "fcf_margin_change": 0.3762223330914369
    },
    {
      "date": "2023-06-30T00:00:00",
      "quarter_label": "2023-06 (Q2)",
      "revenue": 376200000,
      "gross_profit": 150700000,
      "operating_income": 86500000,
      "net_income": 61600000,
      "opex": 64200000,
      "cogs": 225500000,
      "rd": null,
      "sga": 65600000,
      "fcf": -205000000,
      "ocf": -158500000,
      "capex": -46500000,
      "gross_margin": 0.40058479532163743,
      "op_margin": 0.22993088782562468,
      "fcf_margin": -0.5449229133439659,
      "incr_op_margin_yoy": 0.08867079889807163,
      "rev_growth_yoy": -0.6068965517241379,
      "rev_growth_yoy_accel": 0.004277263174281898,
      "op_leverage_ratio": Infinity,
      "fcf_margin_change": -0.7751115925892489
    },
    {
      "date": "2023-09-30T00:00:00",
      "quarter_label": "2023-09 (Q3)",
      "revenue": 390000000,
      "gross_profit": 148300000,
      "operating_income": 70200000,
      "net_income": 48900000,
      "opex": 78100000,
      "cogs": 241700000,
      "rd": null,
      "sga": 70300000,
      "fcf": -47000000,
      "ocf": 7600000,
      "capex": -54600000,
      "gross_margin": 0.38025641025641027,
      "op_margin": 0.18,
      "fcf_margin": -0.12051282051282051,
      "incr_op_margin_yoy": 0.054945054945054944,
      "rev_growth_yoy": 0.16279069767441862,
      "rev_growth_yoy_accel": 0.7696872493985565,
      "op_leverage_ratio": 0.16942618154280403,
      "fcf_margin_change": 0.4244100928311454
    },
    {
      "date": "2023-12-31T00:00:00",
      "quarter_label": "2023-12 (Q4)",
      "revenue": 373400000,
      "gross_profit": 134800000,
      "operating_income": 62800000,
      "net_income": 31900000,
      "opex": 72000000,
      "cogs": 238600000,
      "rd": null,
      "sga": 74500000,
      "fcf": -22400000,
      "ocf": 19900000,
      "capex": -42300000,
      "gross_margin": 0.3610069630423139,
      "op_margin": 0.16818425281199786,
      "fcf_margin": -0.059989287627209426,
      "incr_op_margin_yoy": 0.8251231527093597,
      "rev_growth_yoy": 0.1219951923076923,
      "rev_growth_yoy_accel": -0.04079550536672631,
      "fcf_margin_change": 0.06052353288561109
    },
    {
      "date": "2024-03-31T00:00:00",
      "quarter_label": "2024-03 (Q1)",
      "revenue": 388700000,
      "gross_profit": 146200000,
      "operating_income": 76400000,
      "net_income": 41400000,
      "opex": 69800000,
      "cogs": 242500000,
      "rd": null,
      "sga": 72300000,
      "fcf": 23400000,
      "ocf": 68300000,
      "capex": -44900000,
      "gross_margin": 0.3761255466941086,
      "op_margin": 0.19655261126833032,
      "fcf_margin": 0.06020066889632107,
      "incr_op_margin_yoy": 0.3438914027149321,
      "rev_growth_yoy": 0.12830188679245283,
      "rev_growth_yoy_accel": 0.006306694484760525,
      "op_leverage_ratio": Infinity,
      "fcf_margin_change": 0.1201899565235305
    },
    {
      "date": "2024-06-30T00:00:00",
      "quarter_label": "2024-06 (Q2)",
      "revenue": 421400000,
      "gross_profit": 167500000,
      "operating_income": 93400000,
      "net_income": 45900000,
      "opex": 74100000,
      "cogs": 253900000,
      "rd": null,
      "sga": 77200000,
      "fcf": 9800000,
      "ocf": 75600000,
      "capex": -65800000,
      "gross_margin": 0.397484575225439,
      "op_margin": 0.2216421452301851,
      "fcf_margin": 0.023255813953488372,
      "incr_op_margin_yoy": 0.15265486725663716,
      "rev_growth_yoy": 0.12014885699096226,
      "rev_growth_yoy_accel": -0.008153029801490574,
      "op_leverage_ratio": 1.3655895321913831,
      "fcf_margin_change": -0.0369448549428327
    },
    {
      "date": "2024-09-30T00:00:00",
      "quarter_label": "2024-09 (Q3)",
      "revenue": 435500000,
      "gross_profit": 170300000,
      "operating_income": 134600000,
      "net_income": 92300000,
      "opex": 35700000,
      "cogs": 265200000,
      "rd": null,
      "sga": 81100000,
      "fcf": 29900000,
      "ocf": 101300000,
      "capex": -71400000,
      "gross_margin": 0.39104477611940297,
      "op_margin": 0.3090700344431688,
      "fcf_margin": 0.06865671641791045,
      "incr_op_margin_yoy": 1.4153846153846155,
      "rev_growth_yoy": 0.11666666666666667,
      "rev_growth_yoy_accel": -0.0034821903242955865,
      "op_leverage_ratio": Infinity,
      "fcf_margin_change": 0.04540090246442208
    },
    {
      "date": "2024-12-31T00:00:00",
      "quarter_label": "2024-12 (Q4)",
      "revenue": 414300000,
      "gross_profit": 152900000,
      "operating_income": 143800000,
      "net_income": 91600000,
      "opex": 9100000,
      "cogs": 261400000,
      "rd": null,
      "sga": 82800000,
      "fcf": -12400000,
      "ocf": 41200000,
      "capex": -53600000,
      "gross_margin": 0.3690562394400193,
      "op_margin": 0.3470914796041516,
      "fcf_margin": -0.029930002413709873,
      "incr_op_margin_yoy": 1.980440097799511,
      "rev_growth_yoy": 0.10953401178361007,
      "rev_growth_yoy_accel": -0.007132654883056602,
      "fcf_margin_change": -0.09858671883162032
    },
    {
      "date": "2025-03-31T00:00:00",
      "quarter_label": "2025-03 (Q1)",
      "revenue": 403200000,
      "gross_profit": 150500000,
      "operating_income": 66900000,
      "net_income": 37600000,
      "opex": 83600000,
      "cogs": 252700000,
      "rd": null,
      "sga": 86300000,
      "fcf": -4600000,
      "ocf": 47200000,
      "capex": -51800000,
      "gross_margin": 0.3732638888888889,
      "op_margin": 0.16592261904761904,
      "fcf_margin": -0.011408730158730158,
      "incr_op_margin_yoy": -0.6551724137931034,
      "rev_growth_yoy": 0.03730383329045536,
      "rev_growth_yoy_accel": -0.0722301784931547,
      "fcf_margin_change": 0.018521272254979716
    },
    {
      "date": "2025-06-30T00:00:00",
      "quarter_label": "2025-06 (Q2)",
      "revenue": 439000000,
      "gross_profit": 177600000,
      "operating_income": 94700000,
      "net_income": 56500000,
      "opex": 82900000,
      "cogs": 261400000,
      "rd": null,
      "sga": 85500000,
      "fcf": 32000000,
      "ocf": 86900000,
      "capex": -54900000,
      "gross_margin": 0.40455580865603646,
      "op_margin": 0.21571753986332573,
      "fcf_margin": 0.07289293849658314,
      "incr_op_margin_yoy": 0.07386363636363637,
      "rev_growth_yoy": 0.041765543426673,
      "rev_growth_yoy_accel": 0.004461710136217635,
      "op_leverage_ratio": Infinity,
      "fcf_margin_change": 0.0843016686553133
    },
    {
      "date": "2025-09-30T00:00:00",
      "quarter_label": "2025-09 (Q3)",
      "revenue": 453800000,
      "gross_profit": 177500000,
      "operating_income": 84500000,
      "net_income": 25000000,
      "opex": 93000000,
      "cogs": 276300000,
      "rd": null,
      "sga": 95300000,
      "fcf": 23000000,
      "ocf": 121900000,
      "capex": -98900000,
      "gross_margin": 0.39114147201410315,
      "op_margin": 0.1862053768179815,
      "fcf_margin": 0.050683120317320404,
      "incr_op_margin_yoy": -2.737704918032787,
      "rev_growth_yoy": 0.04202066590126292,
      "rev_growth_yoy_accel": 0.00025512247458991943,
      "op_leverage_ratio": 0.2767135027853582,
      "fcf_margin_change": -0.022209818179262736
    }
  ],
  "signals": [
    {
      "quarter": "2025-06 (Q2)",
      "signal": "FCF TURNED POSITIVE",
      "detail": "FCF margin: -1.1% -> +7.3%",
      "severity": "HIGH"
    },
    {
      "quarter": "2025-03 (Q1)",
      "signal": "YoY REVENUE GROWTH DECELERATION",
      "detail": "YoY growth: +3.7% vs prior quarter YoY: +11.0% (decel: -7.2%)",
      "severity": "WARNING"
    },
    {
      "quarter": "2024-12 (Q4)",
      "signal": "INCREMENTAL MARGIN (YoY)",
      "detail": "YoY Incr OPM: +198.0% vs year-ago OPM: +16.8%",
      "severity": "HIGH"
    },
    {
      "quarter": "2024-09 (Q3)",
      "signal": "INCREMENTAL MARGIN (YoY)",
      "detail": "YoY Incr OPM: +141.5% vs year-ago OPM: +18.0%",
      "severity": "HIGH"
    },
    {
      "quarter": "2024-03 (Q1)",
      "signal": "FCF TURNED POSITIVE",
      "detail": "FCF margin: -6.0% -> +6.0%",
      "severity": "HIGH"
    },
    {
      "quarter": "2024-03 (Q1)",
      "signal": "INCREMENTAL MARGIN (YoY)",
      "detail": "YoY Incr OPM: +34.4% vs year-ago OPM: +17.8%",
      "severity": "MEDIUM"
    },
    {
      "quarter": "2023-12 (Q4)",
      "signal": "FCF MARGIN EXPANSION",
      "detail": "FCF margin: -12.1% -> -6.0% (+6.1%)",
      "severity": "MEDIUM"
    },
    {
      "quarter": "2023-12 (Q4)",
      "signal": "INCREMENTAL MARGIN (YoY)",
      "detail": "YoY Incr OPM: +82.5% vs year-ago OPM: +8.8%",
      "severity": "HIGH"
    },
    {
      "quarter": "2023-09 (Q3)",
      "signal": "FCF MARGIN EXPANSION",
      "detail": "FCF margin: -54.5% -> -12.1% (+42.4%)",
      "severity": "MEDIUM"
    },
    {
      "quarter": "2023-09 (Q3)",
      "signal": "YoY REVENUE GROWTH ACCELERATION",
      "detail": "YoY growth: +16.3% vs prior quarter YoY: -60.7% (accel: +77.0%)",
      "severity": "HIGH"
    },
    {
      "quarter": "2023-03 (Q1)",
      "signal": "FCF TURNED POSITIVE",
      "detail": "FCF margin: -14.6% -> +23.0%",
      "severity": "HIGH"
    },
    {
      "quarter": "2022-12 (Q4)",
      "signal": "YoY REVENUE GROWTH DECELERATION",
      "detail": "YoY growth: -61.2% vs prior quarter YoY: +13.6% (decel: -74.8%)",
      "severity": "WARNING"
    },
    {
      "quarter": "2022-09 (Q3)",
      "signal": "FCF MARGIN EXPANSION",
      "detail": "FCF margin: +6.6% -> +15.1% (+8.4%)",
      "severity": "MEDIUM"
    },
    {
      "quarter": "2022-09 (Q3)",
      "signal": "YoY REVENUE GROWTH DECELERATION",
      "detail": "YoY growth: +13.6% vs prior quarter YoY: +20.8% (decel: -7.2%)",
      "severity": "WARNING"
    },
    {
      "quarter": "2022-06 (Q2)",
      "signal": "OPERATING LEVERAGE",
      "detail": "Rev growth +8.0% vs OpEx growth +3.8% (leverage: 2.1x)",
      "severity": "MEDIUM"
    },
    {
      "quarter": "2022-06 (Q2)",
      "signal": "YoY REVENUE GROWTH DECELERATION",
      "detail": "YoY growth: +20.8% vs prior quarter YoY: +26.4% (decel: -5.6%)",
      "severity": "WARNING"
    },
    {
      "quarter": "2022-03 (Q1)",
      "signal": "FCF TURNED POSITIVE",
      "detail": "FCF margin: -0.0% -> +4.3%",
      "severity": "HIGH"
    },
    {
      "quarter": "2022-03 (Q1)",
      "signal": "YoY REVENUE GROWTH DECELERATION",
      "detail": "YoY growth: +26.4% vs prior quarter YoY: +31.4% (decel: -5.0%)",
      "severity": "WARNING"
    },
    {
      "quarter": "2021-09 (Q3)",
      "signal": "FCF MARGIN EXPANSION",
      "detail": "FCF margin: +9.3% -> +37.5% (+28.2%)",
      "severity": "MEDIUM"
    },
    {
      "quarter": "2021-09 (Q3)",
      "signal": "GROSS MARGIN INFLECTION",
      "detail": "GM: +35.2% -> +32.7% -> +40.4% (reversal +7.7%)",
      "severity": "HIGH"
    }
  ],
  "data_quality": {
    "n_quarters": 20,
    "coverage": {
      "revenue": [
        20,
        20
      ],
      "gross_profit": [
        20,
        20
      ],
      "op_income": [
        20,
        20
      ],
      "fcf": [
        20,
        20
      ]
    },
    "gaps": [],
    "warnings": []
  },
  "market_cap": null,
  "source": "SEC EDGAR",
  "last_updated": "2026-02-02T21:11:15.638587"
}