{
  "ticker": "WAB",
  "name": "WESTINGHOUSE AIR BRAKE TECHNOLOGIES CORPORATION",
  "sector": "Industrials",
  "industry": "Railroads",
  "quarters": [
    {
      "date": "2021-03-31T00:00:00",
      "quarter_label": "2021-03 (Q1)",
      "revenue": 1830200000,
      "gross_profit": 534200000,
      "operating_income": 191600000,
      "net_income": 112400000,
      "opex": 342600000,
      "cogs": 1296000000,
      "rd": 37700000,
      "sga": 235400000,
      "fcf": 265000000,
      "ocf": 292000000,
      "capex": -27000000,
      "gross_margin": 0.29188066877936836,
      "op_margin": 0.10468801223909956,
      "fcf_margin": 0.1447929188066878
    },
    {
      "date": "2021-06-30T00:00:00",
      "quarter_label": "2021-06 (Q2)",
      "revenue": 2012300000,
      "gross_profit": 580100000,
      "operating_income": 203300000,
      "net_income": 124800000,
      "opex": 376800000,
      "cogs": 1432200000,
      "rd": 42000000,
      "sga": 262100000,
      "fcf": 195000000,
      "ocf": 223000000,
      "capex": -28000000,
      "gross_margin": 0.2882770958604582,
      "op_margin": 0.10102867365700939,
      "fcf_margin": 0.09690404015305869,
      "op_leverage_ratio": 0.9967187940345893,
      "fcf_margin_change": -0.047888878653629105
    },
    {
      "date": "2021-09-30T00:00:00",
      "quarter_label": "2021-09 (Q3)",
      "revenue": 1906900000,
      "gross_profit": 602300000,
      "operating_income": 217000000,
      "net_income": 130600000,
      "opex": 385300000,
      "cogs": 1304600000,
      "rd": 43800000,
      "sga": 269000000,
      "fcf": 221000000,
      "ocf": 244000000,
      "capex": -23000000,
      "gross_margin": 0.31585295505794747,
      "op_margin": 0.11379726257276207,
      "fcf_margin": 0.11589490796580838,
      "fcf_margin_change": 0.018990867812749695
    },
    {
      "date": "2021-12-31T00:00:00",
      "quarter_label": "2021-12 (Q4)",
      "revenue": 2072600000,
      "gross_profit": 652400000,
      "operating_income": 264100000,
      "net_income": 190200000,
      "opex": 388300000,
      "cogs": 1420200000,
      "rd": 52500000,
      "sga": 263500000,
      "fcf": 262000000,
      "ocf": 314000000,
      "capex": -52000000,
      "gross_margin": 0.3147737141754318,
      "op_margin": 0.12742449097751615,
      "fcf_margin": 0.12641127086750942,
      "op_leverage_ratio": 11.160209414931739,
      "fcf_margin_change": 0.010516362901701035
    },
    {
      "date": "2022-03-31T00:00:00",
      "quarter_label": "2022-03 (Q1)",
      "revenue": 1927000000,
      "gross_profit": 595000000,
      "operating_income": 239000000,
      "net_income": 149000000,
      "opex": 356000000,
      "cogs": 1332000000,
      "rd": 45000000,
      "sga": 238000000,
      "fcf": 141000000,
      "ocf": 161000000,
      "capex": -20000000,
      "gross_margin": 0.30877010897768553,
      "op_margin": 0.12402698495070057,
      "fcf_margin": 0.07317073170731707,
      "incr_op_margin_yoy": 0.4896694214876033,
      "rev_growth_yoy": 0.0528903944924052,
      "fcf_margin_change": -0.05324053916019235
    },
    {
      "date": "2022-06-30T00:00:00",
      "quarter_label": "2022-06 (Q2)",
      "revenue": 2048000000,
      "gross_profit": 645000000,
      "operating_income": 264000000,
      "net_income": 166000000,
      "opex": 381000000,
      "cogs": 1403000000,
      "rd": 50000000,
      "sga": 259000000,
      "fcf": 233000000,
      "ocf": 263000000,
      "capex": -30000000,
      "gross_margin": 0.31494140625,
      "op_margin": 0.12890625,
      "fcf_margin": 0.11376953125,
      "incr_op_margin_yoy": 1.7002801120448179,
      "rev_growth_yoy": 0.01774089350494459,
      "rev_growth_yoy_accel": -0.03514950098746061,
      "op_leverage_ratio": 0.8941567202906071,
      "fcf_margin_change": 0.04059879954268293
    },
    {
      "date": "2022-09-30T00:00:00",
      "quarter_label": "2022-09 (Q3)",
      "revenue": 2081000000,
      "gross_profit": 648000000,
      "operating_income": 261000000,
      "net_income": 160000000,
      "opex": 387000000,
      "cogs": 1433000000,
      "rd": 54000000,
      "sga": 260000000,
      "fcf": 172000000,
      "ocf": 204000000,
      "capex": -32000000,
      "gross_margin": 0.31138875540605476,
      "op_margin": 0.12542047092743874,
      "fcf_margin": 0.0826525708793849,
      "incr_op_margin_yoy": 0.2527283170591614,
      "rev_growth_yoy": 0.09130001573234045,
      "rev_growth_yoy_accel": 0.07355912222739586,
      "op_leverage_ratio": 1.023193359375,
      "fcf_margin_change": -0.031116960370615093
    },
    {
      "date": "2022-12-31T00:00:00",
      "quarter_label": "2022-12 (Q4)",
      "revenue": 2306000000,
      "gross_profit": 652000000,
      "operating_income": 247000000,
      "net_income": 158000000,
      "opex": 405000000,
      "cogs": 1654000000,
      "rd": 60000000,
      "sga": 272000000,
      "fcf": 343000000,
      "ocf": 410000000,
      "capex": -67000000,
      "gross_margin": 0.28274067649609713,
      "op_margin": 0.10711188204683435,
      "fcf_margin": 0.1487424111014744,
      "incr_op_margin_yoy": -0.07326478149100257,
      "rev_growth_yoy": 0.11261217794075075,
      "rev_growth_yoy_accel": 0.0213121622084103,
      "op_leverage_ratio": 2.3246035559827005,
      "fcf_margin_change": 0.0660898402220895
    },
    {
      "date": "2023-03-31T00:00:00",
      "quarter_label": "2023-03 (Q1)",
      "revenue": 2194000000,
      "gross_profit": 665000000,
      "operating_income": 276000000,
      "net_income": 169000000,
      "opex": 389000000,
      "cogs": 1529000000,
      "rd": 51000000,
      "sga": 263000000,
      "fcf": -57000000,
      "ocf": -25000000,
      "capex": -32000000,
      "gross_margin": 0.3030993618960802,
      "op_margin": 0.12579762989972654,
      "fcf_margin": -0.025979945305378303,
      "incr_op_margin_yoy": 0.13857677902621723,
      "rev_growth_yoy": 0.13855734302023873,
      "rev_growth_yoy_accel": 0.025945165079487978,
      "fcf_margin_change": -0.1747223564068527
    },
    {
      "date": "2023-06-30T00:00:00",
      "quarter_label": "2023-06 (Q2)",
      "revenue": 2407000000,
      "gross_profit": 723000000,
      "operating_income": 312000000,
      "net_income": 191000000,
      "opex": 411000000,
      "cogs": 1684000000,
      "rd": 53000000,
      "sga": 285000000,
      "fcf": 77000000,
      "ocf": 115000000,
      "capex": -38000000,
      "gross_margin": 0.30037390943082676,
      "op_margin": 0.12962193601994185,
      "fcf_margin": 0.03199002908184462,
      "incr_op_margin_yoy": 0.13370473537604458,
      "rev_growth_yoy": 0.17529296875,
      "rev_growth_yoy_accel": 0.03673562572976127,
      "op_leverage_ratio": 1.7166031325101518,
      "fcf_margin_change": 0.05796997438722292
    },
    {
      "date": "2023-09-30T00:00:00",
      "quarter_label": "2023-09 (Q3)",
      "revenue": 2550000000,
      "gross_profit": 792000000,
      "operating_income": 370000000,
      "net_income": 240000000,
      "opex": 422000000,
      "cogs": 1758000000,
      "rd": 53000000,
      "sga": 295000000,
      "fcf": 386000000,
      "ocf": 425000000,
      "capex": -39000000,
      "gross_margin": 0.31058823529411766,
      "op_margin": 0.1450980392156863,
      "fcf_margin": 0.15137254901960784,
      "incr_op_margin_yoy": 0.232409381663113,
      "rev_growth_yoy": 0.22537241710716002,
      "rev_growth_yoy_accel": 0.05007944835716002,
      "op_leverage_ratio": 2.219775654341504,
      "fcf_margin_change": 0.11938251993776322
    },
    {
      "date": "2023-12-31T00:00:00",
      "quarter_label": "2023-12 (Q4)",
      "revenue": 2526000000,
      "gross_profit": 764000000,
      "operating_income": 308000000,
      "net_income": 215000000,
      "opex": 456000000,
      "cogs": 1762000000,
      "rd": 61000000,
      "sga": 296000000,
      "fcf": 609000000,
      "ocf": 686000000,
      "capex": -77000000,
      "gross_margin": 0.30245447347585114,
      "op_margin": 0.12193190815518606,
      "fcf_margin": 0.24109263657957244,
      "incr_op_margin_yoy": 0.2772727272727273,
      "rev_growth_yoy": 0.09540329575021683,
      "rev_growth_yoy_accel": -0.1299691213569432,
      "fcf_margin_change": 0.0897200875599646
    },
    {
      "date": "2024-03-31T00:00:00",
      "quarter_label": "2024-03 (Q1)",
      "revenue": 2497000000,
      "gross_profit": 815000000,
      "operating_income": 412000000,
      "net_income": 272000000,
      "opex": 403000000,
      "cogs": 1682000000,
      "rd": 48000000,
      "sga": 281000000,
      "fcf": 303000000,
      "ocf": 334000000,
      "capex": -31000000,
      "gross_margin": 0.3263916700040048,
      "op_margin": 0.16499799759711653,
      "fcf_margin": 0.12134561473768522,
      "incr_op_margin_yoy": 0.44884488448844884,
      "rev_growth_yoy": 0.13810391978122152,
      "rev_growth_yoy_accel": 0.04270062403100469,
      "fcf_margin_change": -0.11974702184188722
    },
    {
      "date": "2024-06-30T00:00:00",
      "quarter_label": "2024-06 (Q2)",
      "revenue": 2644000000,
      "gross_profit": 874000000,
      "operating_income": 430000000,
      "net_income": 289000000,
      "opex": 444000000,
      "cogs": 1770000000,
      "rd": 57000000,
      "sga": 316000000,
      "fcf": 189000000,
      "ocf": 235000000,
      "capex": -46000000,
      "gross_margin": 0.33055975794251136,
      "op_margin": 0.16263237518910742,
      "fcf_margin": 0.07148260211800303,
      "incr_op_margin_yoy": 0.4978902953586498,
      "rev_growth_yoy": 0.09846281678437889,
      "rev_growth_yoy_accel": -0.039641102996842634,
      "op_leverage_ratio": 0.5786553620442092,
      "fcf_margin_change": -0.04986301261968219
    },
    {
      "date": "2024-09-30T00:00:00",
      "quarter_label": "2024-09 (Q3)",
      "revenue": 2663000000,
      "gross_profit": 880000000,
      "operating_income": 433000000,
      "net_income": 283000000,
      "opex": 447000000,
      "cogs": 1783000000,
      "rd": 50000000,
      "sga": 318000000,
      "fcf": 496000000,
      "ocf": 542000000,
      "capex": -46000000,
      "gross_margin": 0.3304543747653023,
      "op_margin": 0.16259857303792716,
      "fcf_margin": 0.1862561021404431,
      "incr_op_margin_yoy": 0.5575221238938053,
      "rev_growth_yoy": 0.044313725490196076,
      "rev_growth_yoy_accel": -0.05414909129418281,
      "fcf_margin_change": 0.11477350002244008
    },
    {
      "date": "2024-12-31T00:00:00",
      "quarter_label": "2024-12 (Q4)",
      "revenue": 2583000000,
      "gross_profit": 797000000,
      "operating_income": 334000000,
      "net_income": 212000000,
      "opex": 463000000,
      "cogs": 1786000000,
      "rd": 51000000,
      "sga": 333000000,
      "fcf": 639000000,
      "ocf": 723000000,
      "capex": -84000000,
      "gross_margin": 0.30855594270228415,
      "op_margin": 0.12930700735578785,
      "fcf_margin": 0.24738675958188153,
      "incr_op_margin_yoy": 0.45614035087719296,
      "rev_growth_yoy": 0.022565320665083134,
      "rev_growth_yoy_accel": -0.021748404825112942,
      "fcf_margin_change": 0.06113065744143842
    },
    {
      "date": "2025-03-31T00:00:00",
      "quarter_label": "2025-03 (Q1)",
      "revenue": 2610000000,
      "gross_profit": 900000000,
      "operating_income": 474000000,
      "net_income": 322000000,
      "opex": 426000000,
      "cogs": 1710000000,
      "rd": 46000000,
      "sga": 307000000,
      "fcf": 147000000,
      "ocf": 191000000,
      "capex": -44000000,
      "gross_margin": 0.3448275862068966,
      "op_margin": 0.18160919540229886,
      "fcf_margin": 0.05632183908045977,
      "incr_op_margin_yoy": 0.5486725663716814,
      "rev_growth_yoy": 0.04525430516619944,
      "rev_growth_yoy_accel": 0.022688984501116304,
      "op_leverage_ratio": null,
      "fcf_margin_change": -0.19106492050142176
    },
    {
      "date": "2025-06-30T00:00:00",
      "quarter_label": "2025-06 (Q2)",
      "revenue": 2706000000,
      "gross_profit": 938000000,
      "operating_income": 472000000,
      "net_income": 336000000,
      "opex": 466000000,
      "cogs": 1768000000,
      "rd": 50000000,
      "sga": 347000000,
      "fcf": 170000000,
      "ocf": 209000000,
      "capex": -39000000,
      "gross_margin": 0.3466371027346637,
      "op_margin": 0.17442719881744273,
      "fcf_margin": 0.06282335550628233,
      "incr_op_margin_yoy": 0.6774193548387096,
      "rev_growth_yoy": 0.023449319213313162,
      "rev_growth_yoy_accel": -0.021804985952886276,
      "op_leverage_ratio": 0.3917241379310345,
      "fcf_margin_change": 0.0065015164258225636
    },
    {
      "date": "2025-09-30T00:00:00",
      "quarter_label": "2025-09 (Q3)",
      "revenue": 2886000000,
      "gross_profit": 1002000000,
      "operating_income": 491000000,
      "net_income": 310000000,
      "opex": 511000000,
      "cogs": 1884000000,
      "rd": 59000000,
      "sga": 375000000,
      "fcf": 312000000,
      "ocf": 367000000,
      "capex": -55000000,
      "gross_margin": 0.3471933471933472,
      "op_margin": 0.17013167013167013,
      "fcf_margin": 0.10810810810810811,
      "incr_op_margin_yoy": 0.2600896860986547,
      "rev_growth_yoy": 0.08374014269620729,
      "rev_growth_yoy_accel": 0.06029082348289413,
      "op_leverage_ratio": 0.688839615668884,
      "fcf_margin_change": 0.04528475260182578
    },
    {
      "date": "2025-12-31T00:00:00",
      "quarter_label": "2025-12 (Q4)",
      "revenue": 2965000000,
      "gross_profit": 966000000,
      "operating_income": 356000000,
      "net_income": 202000000,
      "opex": 610000000,
      "cogs": 1999000000,
      "rd": 68000000,
      "sga": 461000000,
      "fcf": 870000000,
      "ocf": 992000000,
      "capex": -122000000,
      "gross_margin": 0.3258010118043845,
      "op_margin": 0.12006745362563238,
      "fcf_margin": 0.2934232715008432,
      "incr_op_margin_yoy": 0.05759162303664921,
      "rev_growth_yoy": 0.1478900503290747,
      "rev_growth_yoy_accel": 0.06414990763286742,
      "op_leverage_ratio": 0.1412916412916413,
      "fcf_margin_change": 0.18531516339273507
    }
  ],
  "signals": [
    {
      "quarter": "2025-12 (Q4)",
      "signal": "FCF MARGIN EXPANSION",
      "detail": "FCF margin: +10.8% -> +29.3% (+18.5%)",
      "severity": "MEDIUM"
    },
    {
      "quarter": "2025-12 (Q4)",
      "signal": "YoY REVENUE GROWTH ACCELERATION",
      "detail": "YoY growth: +14.8% vs prior quarter YoY: +8.4% (accel: +6.4%)",
      "severity": "MEDIUM"
    },
    {
      "quarter": "2025-09 (Q3)",
      "signal": "YoY REVENUE GROWTH ACCELERATION",
      "detail": "YoY growth: +8.4% vs prior quarter YoY: +2.3% (accel: +6.0%)",
      "severity": "MEDIUM"
    },
    {
      "quarter": "2025-06 (Q2)",
      "signal": "INCREMENTAL MARGIN (YoY)",
      "detail": "YoY Incr OPM: +67.7% vs year-ago OPM: +16.3%",
      "severity": "HIGH"
    },
    {
      "quarter": "2025-03 (Q1)",
      "signal": "GROSS MARGIN INFLECTION",
      "detail": "GM: +33.0% -> +30.9% -> +34.5% (reversal +3.6%)",
      "severity": "MEDIUM"
    },
    {
      "quarter": "2025-03 (Q1)",
      "signal": "INCREMENTAL MARGIN (YoY)",
      "detail": "YoY Incr OPM: +54.9% vs year-ago OPM: +16.5%",
      "severity": "HIGH"
    },
    {
      "quarter": "2024-12 (Q4)",
      "signal": "FCF MARGIN EXPANSION",
      "detail": "FCF margin: +18.6% -> +24.7% (+6.1%)",
      "severity": "MEDIUM"
    },
    {
      "quarter": "2024-12 (Q4)",
      "signal": "INCREMENTAL MARGIN (YoY)",
      "detail": "YoY Incr OPM: +45.6% vs year-ago OPM: +12.2%",
      "severity": "HIGH"
    },
    {
      "quarter": "2024-09 (Q3)",
      "signal": "FCF MARGIN EXPANSION",
      "detail": "FCF margin: +7.1% -> +18.6% (+11.5%)",
      "severity": "MEDIUM"
    },
    {
      "quarter": "2024-09 (Q3)",
      "signal": "YoY REVENUE GROWTH DECELERATION",
      "detail": "YoY growth: +4.4% vs prior quarter YoY: +9.8% (decel: -5.4%)",
      "severity": "WARNING"
    },
    {
      "quarter": "2024-09 (Q3)",
      "signal": "INCREMENTAL MARGIN (YoY)",
      "detail": "YoY Incr OPM: +55.8% vs year-ago OPM: +14.5%",
      "severity": "HIGH"
    },
    {
      "quarter": "2024-06 (Q2)",
      "signal": "INCREMENTAL MARGIN (YoY)",
      "detail": "YoY Incr OPM: +49.8% vs year-ago OPM: +13.0%",
      "severity": "HIGH"
    },
    {
      "quarter": "2024-03 (Q1)",
      "signal": "GROSS MARGIN INFLECTION",
      "detail": "GM: +31.1% -> +30.2% -> +32.6% (reversal +2.4%)",
      "severity": "MEDIUM"
    },
    {
      "quarter": "2024-03 (Q1)",
      "signal": "INCREMENTAL MARGIN (YoY)",
      "detail": "YoY Incr OPM: +44.9% vs year-ago OPM: +12.6%",
      "severity": "HIGH"
    },
    {
      "quarter": "2023-12 (Q4)",
      "signal": "FCF MARGIN EXPANSION",
      "detail": "FCF margin: +15.1% -> +24.1% (+9.0%)",
      "severity": "MEDIUM"
    },
    {
      "quarter": "2023-12 (Q4)",
      "signal": "YoY REVENUE GROWTH DECELERATION",
      "detail": "YoY growth: +9.5% vs prior quarter YoY: +22.5% (decel: -13.0%)",
      "severity": "WARNING"
    },
    {
      "quarter": "2023-12 (Q4)",
      "signal": "INCREMENTAL MARGIN (YoY)",
      "detail": "YoY Incr OPM: +27.7% vs year-ago OPM: +10.7%",
      "severity": "MEDIUM"
    },
    {
      "quarter": "2023-09 (Q3)",
      "signal": "FCF MARGIN EXPANSION",
      "detail": "FCF margin: +3.2% -> +15.1% (+11.9%)",
      "severity": "MEDIUM"
    },
    {
      "quarter": "2023-09 (Q3)",
      "signal": "OPERATING LEVERAGE",
      "detail": "Rev growth +5.9% vs OpEx growth +2.7% (leverage: 2.2x)",
      "severity": "MEDIUM"
    },
    {
      "quarter": "2023-09 (Q3)",
      "signal": "YoY REVENUE GROWTH ACCELERATION",
      "detail": "YoY growth: +22.5% vs prior quarter YoY: +17.5% (accel: +5.0%)",
      "severity": "MEDIUM"
    },
    {
      "quarter": "2023-09 (Q3)",
      "signal": "INCREMENTAL MARGIN (YoY)",
      "detail": "YoY Incr OPM: +23.2% vs year-ago OPM: +12.5%",
      "severity": "MEDIUM"
    },
    {
      "quarter": "2023-06 (Q2)",
      "signal": "FCF TURNED POSITIVE",
      "detail": "FCF margin: -2.6% -> +3.2%",
      "severity": "HIGH"
    },
    {
      "quarter": "2023-06 (Q2)",
      "signal": "OPERATING LEVERAGE",
      "detail": "Rev growth +9.7% vs OpEx growth +5.7% (leverage: 1.7x)",
      "severity": "MEDIUM"
    },
    {
      "quarter": "2023-03 (Q1)",
      "signal": "GROSS MARGIN INFLECTION",
      "detail": "GM: +31.1% -> +28.3% -> +30.3% (reversal +2.0%)",
      "severity": "MEDIUM"
    },
    {
      "quarter": "2022-12 (Q4)",
      "signal": "FCF MARGIN EXPANSION",
      "detail": "FCF margin: +8.3% -> +14.9% (+6.6%)",
      "severity": "MEDIUM"
    },
    {
      "quarter": "2022-12 (Q4)",
      "signal": "OPERATING LEVERAGE",
      "detail": "Rev growth +10.8% vs OpEx growth +4.7% (leverage: 2.3x)",
      "severity": "MEDIUM"
    },
    {
      "quarter": "2022-09 (Q3)",
      "signal": "YoY REVENUE GROWTH ACCELERATION",
      "detail": "YoY growth: +9.1% vs prior quarter YoY: +1.8% (accel: +7.4%)",
      "severity": "MEDIUM"
    },
    {
      "quarter": "2022-09 (Q3)",
      "signal": "INCREMENTAL MARGIN (YoY)",
      "detail": "YoY Incr OPM: +25.3% vs year-ago OPM: +11.4%",
      "severity": "MEDIUM"
    },
    {
      "quarter": "2022-06 (Q2)",
      "signal": "INCREMENTAL MARGIN (YoY)",
      "detail": "YoY Incr OPM: +170.0% vs year-ago OPM: +10.1%",
      "severity": "HIGH"
    },
    {
      "quarter": "2022-03 (Q1)",
      "signal": "INCREMENTAL MARGIN (YoY)",
      "detail": "YoY Incr OPM: +49.0% vs year-ago OPM: +10.5%",
      "severity": "HIGH"
    },
    {
      "quarter": "2021-12 (Q4)",
      "signal": "OPERATING LEVERAGE",
      "detail": "Rev growth +8.7% vs OpEx growth +0.8% (leverage: 11.2x)",
      "severity": "MEDIUM"
    },
    {
      "quarter": "2021-09 (Q3)",
      "signal": "GROSS MARGIN INFLECTION",
      "detail": "GM: +29.2% -> +28.8% -> +31.6% (reversal +2.8%)",
      "severity": "MEDIUM"
    }
  ],
  "data_quality": {
    "n_quarters": 20,
    "coverage": {
      "revenue": [
        20,
        20
      ],
      "gross_profit": [
        20,
        20
      ],
      "op_income": [
        20,
        20
      ],
      "fcf": [
        20,
        20
      ]
    },
    "gaps": [],
    "warnings": []
  },
  "market_cap": null,
  "source": "SEC EDGAR",
  "last_updated": "2026-02-24T10:41:42.876677"
}