{
  "ticker": "WBD",
  "name": "Warner Bros. Discovery, Inc.",
  "quarters": [
    {
      "date": "2020-12-31T00:00:00",
      "quarter_label": "2020-12 (Q4)",
      "revenue": 2886000000,
      "gross_profit": 1757000000,
      "operating_income": 488000000,
      "net_income": 271000000,
      "opex": 2398000000,
      "cogs": 1129000000,
      "rd": null,
      "sga": 809000000,
      "fcf": 441000000,
      "ocf": 553000000,
      "capex": -112000000,
      "gross_margin": 0.6088011088011088,
      "op_margin": 0.1690921690921691,
      "fcf_margin": 0.15280665280665282
    },
    {
      "date": "2021-03-31T00:00:00",
      "quarter_label": "2021-03 (Q1)",
      "revenue": 2792000000,
      "gross_profit": 1823000000,
      "operating_income": 396000000,
      "net_income": 140000000,
      "opex": 2396000000,
      "cogs": 969000000,
      "rd": null,
      "sga": 1051000000,
      "fcf": 179000000,
      "ocf": 269000000,
      "capex": -90000000,
      "gross_margin": 0.6529369627507163,
      "op_margin": 0.14183381088825214,
      "fcf_margin": 0.06411174785100286,
      "fcf_margin_change": -0.08869490495564995
    },
    {
      "date": "2021-06-30T00:00:00",
      "quarter_label": "2021-06 (Q2)",
      "revenue": 3062000000,
      "gross_profit": 2007000000,
      "operating_income": 779000000,
      "net_income": 672000000,
      "opex": 2283000000,
      "cogs": 1055000000,
      "rd": null,
      "sga": 952000000,
      "fcf": 757000000,
      "ocf": 834000000,
      "capex": -77000000,
      "gross_margin": 0.6554539516655781,
      "op_margin": 0.25440888308295234,
      "fcf_margin": 0.24722403657740039,
      "op_leverage_ratio": Infinity,
      "fcf_margin_change": 0.1831122887263975
    },
    {
      "date": "2021-09-30T00:00:00",
      "quarter_label": "2021-09 (Q3)",
      "revenue": 3150000000,
      "gross_profit": 1621000000,
      "operating_income": 329000000,
      "net_income": 156000000,
      "opex": 2821000000,
      "cogs": 1529000000,
      "rd": null,
      "sga": 944000000,
      "fcf": 705000000,
      "ocf": 811000000,
      "capex": -106000000,
      "gross_margin": 0.5146031746031746,
      "op_margin": 0.10444444444444445,
      "fcf_margin": 0.22380952380952382,
      "op_leverage_ratio": 0.12195542432843902,
      "fcf_margin_change": -0.023414512767876566
    },
    {
      "date": "2021-12-31T00:00:00",
      "quarter_label": "2021-12 (Q4)",
      "revenue": 3187000000,
      "gross_profit": 2120000000,
      "operating_income": 508000000,
      "net_income": 38000000,
      "opex": 2679000000,
      "cogs": 1067000000,
      "rd": null,
      "sga": 1069000000,
      "fcf": 784000000,
      "ocf": 884000000,
      "capex": -100000000,
      "gross_margin": 0.6652023846877941,
      "op_margin": 0.15939755255726387,
      "fcf_margin": 0.24599937245058048,
      "incr_op_margin_yoy": 0.0664451827242525,
      "rev_growth_yoy": 0.1042966042966043,
      "op_leverage_ratio": Infinity,
      "fcf_margin_change": 0.022189848641056664
    },
    {
      "date": "2022-03-31T00:00:00",
      "quarter_label": "2022-03 (Q1)",
      "revenue": 3159000000,
      "gross_profit": 1923000000,
      "operating_income": 353000000,
      "net_income": 456000000,
      "opex": 2806000000,
      "cogs": 1236000000,
      "rd": null,
      "sga": 1040000000,
      "fcf": 238000000,
      "ocf": 323000000,
      "capex": -85000000,
      "gross_margin": 0.6087369420702754,
      "op_margin": 0.11174422285533396,
      "fcf_margin": 0.07534029756251978,
      "incr_op_margin_yoy": -0.11716621253405994,
      "rev_growth_yoy": 0.13144699140401145,
      "rev_growth_yoy_accel": 0.02715038710740715,
      "fcf_margin_change": -0.1706590748880607
    },
    {
      "date": "2022-06-30T00:00:00",
      "quarter_label": "2022-06 (Q2)",
      "revenue": 9827000000,
      "gross_profit": 3202000000,
      "operating_income": -3639000000,
      "net_income": -3418000000,
      "opex": 13466000000,
      "cogs": 6625000000,
      "rd": null,
      "sga": 3538000000,
      "fcf": 789000000,
      "ocf": 1011000000,
      "capex": -222000000,
      "gross_margin": 0.3258369797496693,
      "op_margin": -0.3703062989722194,
      "fcf_margin": 0.08028899969471863,
      "incr_op_margin_yoy": -0.6530672579453067,
      "rev_growth_yoy": 2.2093403004572174,
      "rev_growth_yoy_accel": 2.077893309053206,
      "op_leverage_ratio": 0.5556181540338304,
      "fcf_margin_change": 0.004948702132198848
    },
    {
      "date": "2022-09-30T00:00:00",
      "quarter_label": "2022-09 (Q3)",
      "revenue": 9823000000,
      "gross_profit": 4196000000,
      "operating_income": -2190000000,
      "net_income": -2308000000,
      "opex": 12013000000,
      "cogs": 5627000000,
      "rd": null,
      "sga": 2589000000,
      "fcf": -192000000,
      "ocf": 124000000,
      "capex": -316000000,
      "gross_margin": 0.4271607451898605,
      "op_margin": -0.22294614679833044,
      "fcf_margin": -0.01954596355492212,
      "incr_op_margin_yoy": -0.3774913831859733,
      "rev_growth_yoy": 2.1184126984126985,
      "rev_growth_yoy_accel": -0.09092760204451888,
      "fcf_margin_change": -0.09983496324964075
    },
    {
      "date": "2022-12-31T00:00:00",
      "quarter_label": "2022-12 (Q4)",
      "revenue": 11008000000,
      "gross_profit": 4054000000,
      "operating_income": -1894000000,
      "net_income": -2101000000,
      "opex": 12902000000,
      "cogs": 6954000000,
      "rd": null,
      "sga": 2511000000,
      "fcf": 2482000000,
      "ocf": 2846000000,
      "capex": -364000000,
      "gross_margin": 0.36827761627906974,
      "op_margin": -0.17205668604651161,
      "fcf_margin": 0.22547238372093023,
      "incr_op_margin_yoy": -0.3071218514256489,
      "rev_growth_yoy": 2.4540320050203954,
      "rev_growth_yoy_accel": 0.3356193066076969,
      "op_leverage_ratio": 1.6301363149111605,
      "fcf_margin_change": 0.24501834727585237
    },
    {
      "date": "2023-03-31T00:00:00",
      "quarter_label": "2023-03 (Q1)",
      "revenue": 10700000000,
      "gross_profit": 4015000000,
      "operating_income": -557000000,
      "net_income": -1069000000,
      "opex": 11257000000,
      "cogs": 6685000000,
      "rd": null,
      "sga": 2388000000,
      "fcf": -930000000,
      "ocf": -631000000,
      "capex": -299000000,
      "gross_margin": 0.3752336448598131,
      "op_margin": -0.05205607476635514,
      "fcf_margin": -0.08691588785046729,
      "incr_op_margin_yoy": -0.12067365070945497,
      "rev_growth_yoy": 2.387147831592276,
      "rev_growth_yoy_accel": -0.06688417342811936,
      "fcf_margin_change": -0.31238827157139754
    },
    {
      "date": "2023-06-30T00:00:00",
      "quarter_label": "2023-06 (Q2)",
      "revenue": 10358000000,
      "gross_profit": 3722000000,
      "operating_income": -906000000,
      "net_income": -1240000000,
      "opex": 11264000000,
      "cogs": 6636000000,
      "rd": null,
      "sga": 2562000000,
      "fcf": 1722000000,
      "ocf": 2014000000,
      "capex": -292000000,
      "gross_margin": 0.3593357791079359,
      "op_margin": -0.08746862328634872,
      "fcf_margin": 0.16624831048464955,
      "incr_op_margin_yoy": 5.146892655367232,
      "rev_growth_yoy": 0.0540348020759133,
      "rev_growth_yoy_accel": -2.3331130295163627,
      "fcf_margin_change": 0.25316419833511683
    },
    {
      "date": "2023-09-30T00:00:00",
      "quarter_label": "2023-09 (Q3)",
      "revenue": 9979000000,
      "gross_profit": 4670000000,
      "operating_income": 97000000,
      "net_income": -417000000,
      "opex": 9882000000,
      "cogs": 5309000000,
      "rd": null,
      "sga": 2291000000,
      "fcf": 2059000000,
      "ocf": 2516000000,
      "capex": -457000000,
      "gross_margin": 0.4679827638039884,
      "op_margin": 0.009720412867020743,
      "fcf_margin": 0.2063332999298527,
      "incr_op_margin_yoy": 14.66025641025641,
      "rev_growth_yoy": 0.015881095388374223,
      "rev_growth_yoy_accel": -0.03815370668753908,
      "fcf_margin_change": 0.04008498944520314
    },
    {
      "date": "2023-12-31T00:00:00",
      "quarter_label": "2023-12 (Q4)",
      "revenue": 10284000000,
      "gross_profit": 4388000000,
      "operating_income": -182000000,
      "net_income": -400000000,
      "opex": 10466000000,
      "cogs": 5896000000,
      "rd": null,
      "sga": 2455000000,
      "fcf": 3310000000,
      "ocf": 3578000000,
      "capex": -268000000,
      "gross_margin": 0.426682224815247,
      "op_margin": -0.017697394010112798,
      "fcf_margin": 0.32185919875534813,
      "incr_op_margin_yoy": -2.3646408839779007,
      "rev_growth_yoy": -0.06577034883720931,
      "rev_growth_yoy_accel": -0.08165144422558353,
      "op_leverage_ratio": 0.5171836884855456,
      "fcf_margin_change": 0.11552589882549544
    },
    {
      "date": "2024-03-31T00:00:00",
      "quarter_label": "2024-03 (Q1)",
      "revenue": 9958000000,
      "gross_profit": 3900000000,
      "operating_income": -267000000,
      "net_income": -966000000,
      "opex": 10225000000,
      "cogs": 6058000000,
      "rd": null,
      "sga": 2232000000,
      "fcf": 390000000,
      "ocf": 585000000,
      "capex": -195000000,
      "gross_margin": 0.391644908616188,
      "op_margin": -0.02681261297449287,
      "fcf_margin": 0.0391644908616188,
      "incr_op_margin_yoy": -0.3908355795148248,
      "rev_growth_yoy": -0.06934579439252336,
      "rev_growth_yoy_accel": -0.003575445555314055,
      "fcf_margin_change": -0.2826947078937293
    },
    {
      "date": "2024-06-30T00:00:00",
      "quarter_label": "2024-06 (Q2)",
      "revenue": 9713000000,
      "gross_profit": 3509000000,
      "operating_income": -10208000000,
      "net_income": -9986000000,
      "opex": 19921000000,
      "cogs": 6204000000,
      "rd": null,
      "sga": 2461000000,
      "fcf": 976000000,
      "ocf": 1228000000,
      "capex": -252000000,
      "gross_margin": 0.36126840317100795,
      "op_margin": -1.0509626274065684,
      "fcf_margin": 0.1004838875733553,
      "incr_op_margin_yoy": 14.421705426356588,
      "rev_growth_yoy": -0.06227070863100985,
      "rev_growth_yoy_accel": 0.007075085761513514,
      "fcf_margin_change": 0.0613193967117365
    },
    {
      "date": "2024-09-30T00:00:00",
      "quarter_label": "2024-09 (Q3)",
      "revenue": 9623000000,
      "gross_profit": 4442000000,
      "operating_income": 281000000,
      "net_income": 135000000,
      "opex": 9342000000,
      "cogs": 5181000000,
      "rd": null,
      "sga": 2385000000,
      "fcf": 632000000,
      "ocf": 847000000,
      "capex": -215000000,
      "gross_margin": 0.4616024108905747,
      "op_margin": 0.029200872908656344,
      "fcf_margin": 0.06567598462018082,
      "incr_op_margin_yoy": -0.5168539325842697,
      "rev_growth_yoy": -0.03567491732638541,
      "rev_growth_yoy_accel": 0.026595791304624437,
      "fcf_margin_change": -0.034807902953174485
    },
    {
      "date": "2024-12-31T00:00:00",
      "quarter_label": "2024-12 (Q4)",
      "revenue": 10027000000,
      "gross_profit": 4500000000,
      "operating_income": 162000000,
      "net_income": -494000000,
      "opex": 9865000000,
      "cogs": 5527000000,
      "rd": null,
      "sga": 2218000000,
      "fcf": 2429000000,
      "ocf": 2715000000,
      "capex": -286000000,
      "gross_margin": 0.4487882716665004,
      "op_margin": 0.016156377779994017,
      "fcf_margin": 0.24224593597287325,
      "incr_op_margin_yoy": -1.33852140077821,
      "rev_growth_yoy": -0.024990276157137302,
      "rev_growth_yoy_accel": 0.01068464116924811,
      "op_leverage_ratio": 0.7499098419596613,
      "fcf_margin_change": 0.17656995135269243
    },
    {
      "date": "2025-03-31T00:00:00",
      "quarter_label": "2025-03 (Q1)",
      "revenue": 8979000000,
      "gross_profit": 3848000000,
      "operating_income": -37000000,
      "net_income": -453000000,
      "opex": 9016000000,
      "cogs": 5131000000,
      "rd": null,
      "sga": 2194000000,
      "fcf": 302000000,
      "ocf": 553000000,
      "capex": -251000000,
      "gross_margin": 0.42855551843189665,
      "op_margin": -0.004120726138768237,
      "fcf_margin": 0.03363403497048669,
      "incr_op_margin_yoy": -0.23493360572012256,
      "rev_growth_yoy": -0.09831291423980719,
      "rev_growth_yoy_accel": -0.0733226380826699,
      "fcf_margin_change": -0.20861190100238655
    },
    {
      "date": "2025-06-30T00:00:00",
      "quarter_label": "2025-06 (Q2)",
      "revenue": 9812000000,
      "gross_profit": 3845000000,
      "operating_income": -185000000,
      "net_income": 1580000000,
      "opex": 9997000000,
      "cogs": 5967000000,
      "rd": null,
      "sga": 2477000000,
      "fcf": 702000000,
      "ocf": 983000000,
      "capex": -281000000,
      "gross_margin": 0.39186710150835713,
      "op_margin": -0.018854463921728494,
      "fcf_margin": 0.07154504688136976,
      "incr_op_margin_yoy": 101.24242424242425,
      "rev_growth_yoy": 0.010192525481313703,
      "rev_growth_yoy_accel": 0.1085054397211209,
      "op_leverage_ratio": 0.8526325839690051,
      "fcf_margin_change": 0.037911011910883065
    },
    {
      "date": "2025-09-30T00:00:00",
      "quarter_label": "2025-09 (Q3)",
      "revenue": 9045000000,
      "gross_profit": 4481000000,
      "operating_income": 611000000,
      "net_income": -148000000,
      "opex": 8434000000,
      "cogs": 4564000000,
      "rd": null,
      "sga": 2361000000,
      "fcf": 701000000,
      "ocf": 979000000,
      "capex": -278000000,
      "gross_margin": 0.49541182974018794,
      "op_margin": 0.06755113322277502,
      "fcf_margin": 0.07750138197899392,
      "incr_op_margin_yoy": -0.5709342560553633,
      "rev_growth_yoy": -0.060064428972253975,
      "rev_growth_yoy_accel": -0.07025695445356768,
      "fcf_margin_change": 0.005956335097624166
    }
  ],
  "signals": [
    {
      "quarter": "2025-09 (Q3)",
      "signal": "GROSS MARGIN INFLECTION",
      "detail": "GM: +42.9% -> +39.2% -> +49.5% (reversal +10.4%)",
      "severity": "HIGH"
    },
    {
      "quarter": "2025-09 (Q3)",
      "signal": "YoY REVENUE GROWTH DECELERATION",
      "detail": "YoY growth: -6.0% vs prior quarter YoY: +1.0% (decel: -7.0%)",
      "severity": "WARNING"
    },
    {
      "quarter": "2025-09 (Q3)",
      "signal": "OP MARGIN TURNED POSITIVE (QoQ)",
      "detail": "Op margin: -1.9% -> +6.8%",
      "severity": "HIGH"
    },
    {
      "quarter": "2025-06 (Q2)",
      "signal": "YoY REVENUE GROWTH ACCELERATION",
      "detail": "YoY growth: +1.0% vs prior quarter YoY: -9.8% (accel: +10.9%)",
      "severity": "MEDIUM"
    },
    {
      "quarter": "2025-03 (Q1)",
      "signal": "YoY REVENUE GROWTH DECELERATION",
      "detail": "YoY growth: -9.8% vs prior quarter YoY: -2.5% (decel: -7.3%)",
      "severity": "WARNING"
    },
    {
      "quarter": "2024-12 (Q4)",
      "signal": "FCF MARGIN EXPANSION",
      "detail": "FCF margin: +6.6% -> +24.2% (+17.7%)",
      "severity": "MEDIUM"
    },
    {
      "quarter": "2024-12 (Q4)",
      "signal": "OP MARGIN TURNED POSITIVE (YoY)",
      "detail": "Op margin: -1.8% (year-ago) -> +1.6%",
      "severity": "HIGH"
    },
    {
      "quarter": "2024-09 (Q3)",
      "signal": "GROSS MARGIN INFLECTION",
      "detail": "GM: +39.2% -> +36.1% -> +46.2% (reversal +10.0%)",
      "severity": "HIGH"
    },
    {
      "quarter": "2024-09 (Q3)",
      "signal": "OP MARGIN TURNED POSITIVE (QoQ)",
      "detail": "Op margin: -105.1% -> +2.9%",
      "severity": "HIGH"
    },
    {
      "quarter": "2024-06 (Q2)",
      "signal": "FCF MARGIN EXPANSION",
      "detail": "FCF margin: +3.9% -> +10.0% (+6.1%)",
      "severity": "MEDIUM"
    },
    {
      "quarter": "2023-12 (Q4)",
      "signal": "FCF MARGIN EXPANSION",
      "detail": "FCF margin: +20.6% -> +32.2% (+11.6%)",
      "severity": "MEDIUM"
    },
    {
      "quarter": "2023-12 (Q4)",
      "signal": "YoY REVENUE GROWTH DECELERATION",
      "detail": "YoY growth: -6.6% vs prior quarter YoY: +1.6% (decel: -8.2%)",
      "severity": "WARNING"
    },
    {
      "quarter": "2023-09 (Q3)",
      "signal": "GROSS MARGIN INFLECTION",
      "detail": "GM: +37.5% -> +35.9% -> +46.8% (reversal +10.9%)",
      "severity": "HIGH"
    },
    {
      "quarter": "2023-09 (Q3)",
      "signal": "OP MARGIN TURNED POSITIVE (YoY)",
      "detail": "Op margin: -22.3% (year-ago) -> +1.0%",
      "severity": "HIGH"
    },
    {
      "quarter": "2023-09 (Q3)",
      "signal": "OP MARGIN TURNED POSITIVE (QoQ)",
      "detail": "Op margin: -8.7% -> +1.0%",
      "severity": "HIGH"
    },
    {
      "quarter": "2023-06 (Q2)",
      "signal": "FCF TURNED POSITIVE",
      "detail": "FCF margin: -8.7% -> +16.6%",
      "severity": "HIGH"
    },
    {
      "quarter": "2023-06 (Q2)",
      "signal": "YoY REVENUE GROWTH DECELERATION",
      "detail": "YoY growth: +5.4% vs prior quarter YoY: +238.7% (decel: -233.3%)",
      "severity": "WARNING"
    },
    {
      "quarter": "2023-03 (Q1)",
      "signal": "YoY REVENUE GROWTH DECELERATION",
      "detail": "YoY growth: +238.7% vs prior quarter YoY: +245.4% (decel: -6.7%)",
      "severity": "WARNING"
    },
    {
      "quarter": "2022-12 (Q4)",
      "signal": "FCF TURNED POSITIVE",
      "detail": "FCF margin: -2.0% -> +22.5%",
      "severity": "HIGH"
    },
    {
      "quarter": "2022-12 (Q4)",
      "signal": "OPERATING LEVERAGE",
      "detail": "Rev growth +12.1% vs OpEx growth +7.4% (leverage: 1.6x)",
      "severity": "MEDIUM"
    },
    {
      "quarter": "2022-12 (Q4)",
      "signal": "YoY REVENUE GROWTH ACCELERATION",
      "detail": "YoY growth: +245.4% vs prior quarter YoY: +211.8% (accel: +33.6%)",
      "severity": "HIGH"
    },
    {
      "quarter": "2022-09 (Q3)",
      "signal": "GROSS MARGIN INFLECTION",
      "detail": "GM: +60.9% -> +32.6% -> +42.7% (reversal +10.1%)",
      "severity": "HIGH"
    },
    {
      "quarter": "2022-09 (Q3)",
      "signal": "YoY REVENUE GROWTH DECELERATION",
      "detail": "YoY growth: +211.8% vs prior quarter YoY: +220.9% (decel: -9.1%)",
      "severity": "WARNING"
    },
    {
      "quarter": "2022-06 (Q2)",
      "signal": "YoY REVENUE GROWTH ACCELERATION",
      "detail": "YoY growth: +220.9% vs prior quarter YoY: +13.1% (accel: +207.8%)",
      "severity": "HIGH"
    },
    {
      "quarter": "2021-12 (Q4)",
      "signal": "GROSS MARGIN INFLECTION",
      "detail": "GM: +65.5% -> +51.5% -> +66.5% (reversal +15.1%)",
      "severity": "HIGH"
    },
    {
      "quarter": "2021-06 (Q2)",
      "signal": "FCF MARGIN EXPANSION",
      "detail": "FCF margin: +6.4% -> +24.7% (+18.3%)",
      "severity": "MEDIUM"
    }
  ],
  "data_quality": {
    "n_quarters": 20,
    "coverage": {
      "revenue": [
        20,
        20
      ],
      "gross_profit": [
        20,
        20
      ],
      "op_income": [
        20,
        20
      ],
      "fcf": [
        20,
        20
      ]
    },
    "gaps": [],
    "warnings": []
  },
  "market_cap": null,
  "source": "SEC EDGAR",
  "last_updated": "2026-02-02T19:55:20.284607"
}