{
  "ticker": "WDC",
  "name": "WESTERN DIGITAL CORPORATION",
  "quarters": [
    {
      "date": "2021-04-02T00:00:00",
      "quarter_label": "2021-04 (Q2)",
      "revenue": 4137000000,
      "gross_profit": 1091000000,
      "operating_income": 317000000,
      "net_income": 197000000,
      "opex": 774000000,
      "cogs": 3046000000,
      "rd": null,
      "sga": 287000000,
      "fcf": -128000000,
      "ocf": 116000000,
      "capex": -244000000,
      "gross_margin": 0.2637176698090404,
      "op_margin": 0.07662557408750302,
      "fcf_margin": -0.030940294899685764
    },
    {
      "date": "2021-07-02T00:00:00",
      "quarter_label": "2021-07 (Q3)",
      "revenue": 4920000000,
      "gross_profit": 1566000000,
      "operating_income": 675000000,
      "net_income": 622000000,
      "opex": 891000000,
      "cogs": 3354000000,
      "rd": null,
      "sga": 297000000,
      "fcf": 668000000,
      "ocf": 994000000,
      "capex": -326000000,
      "gross_margin": 0.3182926829268293,
      "op_margin": 0.13719512195121952,
      "fcf_margin": 0.13577235772357724,
      "op_leverage_ratio": 1.2520778713672116,
      "fcf_margin_change": 0.166712652623263
    },
    {
      "date": "2021-10-01T00:00:00",
      "quarter_label": "2021-10 (Q4)",
      "revenue": 5051000000,
      "gross_profit": 1665000000,
      "operating_income": 778000000,
      "net_income": 610000000,
      "opex": 887000000,
      "cogs": 3386000000,
      "rd": null,
      "sga": 291000000,
      "fcf": 276000000,
      "ocf": 521000000,
      "capex": -245000000,
      "gross_margin": 0.32963769550584043,
      "op_margin": 0.15402890516729362,
      "fcf_margin": 0.054642645020787965,
      "op_leverage_ratio": Infinity,
      "fcf_margin_change": -0.08112971270278926
    },
    {
      "date": "2021-12-31T00:00:00",
      "quarter_label": "2021-12 (Q4)",
      "revenue": 4833000000,
      "gross_profit": 1583000000,
      "operating_income": 727000000,
      "net_income": 564000000,
      "opex": 856000000,
      "cogs": 3250000000,
      "rd": null,
      "sga": 279000000,
      "fcf": 360000000,
      "ocf": 666000000,
      "capex": -306000000,
      "gross_margin": 0.32753983033312645,
      "op_margin": 0.15042416718394372,
      "fcf_margin": 0.074487895716946,
      "fcf_margin_change": 0.019845250696158036
    },
    {
      "date": "2022-04-01T00:00:00",
      "quarter_label": "2022-04 (Q2)",
      "revenue": 4381000000,
      "gross_profit": 1181000000,
      "operating_income": 324000000,
      "net_income": 25000000,
      "opex": 857000000,
      "cogs": 3200000000,
      "rd": null,
      "sga": 281000000,
      "fcf": 107000000,
      "ocf": 398000000,
      "capex": -291000000,
      "gross_margin": 0.2695731568135129,
      "op_margin": 0.07395571787263182,
      "fcf_margin": 0.024423647569048162,
      "incr_op_margin_yoy": 0.028688524590163935,
      "rev_growth_yoy": 0.05897993715252599,
      "fcf_margin_change": -0.05006424814789784
    },
    {
      "date": "2022-07-01T00:00:00",
      "quarter_label": "2022-07 (Q3)",
      "revenue": 4528000000,
      "gross_profit": 1445000000,
      "operating_income": 562000000,
      "net_income": 301000000,
      "opex": 883000000,
      "cogs": 3083000000,
      "rd": null,
      "sga": 266000000,
      "fcf": 15000000,
      "ocf": 295000000,
      "capex": -280000000,
      "gross_margin": 0.31912544169611307,
      "op_margin": 0.12411660777385158,
      "fcf_margin": 0.0033127208480565372,
      "incr_op_margin_yoy": 0.288265306122449,
      "rev_growth_yoy": -0.07967479674796749,
      "rev_growth_yoy_accel": -0.1386547339004935,
      "op_leverage_ratio": 1.1059909047811352,
      "fcf_margin_change": -0.021110926720991626
    },
    {
      "date": "2022-09-30T00:00:00",
      "quarter_label": "2022-09 (Q3)",
      "revenue": 3736000000,
      "gross_profit": 981000000,
      "operating_income": 158000000,
      "net_income": 27000000,
      "opex": 823000000,
      "cogs": 2755000000,
      "rd": null,
      "sga": 247000000,
      "fcf": -314000000,
      "ocf": 6000000,
      "capex": -320000000,
      "gross_margin": 0.2625802997858672,
      "op_margin": 0.04229122055674518,
      "fcf_margin": -0.08404710920770878,
      "incr_op_margin_yoy": 0.4714828897338403,
      "rev_growth_yoy": -0.26034448624034845,
      "rev_growth_yoy_accel": -0.18066968949238096,
      "fcf_margin_change": -0.08735983005576531
    },
    {
      "date": "2022-12-30T00:00:00",
      "quarter_label": "2022-12 (Q4)",
      "revenue": 3107000000,
      "gross_profit": 528000000,
      "operating_income": -321000000,
      "net_income": -446000000,
      "opex": 849000000,
      "cogs": 2579000000,
      "rd": null,
      "sga": 250000000,
      "fcf": -223000000,
      "ocf": 35000000,
      "capex": -258000000,
      "gross_margin": 0.16993884776311555,
      "op_margin": -0.10331509494689411,
      "fcf_margin": -0.07177341486964918,
      "incr_op_margin_yoy": 0.6071842410196987,
      "rev_growth_yoy": -0.35712807779846883,
      "rev_growth_yoy_accel": -0.09678359155812039,
      "fcf_margin_change": 0.012273694338059596
    },
    {
      "date": "2023-03-31T00:00:00",
      "quarter_label": "2023-03 (Q1)",
      "revenue": 2803000000,
      "gross_profit": 286000000,
      "operating_income": -472000000,
      "net_income": -572000000,
      "opex": 758000000,
      "cogs": 2517000000,
      "rd": null,
      "sga": 242000000,
      "fcf": -505000000,
      "ocf": -381000000,
      "capex": -124000000,
      "gross_margin": 0.10203353549768106,
      "op_margin": -0.16839100963253656,
      "fcf_margin": -0.180164109882269,
      "incr_op_margin_yoy": 0.5044359949302915,
      "rev_growth_yoy": -0.36019173704633645,
      "rev_growth_yoy_accel": -0.0030636592478676117,
      "fcf_margin_change": -0.10839069501261982
    },
    {
      "date": "2023-06-30T00:00:00",
      "quarter_label": "2023-06 (Q2)",
      "revenue": 2672000000,
      "gross_profit": 92000000,
      "operating_income": -650000000,
      "net_income": -715000000,
      "opex": 742000000,
      "cogs": 2580000000,
      "rd": null,
      "sga": 231000000,
      "fcf": -187000000,
      "ocf": -68000000,
      "capex": -119000000,
      "gross_margin": 0.0344311377245509,
      "op_margin": -0.2432634730538922,
      "fcf_margin": -0.06998502994011976,
      "incr_op_margin_yoy": 0.6530172413793104,
      "rev_growth_yoy": -0.4098939929328622,
      "rev_growth_yoy_accel": -0.04970225588652577,
      "fcf_margin_change": 0.11017907994214923
    },
    {
      "date": "2023-09-29T00:00:00",
      "quarter_label": "2023-09 (Q3)",
      "revenue": 2750000000,
      "gross_profit": 99000000,
      "operating_income": -596000000,
      "net_income": -685000000,
      "opex": 695000000,
      "cogs": 2651000000,
      "rd": null,
      "sga": 207000000,
      "fcf": -750000000,
      "ocf": -626000000,
      "capex": -124000000,
      "gross_margin": 0.036,
      "op_margin": -0.21672727272727274,
      "fcf_margin": -0.2727272727272727,
      "incr_op_margin_yoy": 0.7647058823529411,
      "rev_growth_yoy": -0.2639186295503212,
      "rev_growth_yoy_accel": 0.14597536338254102,
      "op_leverage_ratio": Infinity,
      "fcf_margin_change": -0.20274224278715294
    },
    {
      "date": "2023-12-29T00:00:00",
      "quarter_label": "2023-12 (Q4)",
      "revenue": 3032000000,
      "gross_profit": 492000000,
      "operating_income": -210000000,
      "net_income": -287000000,
      "opex": 702000000,
      "cogs": 2540000000,
      "rd": null,
      "sga": 198000000,
      "fcf": -242000000,
      "ocf": -92000000,
      "capex": -150000000,
      "gross_margin": 0.16226912928759896,
      "op_margin": -0.06926121372031663,
      "fcf_margin": -0.07981530343007916,
      "incr_op_margin_yoy": -1.48,
      "rev_growth_yoy": -0.02413904087544255,
      "rev_growth_yoy_accel": 0.23977958867487864,
      "op_leverage_ratio": 10.181298701298703,
      "fcf_margin_change": 0.19291196929719356
    },
    {
      "date": "2024-03-29T00:00:00",
      "quarter_label": "2024-03 (Q1)",
      "revenue": 3457000000,
      "gross_profit": 1001000000,
      "operating_income": 273000000,
      "net_income": 135000000,
      "opex": 728000000,
      "cogs": 2456000000,
      "rd": null,
      "sga": 203000000,
      "fcf": -39000000,
      "ocf": 58000000,
      "capex": -97000000,
      "gross_margin": 0.28955741972808796,
      "op_margin": 0.07897020538038763,
      "fcf_margin": -0.011281457911483946,
      "incr_op_margin_yoy": 1.1391437308868502,
      "rev_growth_yoy": 0.23332144131287905,
      "rev_growth_yoy_accel": 0.25746048218832157,
      "op_leverage_ratio": 3.7846306068601585,
      "fcf_margin_change": 0.0685338455185952
    },
    {
      "date": "2024-06-28T00:00:00",
      "quarter_label": "2024-06 (Q2)",
      "revenue": 2004000000,
      "gross_profit": 697000000,
      "operating_income": 216000000,
      "net_income": 39000000,
      "opex": 1137000000,
      "cogs": 2411000000,
      "rd": null,
      "sga": 220000000,
      "fcf": 250000000,
      "ocf": 366000000,
      "capex": -116000000,
      "gross_margin": 0.34780439121756485,
      "op_margin": 0.10778443113772455,
      "fcf_margin": 0.124750499001996,
      "incr_op_margin_yoy": -1.2964071856287425,
      "rev_growth_yoy": -0.25,
      "rev_growth_yoy_accel": -0.483321441312879,
      "fcf_margin_change": 0.13603195691347994
    },
    {
      "date": "2024-09-27T00:00:00",
      "quarter_label": "2024-09 (Q3)",
      "revenue": 4095000000,
      "gross_profit": 1551000000,
      "operating_income": 742000000,
      "net_income": 493000000,
      "opex": 809000000,
      "cogs": 2544000000,
      "rd": null,
      "sga": 242000000,
      "fcf": -62000000,
      "ocf": 34000000,
      "capex": -96000000,
      "gross_margin": 0.37875457875457874,
      "op_margin": 0.1811965811965812,
      "fcf_margin": -0.01514041514041514,
      "incr_op_margin_yoy": 0.9947955390334573,
      "rev_growth_yoy": 0.4890909090909091,
      "rev_growth_yoy_accel": 0.739090909090909,
      "op_leverage_ratio": Infinity,
      "fcf_margin_change": -0.13989091414241114
    },
    {
      "date": "2024-12-27T00:00:00",
      "quarter_label": "2024-12 (Q4)",
      "revenue": 4285000000,
      "gross_profit": 1516000000,
      "operating_income": 852000000,
      "net_income": 594000000,
      "opex": 664000000,
      "cogs": 2769000000,
      "rd": null,
      "sga": 238000000,
      "fcf": 287000000,
      "ocf": 403000000,
      "capex": -116000000,
      "gross_margin": 0.35379229871645274,
      "op_margin": 0.19883313885647608,
      "fcf_margin": 0.06697782963827305,
      "incr_op_margin_yoy": 0.8475658419792498,
      "rev_growth_yoy": 0.41325857519788917,
      "rev_growth_yoy_accel": -0.07583233389301991,
      "op_leverage_ratio": Infinity,
      "fcf_margin_change": 0.08211824477868819
    },
    {
      "date": "2025-03-28T00:00:00",
      "quarter_label": "2025-03 (Q1)",
      "revenue": 2294000000,
      "gross_profit": 912000000,
      "operating_income": 760000000,
      "net_income": 520000000,
      "opex": 152000000,
      "cogs": 1382000000,
      "rd": null,
      "sga": 108000000,
      "fcf": 379000000,
      "ocf": 508000000,
      "capex": -129000000,
      "gross_margin": 0.3975588491717524,
      "op_margin": 0.33129904097646035,
      "fcf_margin": 0.16521360069747165,
      "incr_op_margin_yoy": -0.41874462596732587,
      "rev_growth_yoy": -0.3364188602834828,
      "rev_growth_yoy_accel": -0.749677435481372,
      "fcf_margin_change": 0.0982357710591986
    },
    {
      "date": "2025-06-27T00:00:00",
      "quarter_label": "2025-06 (Q2)",
      "revenue": 2605000000,
      "gross_profit": 1067000000,
      "operating_income": 680000000,
      "net_income": 282000000,
      "opex": 387000000,
      "cogs": 1538000000,
      "rd": null,
      "sga": 124000000,
      "fcf": 675000000,
      "ocf": 746000000,
      "capex": -71000000,
      "gross_margin": 0.40959692898272554,
      "op_margin": 0.26103646833013433,
      "fcf_margin": 0.2591170825335892,
      "incr_op_margin_yoy": 0.7720465890183028,
      "rev_growth_yoy": 0.2999001996007984,
      "rev_growth_yoy_accel": 0.6363190598842812,
      "op_leverage_ratio": 0.08768851212228014,
      "fcf_margin_change": 0.09390348183611757
    },
    {
      "date": "2025-10-03T00:00:00",
      "quarter_label": "2025-10 (Q4)",
      "revenue": 2818000000,
      "gross_profit": 1227000000,
      "operating_income": 792000000,
      "net_income": 1182000000,
      "opex": 435000000,
      "cogs": 1591000000,
      "rd": null,
      "sga": 138000000,
      "fcf": 599000000,
      "ocf": 672000000,
      "capex": -73000000,
      "gross_margin": 0.4354151880766501,
      "op_margin": 0.28105039034776436,
      "fcf_margin": 0.21256210078069554,
      "incr_op_margin_yoy": -0.03915426781519186,
      "rev_growth_yoy": -0.31184371184371185,
      "rev_growth_yoy_accel": -0.6117439114445102,
      "op_leverage_ratio": 0.6592370441458734,
      "fcf_margin_change": -0.04655498175289369
    },
    {
      "date": "2026-01-02T00:00:00",
      "quarter_label": "2026-01 (Q1)",
      "revenue": 3017000000,
      "gross_profit": 1380000000,
      "operating_income": 908000000,
      "net_income": 1842000000,
      "opex": 472000000,
      "cogs": 1637000000,
      "rd": null,
      "sga": 128000000,
      "fcf": 653000000,
      "ocf": 745000000,
      "capex": -92000000,
      "gross_margin": 0.4574080212131256,
      "op_margin": 0.30096121975472323,
      "fcf_margin": 0.21644017235664567,
      "incr_op_margin_yoy": -0.04416403785488959,
      "rev_growth_yoy": -0.2959159859976663,
      "rev_growth_yoy_accel": 0.01592772584604557,
      "op_leverage_ratio": 0.8302322904877908,
      "fcf_margin_change": 0.0038780715759501316
    }
  ],
  "signals": [
    {
      "quarter": "2025-10 (Q4)",
      "signal": "YoY REVENUE GROWTH DECELERATION",
      "detail": "YoY growth: -31.2% vs prior quarter YoY: +30.0% (decel: -61.2%)",
      "severity": "WARNING"
    },
    {
      "quarter": "2025-06 (Q2)",
      "signal": "FCF MARGIN EXPANSION",
      "detail": "FCF margin: +16.5% -> +25.9% (+9.4%)",
      "severity": "MEDIUM"
    },
    {
      "quarter": "2025-06 (Q2)",
      "signal": "YoY REVENUE GROWTH ACCELERATION",
      "detail": "YoY growth: +30.0% vs prior quarter YoY: -33.6% (accel: +63.6%)",
      "severity": "HIGH"
    },
    {
      "quarter": "2025-06 (Q2)",
      "signal": "INCREMENTAL MARGIN (YoY)",
      "detail": "YoY Incr OPM: +77.2% vs year-ago OPM: +10.8%",
      "severity": "HIGH"
    },
    {
      "quarter": "2025-03 (Q1)",
      "signal": "FCF MARGIN EXPANSION",
      "detail": "FCF margin: +6.7% -> +16.5% (+9.8%)",
      "severity": "MEDIUM"
    },
    {
      "quarter": "2025-03 (Q1)",
      "signal": "GROSS MARGIN INFLECTION",
      "detail": "GM: +37.9% -> +35.4% -> +39.8% (reversal +4.4%)",
      "severity": "MEDIUM"
    },
    {
      "quarter": "2025-03 (Q1)",
      "signal": "YoY REVENUE GROWTH DECELERATION",
      "detail": "YoY growth: -33.6% vs prior quarter YoY: +41.3% (decel: -75.0%)",
      "severity": "WARNING"
    },
    {
      "quarter": "2024-12 (Q4)",
      "signal": "FCF TURNED POSITIVE",
      "detail": "FCF margin: -1.5% -> +6.7%",
      "severity": "HIGH"
    },
    {
      "quarter": "2024-12 (Q4)",
      "signal": "YoY REVENUE GROWTH DECELERATION",
      "detail": "YoY growth: +41.3% vs prior quarter YoY: +48.9% (decel: -7.6%)",
      "severity": "WARNING"
    },
    {
      "quarter": "2024-12 (Q4)",
      "signal": "OP MARGIN TURNED POSITIVE (YoY)",
      "detail": "Op margin: -6.9% (year-ago) -> +19.9%",
      "severity": "HIGH"
    },
    {
      "quarter": "2024-09 (Q3)",
      "signal": "YoY REVENUE GROWTH ACCELERATION",
      "detail": "YoY growth: +48.9% vs prior quarter YoY: -25.0% (accel: +73.9%)",
      "severity": "HIGH"
    },
    {
      "quarter": "2024-09 (Q3)",
      "signal": "OP MARGIN TURNED POSITIVE (YoY)",
      "detail": "Op margin: -21.7% (year-ago) -> +18.1%",
      "severity": "HIGH"
    },
    {
      "quarter": "2024-06 (Q2)",
      "signal": "FCF TURNED POSITIVE",
      "detail": "FCF margin: -1.1% -> +12.5%",
      "severity": "HIGH"
    },
    {
      "quarter": "2024-06 (Q2)",
      "signal": "YoY REVENUE GROWTH DECELERATION",
      "detail": "YoY growth: -25.0% vs prior quarter YoY: +23.3% (decel: -48.3%)",
      "severity": "WARNING"
    },
    {
      "quarter": "2024-06 (Q2)",
      "signal": "OP MARGIN TURNED POSITIVE (YoY)",
      "detail": "Op margin: -24.3% (year-ago) -> +10.8%",
      "severity": "HIGH"
    },
    {
      "quarter": "2024-03 (Q1)",
      "signal": "FCF MARGIN EXPANSION",
      "detail": "FCF margin: -8.0% -> -1.1% (+6.9%)",
      "severity": "MEDIUM"
    },
    {
      "quarter": "2024-03 (Q1)",
      "signal": "OPERATING LEVERAGE",
      "detail": "Rev growth +14.0% vs OpEx growth +3.7% (leverage: 3.8x)",
      "severity": "MEDIUM"
    },
    {
      "quarter": "2024-03 (Q1)",
      "signal": "YoY REVENUE GROWTH ACCELERATION",
      "detail": "YoY growth: +23.3% vs prior quarter YoY: -2.4% (accel: +25.7%)",
      "severity": "HIGH"
    },
    {
      "quarter": "2024-03 (Q1)",
      "signal": "OP MARGIN TURNED POSITIVE (YoY)",
      "detail": "Op margin: -16.8% (year-ago) -> +7.9%",
      "severity": "HIGH"
    },
    {
      "quarter": "2024-03 (Q1)",
      "signal": "OP MARGIN TURNED POSITIVE (QoQ)",
      "detail": "Op margin: -6.9% -> +7.9%",
      "severity": "HIGH"
    },
    {
      "quarter": "2023-12 (Q4)",
      "signal": "FCF MARGIN EXPANSION",
      "detail": "FCF margin: -27.3% -> -8.0% (+19.3%)",
      "severity": "MEDIUM"
    },
    {
      "quarter": "2023-12 (Q4)",
      "signal": "OPERATING LEVERAGE",
      "detail": "Rev growth +10.3% vs OpEx growth +1.0% (leverage: 10.2x)",
      "severity": "MEDIUM"
    },
    {
      "quarter": "2023-12 (Q4)",
      "signal": "YoY REVENUE GROWTH ACCELERATION",
      "detail": "YoY growth: -2.4% vs prior quarter YoY: -26.4% (accel: +24.0%)",
      "severity": "HIGH"
    },
    {
      "quarter": "2023-09 (Q3)",
      "signal": "YoY REVENUE GROWTH ACCELERATION",
      "detail": "YoY growth: -26.4% vs prior quarter YoY: -41.0% (accel: +14.6%)",
      "severity": "MEDIUM"
    },
    {
      "quarter": "2023-06 (Q2)",
      "signal": "FCF MARGIN EXPANSION",
      "detail": "FCF margin: -18.0% -> -7.0% (+11.0%)",
      "severity": "MEDIUM"
    },
    {
      "quarter": "2022-12 (Q4)",
      "signal": "YoY REVENUE GROWTH DECELERATION",
      "detail": "YoY growth: -35.7% vs prior quarter YoY: -26.0% (decel: -9.7%)",
      "severity": "WARNING"
    },
    {
      "quarter": "2022-09 (Q3)",
      "signal": "YoY REVENUE GROWTH DECELERATION",
      "detail": "YoY growth: -26.0% vs prior quarter YoY: -8.0% (decel: -18.1%)",
      "severity": "WARNING"
    },
    {
      "quarter": "2022-09 (Q3)",
      "signal": "INCREMENTAL MARGIN (YoY)",
      "detail": "YoY Incr OPM: +47.1% vs year-ago OPM: +15.4%",
      "severity": "HIGH"
    },
    {
      "quarter": "2022-07 (Q3)",
      "signal": "GROSS MARGIN INFLECTION",
      "detail": "GM: +32.8% -> +27.0% -> +31.9% (reversal +5.0%)",
      "severity": "MEDIUM"
    },
    {
      "quarter": "2022-07 (Q3)",
      "signal": "YoY REVENUE GROWTH DECELERATION",
      "detail": "YoY growth: -8.0% vs prior quarter YoY: +5.9% (decel: -13.9%)",
      "severity": "WARNING"
    },
    {
      "quarter": "2022-07 (Q3)",
      "signal": "INCREMENTAL MARGIN (YoY)",
      "detail": "YoY Incr OPM: +28.8% vs year-ago OPM: +13.7%",
      "severity": "MEDIUM"
    },
    {
      "quarter": "2021-07 (Q3)",
      "signal": "FCF TURNED POSITIVE",
      "detail": "FCF margin: -3.1% -> +13.6%",
      "severity": "HIGH"
    }
  ],
  "data_quality": {
    "n_quarters": 20,
    "coverage": {
      "revenue": [
        20,
        20
      ],
      "gross_profit": [
        20,
        20
      ],
      "op_income": [
        20,
        20
      ],
      "fcf": [
        20,
        20
      ]
    },
    "gaps": [],
    "warnings": []
  },
  "market_cap": null,
  "source": "SEC EDGAR",
  "last_updated": "2026-02-02T19:52:12.604297"
}