{
  "ticker": "WDFC",
  "name": "WD-40 COMPANY",
  "quarters": [
    {
      "date": "2021-02-28T00:00:00",
      "quarter_label": "2021-02 (Q1)",
      "revenue": 111905000,
      "gross_profit": 62007000,
      "operating_income": 20655000,
      "net_income": 17191000,
      "opex": 41352000,
      "cogs": 49898000,
      "rd": null,
      "sga": 35478000,
      "fcf": 14796000,
      "ocf": 18589000,
      "capex": -3793000,
      "gross_margin": 0.5541039274384523,
      "op_margin": 0.18457620302935526,
      "fcf_margin": 0.1322192931504401
    },
    {
      "date": "2021-05-31T00:00:00",
      "quarter_label": "2021-05 (Q2)",
      "revenue": 136405000,
      "gross_profit": 72458000,
      "operating_income": 27321000,
      "net_income": 21006000,
      "opex": 45137000,
      "cogs": 63947000,
      "rd": null,
      "sga": 38131000,
      "fcf": 18281000,
      "ocf": 21465000,
      "capex": -3184000,
      "gross_margin": 0.5311975367471867,
      "op_margin": 0.2002932443825373,
      "fcf_margin": 0.13402001392910817,
      "op_leverage_ratio": 2.391923183097193,
      "fcf_margin_change": 0.0018007207786680801
    },
    {
      "date": "2021-08-31T00:00:00",
      "quarter_label": "2021-08 (Q3)",
      "revenue": 115240000,
      "gross_profit": 59028000,
      "operating_income": 12473000,
      "net_income": 8409000,
      "opex": 46555000,
      "cogs": 56212000,
      "rd": null,
      "sga": 35907000,
      "fcf": 16469000,
      "ocf": 20739000,
      "capex": -4270000,
      "gross_margin": 0.5122179798681014,
      "op_margin": 0.10823498785144048,
      "fcf_margin": 0.14291044776119402,
      "fcf_margin_change": 0.008890433832085848
    },
    {
      "date": "2021-11-30T00:00:00",
      "quarter_label": "2021-11 (Q4)",
      "revenue": 134746000,
      "gross_profit": 68470000,
      "operating_income": 24060000,
      "net_income": 18555000,
      "opex": 44410000,
      "cogs": 66276000,
      "rd": null,
      "sga": 38423000,
      "fcf": -3381000,
      "ocf": -947000,
      "capex": -2434000,
      "gross_margin": 0.5081412435248541,
      "op_margin": 0.17855817612396657,
      "fcf_margin": -0.025091653926647174,
      "op_leverage_ratio": Infinity,
      "fcf_margin_change": -0.1680021016878412
    },
    {
      "date": "2022-02-28T00:00:00",
      "quarter_label": "2022-02 (Q1)",
      "revenue": 129986000,
      "gross_profit": 65518000,
      "operating_income": 24743000,
      "net_income": 19508000,
      "opex": 40775000,
      "cogs": 64468000,
      "rd": null,
      "sga": 34819000,
      "fcf": 3604000,
      "ocf": 5030000,
      "capex": -1426000,
      "gross_margin": 0.5040388964965458,
      "op_margin": 0.19035126859815674,
      "fcf_margin": 0.027726062806763804,
      "incr_op_margin_yoy": 0.22609368950832365,
      "rev_growth_yoy": 0.1615745498413833,
      "fcf_margin_change": 0.05281771673341098
    },
    {
      "date": "2022-05-31T00:00:00",
      "quarter_label": "2022-05 (Q2)",
      "revenue": 123667000,
      "gross_profit": 58985000,
      "operating_income": 18984000,
      "net_income": 14480000,
      "opex": 40001000,
      "cogs": 64682000,
      "rd": null,
      "sga": 33621000,
      "fcf": 318000,
      "ocf": 3573000,
      "capex": -3255000,
      "gross_margin": 0.47696636936288583,
      "op_margin": 0.15350902019132023,
      "fcf_margin": 0.002571421640372937,
      "incr_op_margin_yoy": 0.6544983513895432,
      "rev_growth_yoy": -0.09338367361900224,
      "rev_growth_yoy_accel": -0.25495822346038555,
      "fcf_margin_change": -0.025154641166390868
    },
    {
      "date": "2022-08-31T00:00:00",
      "quarter_label": "2022-08 (Q3)",
      "revenue": 130421000,
      "gross_profit": 61792000,
      "operating_income": 19543000,
      "net_income": 14786000,
      "opex": 42249000,
      "cogs": 68629000,
      "rd": null,
      "sga": 31795000,
      "fcf": -6240000,
      "ocf": -5052000,
      "capex": -1188000,
      "gross_margin": 0.4737887303425062,
      "op_margin": 0.14984550034120273,
      "fcf_margin": -0.047845055627544646,
      "incr_op_margin_yoy": 0.4657137210987419,
      "rev_growth_yoy": 0.1317337729954877,
      "rev_growth_yoy_accel": 0.22511744661448993,
      "op_leverage_ratio": 0.971810914726314,
      "fcf_margin_change": -0.050416477267917585
    },
    {
      "date": "2022-11-30T00:00:00",
      "quarter_label": "2022-11 (Q4)",
      "revenue": 124893000,
      "gross_profit": 64255000,
      "operating_income": 18679000,
      "net_income": 13997000,
      "opex": 45576000,
      "cogs": 60638000,
      "rd": null,
      "sga": 39984000,
      "fcf": 8979000,
      "ocf": 10437000,
      "capex": -1458000,
      "gross_margin": 0.5144803952183069,
      "op_margin": 0.14956002338001328,
      "fcf_margin": 0.07189354087098557,
      "incr_op_margin_yoy": 0.546128082817416,
      "rev_growth_yoy": -0.07312276431211316,
      "rev_growth_yoy_accel": -0.20485653730760084,
      "fcf_margin_change": 0.11973859649853022
    },
    {
      "date": "2023-02-28T00:00:00",
      "quarter_label": "2023-02 (Q1)",
      "revenue": 130193000,
      "gross_profit": 66078000,
      "operating_income": 22153000,
      "net_income": 16526000,
      "opex": 43925000,
      "cogs": 64115000,
      "rd": null,
      "sga": 37690000,
      "fcf": 8397000,
      "ocf": 10510000,
      "capex": -2113000,
      "gross_margin": 0.507538807770003,
      "op_margin": 0.1701550774619219,
      "fcf_margin": 0.06449655511433026,
      "rev_growth_yoy": 0.0015924791900666225,
      "rev_growth_yoy_accel": 0.07471524350217978,
      "op_leverage_ratio": Infinity,
      "fcf_margin_change": -0.007396985756655303
    },
    {
      "date": "2023-05-31T00:00:00",
      "quarter_label": "2023-05 (Q2)",
      "revenue": 141717000,
      "gross_profit": 71762000,
      "operating_income": 25657000,
      "net_income": 18895000,
      "opex": 46105000,
      "cogs": 69955000,
      "rd": null,
      "sga": 38195000,
      "fcf": 33567000,
      "ocf": 34646000,
      "capex": -1079000,
      "gross_margin": 0.5063753819231285,
      "op_margin": 0.18104391145734103,
      "fcf_margin": 0.23685937466923518,
      "incr_op_margin_yoy": 0.36969529085872577,
      "rev_growth_yoy": 0.14595647990167143,
      "rev_growth_yoy_accel": 0.14436400071160482,
      "op_leverage_ratio": 1.7834908752616174,
      "fcf_margin_change": 0.1723628195549049
    },
    {
      "date": "2023-08-31T00:00:00",
      "quarter_label": "2023-08 (Q3)",
      "revenue": 140452000,
      "gross_profit": 72125000,
      "operating_income": 23235000,
      "net_income": 16575000,
      "opex": 48890000,
      "cogs": 68327000,
      "rd": null,
      "sga": 38815000,
      "fcf": 40577000,
      "ocf": 42798000,
      "capex": -2221000,
      "gross_margin": 0.5135206333836471,
      "op_margin": 0.16543018255347022,
      "fcf_margin": 0.2889029704098197,
      "incr_op_margin_yoy": 0.3680590170471538,
      "rev_growth_yoy": 0.07691246041665069,
      "rev_growth_yoy_accel": -0.06904401948502074,
      "fcf_margin_change": 0.052043595740584536
    },
    {
      "date": "2023-11-30T00:00:00",
      "quarter_label": "2023-11 (Q4)",
      "revenue": 140416000,
      "gross_profit": 75553000,
      "operating_income": 24184000,
      "net_income": 17482000,
      "opex": 51369000,
      "cogs": 64863000,
      "rd": null,
      "sga": 44135000,
      "fcf": 26130000,
      "ocf": 26916000,
      "capex": -786000,
      "gross_margin": 0.5380654626253418,
      "op_margin": 0.17223108477666363,
      "fcf_margin": 0.18608990428441202,
      "incr_op_margin_yoy": 0.35463505765638087,
      "rev_growth_yoy": 0.1242903925760451,
      "rev_growth_yoy_accel": 0.04737793215939441,
      "fcf_margin_change": -0.10281306612540769
    },
    {
      "date": "2024-02-29T00:00:00",
      "quarter_label": "2024-02 (Q1)",
      "revenue": 139105000,
      "gross_profit": 72941000,
      "operating_income": 20941000,
      "net_income": 15536000,
      "opex": 52000000,
      "cogs": 66164000,
      "rd": null,
      "sga": 45023000,
      "fcf": 16670000,
      "ocf": 17976000,
      "capex": -1306000,
      "gross_margin": 0.5243592969339708,
      "op_margin": 0.15054095826893354,
      "fcf_margin": 0.11983753279896481,
      "incr_op_margin_yoy": -0.1359964093357271,
      "rev_growth_yoy": 0.06845222093353713,
      "rev_growth_yoy_accel": -0.05583817164250797,
      "fcf_margin_change": -0.06625237148544721
    },
    {
      "date": "2024-05-31T00:00:00",
      "quarter_label": "2024-05 (Q2)",
      "revenue": 155045000,
      "gross_profit": 82388000,
      "operating_income": 27176000,
      "net_income": 19842000,
      "opex": 55212000,
      "cogs": 72657000,
      "rd": null,
      "sga": 45564000,
      "fcf": 18665000,
      "ocf": 19932000,
      "capex": -1267000,
      "gross_margin": 0.5313812119062208,
      "op_margin": 0.17527814505466155,
      "fcf_margin": 0.12038440452771776,
      "incr_op_margin_yoy": 0.11397058823529412,
      "rev_growth_yoy": 0.09404658580128002,
      "rev_growth_yoy_accel": 0.025594364867742886,
      "op_leverage_ratio": 1.855125877434836,
      "fcf_margin_change": 0.0005468717287529512
    },
    {
      "date": "2024-08-31T00:00:00",
      "quarter_label": "2024-08 (Q3)",
      "revenue": 155991000,
      "gross_profit": 84345000,
      "operating_income": 24050000,
      "net_income": 16784000,
      "opex": 60295000,
      "cogs": 71646000,
      "rd": null,
      "sga": 49137000,
      "fcf": 26363000,
      "ocf": 27210000,
      "capex": -847000,
      "gross_margin": 0.5407042714002731,
      "op_margin": 0.15417556141059421,
      "fcf_margin": 0.16900333993627836,
      "incr_op_margin_yoy": 0.052448677521076,
      "rev_growth_yoy": 0.11063566200552502,
      "rev_growth_yoy_accel": 0.016589076204245004,
      "fcf_margin_change": 0.048618935408560604
    },
    {
      "date": "2024-11-30T00:00:00",
      "quarter_label": "2024-11 (Q4)",
      "revenue": 153495000,
      "gross_profit": 84087000,
      "operating_income": 25122000,
      "net_income": 18925000,
      "opex": 58965000,
      "cogs": 69408000,
      "rd": null,
      "sga": 50525000,
      "fcf": 14239000,
      "ocf": 14930000,
      "capex": -691000,
      "gross_margin": 0.5478158897683963,
      "op_margin": 0.1636665689436138,
      "fcf_margin": 0.09276523665265969,
      "incr_op_margin_yoy": 0.07171802125544767,
      "rev_growth_yoy": 0.09314465587967183,
      "rev_growth_yoy_accel": -0.017491006125853192,
      "fcf_margin_change": -0.07623810328361867
    },
    {
      "date": "2025-02-28T00:00:00",
      "quarter_label": "2025-02 (Q1)",
      "revenue": 146104000,
      "gross_profit": 79716000,
      "operating_income": 23280000,
      "net_income": 29851000,
      "opex": 56436000,
      "cogs": 66388000,
      "rd": null,
      "sga": 48988000,
      "fcf": 6612000,
      "ocf": 7978000,
      "capex": -1366000,
      "gross_margin": 0.5456113453430433,
      "op_margin": 0.15933855335925096,
      "fcf_margin": 0.045255434485024365,
      "incr_op_margin_yoy": 0.334190598656951,
      "rev_growth_yoy": 0.05031451062147299,
      "rev_growth_yoy_accel": -0.04283014525819884,
      "fcf_margin_change": -0.047509802167635326
    },
    {
      "date": "2025-05-31T00:00:00",
      "quarter_label": "2025-05 (Q2)",
      "revenue": 156915000,
      "gross_profit": 88111000,
      "operating_income": 27365000,
      "net_income": 20977000,
      "opex": 60746000,
      "cogs": 68804000,
      "rd": null,
      "sga": 51541000,
      "fcf": 33952000,
      "ocf": 35072000,
      "capex": -1120000,
      "gross_margin": 0.5615205684606316,
      "op_margin": 0.1743937800720135,
      "fcf_margin": 0.2163719211037823,
      "incr_op_margin_yoy": 0.10106951871657754,
      "rev_growth_yoy": 0.012061014544164597,
      "rev_growth_yoy_accel": -0.038253496077308394,
      "op_leverage_ratio": 0.9689083884308072,
      "fcf_margin_change": 0.17111648661875795
    },
    {
      "date": "2025-08-31T00:00:00",
      "quarter_label": "2025-08 (Q3)",
      "revenue": 163471000,
      "gross_profit": 89429000,
      "operating_income": 28026000,
      "net_income": 21241000,
      "opex": 61403000,
      "cogs": 74042000,
      "rd": null,
      "sga": 48882000,
      "fcf": 28594000,
      "ocf": 29945000,
      "capex": -1351000,
      "gross_margin": 0.5470633935071052,
      "op_margin": 0.17144325293171267,
      "fcf_margin": 0.17491787534180375,
      "incr_op_margin_yoy": 0.5315508021390374,
      "rev_growth_yoy": 0.047951484380509134,
      "rev_growth_yoy_accel": 0.035890469836344537,
      "op_leverage_ratio": 3.8630186068124504,
      "fcf_margin_change": -0.04145404576197856
    },
    {
      "date": "2025-11-30T00:00:00",
      "quarter_label": "2025-11 (Q4)",
      "revenue": 154423000,
      "gross_profit": 86832000,
      "operating_income": 23258000,
      "net_income": 17451000,
      "opex": 63574000,
      "cogs": 67591000,
      "rd": null,
      "sga": 55336000,
      "fcf": 9050000,
      "ocf": 9985000,
      "capex": -935000,
      "gross_margin": 0.5622996574344495,
      "op_margin": 0.15061227925891868,
      "fcf_margin": 0.05860525957920776,
      "rev_growth_yoy": 0.006045799537444216,
      "rev_growth_yoy_accel": -0.041905684843064915,
      "fcf_margin_change": -0.116312615762596
    }
  ],
  "signals": [
    {
      "quarter": "2025-08 (Q3)",
      "signal": "OPERATING LEVERAGE",
      "detail": "Rev growth +4.2% vs OpEx growth +1.1% (leverage: 3.9x)",
      "severity": "MEDIUM"
    },
    {
      "quarter": "2025-08 (Q3)",
      "signal": "INCREMENTAL MARGIN (YoY)",
      "detail": "YoY Incr OPM: +53.2% vs year-ago OPM: +15.4%",
      "severity": "HIGH"
    },
    {
      "quarter": "2025-05 (Q2)",
      "signal": "FCF MARGIN EXPANSION",
      "detail": "FCF margin: +4.5% -> +21.6% (+17.1%)",
      "severity": "MEDIUM"
    },
    {
      "quarter": "2025-02 (Q1)",
      "signal": "INCREMENTAL MARGIN (YoY)",
      "detail": "YoY Incr OPM: +33.4% vs year-ago OPM: +15.1%",
      "severity": "MEDIUM"
    },
    {
      "quarter": "2024-05 (Q2)",
      "signal": "OPERATING LEVERAGE",
      "detail": "Rev growth +11.5% vs OpEx growth +6.2% (leverage: 1.9x)",
      "severity": "MEDIUM"
    },
    {
      "quarter": "2024-02 (Q1)",
      "signal": "YoY REVENUE GROWTH DECELERATION",
      "detail": "YoY growth: +6.8% vs prior quarter YoY: +12.4% (decel: -5.6%)",
      "severity": "WARNING"
    },
    {
      "quarter": "2023-11 (Q4)",
      "signal": "INCREMENTAL MARGIN (YoY)",
      "detail": "YoY Incr OPM: +35.5% vs year-ago OPM: +15.0%",
      "severity": "HIGH"
    },
    {
      "quarter": "2023-08 (Q3)",
      "signal": "FCF MARGIN EXPANSION",
      "detail": "FCF margin: +23.7% -> +28.9% (+5.2%)",
      "severity": "MEDIUM"
    },
    {
      "quarter": "2023-08 (Q3)",
      "signal": "YoY REVENUE GROWTH DECELERATION",
      "detail": "YoY growth: +7.7% vs prior quarter YoY: +14.6% (decel: -6.9%)",
      "severity": "WARNING"
    },
    {
      "quarter": "2023-08 (Q3)",
      "signal": "INCREMENTAL MARGIN (YoY)",
      "detail": "YoY Incr OPM: +36.8% vs year-ago OPM: +15.0%",
      "severity": "HIGH"
    },
    {
      "quarter": "2023-05 (Q2)",
      "signal": "FCF MARGIN EXPANSION",
      "detail": "FCF margin: +6.4% -> +23.7% (+17.2%)",
      "severity": "MEDIUM"
    },
    {
      "quarter": "2023-05 (Q2)",
      "signal": "OPERATING LEVERAGE",
      "detail": "Rev growth +8.9% vs OpEx growth +5.0% (leverage: 1.8x)",
      "severity": "MEDIUM"
    },
    {
      "quarter": "2023-05 (Q2)",
      "signal": "YoY REVENUE GROWTH ACCELERATION",
      "detail": "YoY growth: +14.6% vs prior quarter YoY: +0.2% (accel: +14.4%)",
      "severity": "MEDIUM"
    },
    {
      "quarter": "2023-05 (Q2)",
      "signal": "INCREMENTAL MARGIN (YoY)",
      "detail": "YoY Incr OPM: +37.0% vs year-ago OPM: +15.4%",
      "severity": "HIGH"
    },
    {
      "quarter": "2023-02 (Q1)",
      "signal": "YoY REVENUE GROWTH ACCELERATION",
      "detail": "YoY growth: +0.2% vs prior quarter YoY: -7.3% (accel: +7.5%)",
      "severity": "MEDIUM"
    },
    {
      "quarter": "2022-11 (Q4)",
      "signal": "FCF TURNED POSITIVE",
      "detail": "FCF margin: -4.8% -> +7.2%",
      "severity": "HIGH"
    },
    {
      "quarter": "2022-11 (Q4)",
      "signal": "GROSS MARGIN INFLECTION",
      "detail": "GM: +47.7% -> +47.4% -> +51.4% (reversal +4.1%)",
      "severity": "MEDIUM"
    },
    {
      "quarter": "2022-11 (Q4)",
      "signal": "YoY REVENUE GROWTH DECELERATION",
      "detail": "YoY growth: -7.3% vs prior quarter YoY: +13.2% (decel: -20.5%)",
      "severity": "WARNING"
    },
    {
      "quarter": "2022-11 (Q4)",
      "signal": "INCREMENTAL MARGIN (YoY)",
      "detail": "YoY Incr OPM: +54.6% vs year-ago OPM: +17.9%",
      "severity": "HIGH"
    },
    {
      "quarter": "2022-08 (Q3)",
      "signal": "YoY REVENUE GROWTH ACCELERATION",
      "detail": "YoY growth: +13.2% vs prior quarter YoY: -9.3% (accel: +22.5%)",
      "severity": "HIGH"
    },
    {
      "quarter": "2022-08 (Q3)",
      "signal": "INCREMENTAL MARGIN (YoY)",
      "detail": "YoY Incr OPM: +46.6% vs year-ago OPM: +10.8%",
      "severity": "HIGH"
    },
    {
      "quarter": "2022-05 (Q2)",
      "signal": "YoY REVENUE GROWTH DECELERATION",
      "detail": "YoY growth: -9.3% vs prior quarter YoY: +16.2% (decel: -25.5%)",
      "severity": "WARNING"
    },
    {
      "quarter": "2022-05 (Q2)",
      "signal": "INCREMENTAL MARGIN (YoY)",
      "detail": "YoY Incr OPM: +65.4% vs year-ago OPM: +20.0%",
      "severity": "HIGH"
    },
    {
      "quarter": "2022-02 (Q1)",
      "signal": "FCF TURNED POSITIVE",
      "detail": "FCF margin: -2.5% -> +2.8%",
      "severity": "HIGH"
    },
    {
      "quarter": "2021-05 (Q2)",
      "signal": "OPERATING LEVERAGE",
      "detail": "Rev growth +21.9% vs OpEx growth +9.2% (leverage: 2.4x)",
      "severity": "MEDIUM"
    }
  ],
  "data_quality": {
    "n_quarters": 20,
    "coverage": {
      "revenue": [
        20,
        20
      ],
      "gross_profit": [
        20,
        20
      ],
      "op_income": [
        20,
        20
      ],
      "fcf": [
        20,
        20
      ]
    },
    "gaps": [],
    "warnings": []
  },
  "market_cap": null,
  "source": "SEC EDGAR",
  "last_updated": "2026-02-02T21:22:59.821038"
}