{
  "ticker": "WEAV",
  "name": "Weave Communications, Inc.",
  "quarters": [
    {
      "date": "2020-12-31T00:00:00",
      "quarter_label": "2020-12 (Q4)",
      "revenue": 23773000,
      "gross_profit": 13827000,
      "operating_income": -9090000,
      "net_income": -9386000,
      "opex": 22917000,
      "cogs": 9946000,
      "rd": 5613000,
      "sga": null,
      "fcf": -2066000,
      "ocf": -445000,
      "capex": -1621000,
      "gross_margin": 0.5816262146132167,
      "op_margin": -0.38236655028814204,
      "fcf_margin": -0.08690531274975813
    },
    {
      "date": "2021-03-31T00:00:00",
      "quarter_label": "2021-03 (Q1)",
      "revenue": 25668000,
      "gross_profit": 14866000,
      "operating_income": -8709000,
      "net_income": -8983000,
      "opex": 23575000,
      "cogs": 10802000,
      "rd": 5836000,
      "sga": null,
      "fcf": -7054000,
      "ocf": -5272000,
      "capex": -1782000,
      "gross_margin": 0.5791647187159109,
      "op_margin": -0.3392940626460963,
      "fcf_margin": -0.2748168926289543,
      "op_leverage_ratio": 2.7762405615320285,
      "fcf_margin_change": -0.18791157987919618
    },
    {
      "date": "2021-06-30T00:00:00",
      "quarter_label": "2021-06 (Q2)",
      "revenue": 28061000,
      "gross_profit": 16038000,
      "operating_income": -14134000,
      "net_income": -14419000,
      "opex": 30172000,
      "cogs": 12023000,
      "rd": 7871000,
      "sga": null,
      "fcf": -3427000,
      "ocf": -1771000,
      "capex": -1656000,
      "gross_margin": 0.5715405723245786,
      "op_margin": -0.5036883931435088,
      "fcf_margin": -0.12212679519617975,
      "op_leverage_ratio": 0.3331623258752892,
      "fcf_margin_change": 0.15269009743277456
    },
    {
      "date": "2021-09-30T00:00:00",
      "quarter_label": "2021-09 (Q3)",
      "revenue": 30302000,
      "gross_profit": 17434000,
      "operating_income": -13913000,
      "net_income": -14220000,
      "opex": 31347000,
      "cogs": 12868000,
      "rd": 6195000,
      "sga": null,
      "fcf": -5566000,
      "ocf": -3274000,
      "capex": -2292000,
      "gross_margin": 0.5753415616130948,
      "op_margin": -0.45914461091677117,
      "fcf_margin": -0.183684245264339,
      "op_leverage_ratio": 2.0507132864799864,
      "fcf_margin_change": -0.06155745006815924
    },
    {
      "date": "2021-12-31T00:00:00",
      "quarter_label": "2021-12 (Q4)",
      "revenue": 31840000,
      "gross_profit": 18161000,
      "operating_income": -13635000,
      "net_income": -14068000,
      "opex": 31796000,
      "cogs": 13679000,
      "rd": 7107000,
      "sga": null,
      "fcf": -11702000,
      "ocf": -10056000,
      "capex": -1646000,
      "gross_margin": 0.5703831658291457,
      "op_margin": -0.4282349246231156,
      "fcf_margin": -0.3675251256281407,
      "incr_op_margin_yoy": -0.5634064708069915,
      "rev_growth_yoy": 0.3393345391831069,
      "op_leverage_ratio": 3.5435183370844854,
      "fcf_margin_change": -0.18384088036380172
    },
    {
      "date": "2022-03-31T00:00:00",
      "quarter_label": "2022-03 (Q1)",
      "revenue": 33272000,
      "gross_profit": 19519000,
      "operating_income": -13509000,
      "net_income": -13838000,
      "opex": 33028000,
      "cogs": 13753000,
      "rd": 7204000,
      "sga": null,
      "fcf": -4712000,
      "ocf": -4171000,
      "capex": -541000,
      "gross_margin": 0.586649434960327,
      "op_margin": -0.406017071411397,
      "fcf_margin": -0.14162058187064197,
      "incr_op_margin_yoy": -0.631246712256707,
      "rev_growth_yoy": 0.29624435094280815,
      "rev_growth_yoy_accel": -0.043090188240298755,
      "op_leverage_ratio": 1.1607314168243819,
      "fcf_margin_change": 0.22590454375749874
    },
    {
      "date": "2022-06-30T00:00:00",
      "quarter_label": "2022-06 (Q2)",
      "revenue": 34930000,
      "gross_profit": 21181000,
      "operating_income": -14591000,
      "net_income": -14815000,
      "opex": 35772000,
      "cogs": 13749000,
      "rd": 7428000,
      "sga": null,
      "fcf": -2111000,
      "ocf": -1731000,
      "capex": -380000,
      "gross_margin": 0.6063841969653593,
      "op_margin": -0.4177211565989121,
      "fcf_margin": -0.060435156026338394,
      "incr_op_margin_yoy": -0.06653079050807978,
      "rev_growth_yoy": 0.2447881401233028,
      "rev_growth_yoy_accel": -0.051456210819505355,
      "op_leverage_ratio": 0.5997963074213988,
      "fcf_margin_change": 0.08118542584430358
    },
    {
      "date": "2022-09-30T00:00:00",
      "quarter_label": "2022-09 (Q3)",
      "revenue": 36230000,
      "gross_profit": 23207000,
      "operating_income": -11858000,
      "net_income": -11818000,
      "opex": 35065000,
      "cogs": 13023000,
      "rd": 7897000,
      "sga": null,
      "fcf": -4293000,
      "ocf": -4023000,
      "capex": -270000,
      "gross_margin": 0.6405465084184377,
      "op_margin": -0.3272978194866133,
      "fcf_margin": -0.11849296163400497,
      "incr_op_margin_yoy": 0.3466599190283401,
      "rev_growth_yoy": 0.19563065144214903,
      "rev_growth_yoy_accel": -0.04915748868115377,
      "op_leverage_ratio": Infinity,
      "fcf_margin_change": -0.058057805607666574
    },
    {
      "date": "2022-12-31T00:00:00",
      "quarter_label": "2022-12 (Q4)",
      "revenue": 37685000,
      "gross_profit": 24934000,
      "operating_income": -9746000,
      "net_income": -9267000,
      "opex": 34680000,
      "cogs": 12751000,
      "rd": 8185000,
      "sga": null,
      "fcf": -3545000,
      "ocf": -2841000,
      "capex": -704000,
      "gross_margin": 0.6616425633541196,
      "op_margin": -0.2586174870638185,
      "fcf_margin": -0.09406925832559374,
      "incr_op_margin_yoy": 0.66535500427716,
      "rev_growth_yoy": 0.18357412060301506,
      "rev_growth_yoy_accel": -0.012056530839133967,
      "op_leverage_ratio": Infinity,
      "fcf_margin_change": 0.024423703308411232
    },
    {
      "date": "2023-03-31T00:00:00",
      "quarter_label": "2023-03 (Q1)",
      "revenue": 39565000,
      "gross_profit": 26534000,
      "operating_income": -8518000,
      "net_income": -7859000,
      "opex": 35052000,
      "cogs": 13031000,
      "rd": 7694000,
      "sga": null,
      "fcf": 921000,
      "ocf": 1541000,
      "capex": -620000,
      "gross_margin": 0.6706432452925566,
      "op_margin": -0.21529129280930115,
      "fcf_margin": 0.023278149879944397,
      "incr_op_margin_yoy": 0.7931034482758621,
      "rev_growth_yoy": 0.18913801394566002,
      "rev_growth_yoy_accel": 0.005563893342644954,
      "op_leverage_ratio": 4.650776598886354,
      "fcf_margin_change": 0.11734740820553813
    },
    {
      "date": "2023-06-30T00:00:00",
      "quarter_label": "2023-06 (Q2)",
      "revenue": 41667000,
      "gross_profit": 28041000,
      "operating_income": -9833000,
      "net_income": -8988000,
      "opex": 37874000,
      "cogs": 13626000,
      "rd": 8585000,
      "sga": null,
      "fcf": 1386000,
      "ocf": 1604000,
      "capex": -218000,
      "gross_margin": 0.6729786161710706,
      "op_margin": -0.23599011207910336,
      "fcf_margin": 0.03326373389012888,
      "incr_op_margin_yoy": 0.7062490722873682,
      "rev_growth_yoy": 0.1928714572001145,
      "rev_growth_yoy_accel": 0.003733443254454488,
      "op_leverage_ratio": 0.6598987948582938,
      "fcf_margin_change": 0.00998558401018448
    },
    {
      "date": "2023-09-30T00:00:00",
      "quarter_label": "2023-09 (Q3)",
      "revenue": 43544000,
      "gross_profit": 29935000,
      "operating_income": -8022000,
      "net_income": -7145000,
      "opex": 37957000,
      "cogs": 13609000,
      "rd": 8628000,
      "sga": null,
      "fcf": 2659000,
      "ocf": 3334000,
      "capex": -675000,
      "gross_margin": 0.6874655520852471,
      "op_margin": -0.1842274480984751,
      "fcf_margin": 0.061064670218629435,
      "incr_op_margin_yoy": 0.5244736122504785,
      "rev_growth_yoy": 0.20187689759867514,
      "rev_growth_yoy_accel": 0.009005440398560632,
      "op_leverage_ratio": 20.55583497500695,
      "fcf_margin_change": 0.02780093632850056
    },
    {
      "date": "2023-12-31T00:00:00",
      "quarter_label": "2023-12 (Q4)",
      "revenue": 45692000,
      "gross_profit": 31581000,
      "operating_income": -7993000,
      "net_income": -7039000,
      "opex": 39574000,
      "cogs": 14111000,
      "rd": 9133000,
      "sga": null,
      "fcf": 3564000,
      "ocf": 3742000,
      "capex": -178000,
      "gross_margin": 0.6911713210189968,
      "op_margin": -0.17493215442528232,
      "fcf_margin": 0.07800052525606233,
      "incr_op_margin_yoy": 0.21893343324590983,
      "rev_growth_yoy": 0.21247180575825925,
      "rev_growth_yoy_accel": 0.01059490815958411,
      "op_leverage_ratio": 1.15794469041103,
      "fcf_margin_change": 0.01693585503743289
    },
    {
      "date": "2024-03-31T00:00:00",
      "quarter_label": "2024-03 (Q1)",
      "revenue": 47173000,
      "gross_profit": 32987000,
      "operating_income": -8155000,
      "net_income": -7203000,
      "opex": 41142000,
      "cogs": 14186000,
      "rd": 9645000,
      "sga": null,
      "fcf": -20214000,
      "ocf": -19701000,
      "capex": -513000,
      "gross_margin": 0.6992771288660886,
      "op_margin": -0.1728743136963941,
      "fcf_margin": -0.42850783287049793,
      "incr_op_margin_yoy": 0.04771293375394322,
      "rev_growth_yoy": 0.1922911664349804,
      "rev_growth_yoy_accel": -0.02018063932327885,
      "op_leverage_ratio": 0.8180479892429702,
      "fcf_margin_change": -0.5065083581265603
    },
    {
      "date": "2024-06-30T00:00:00",
      "quarter_label": "2024-06 (Q2)",
      "revenue": 50586000,
      "gross_profit": 36124000,
      "operating_income": -9255000,
      "net_income": -8553000,
      "opex": 45379000,
      "cogs": 14462000,
      "rd": 9958000,
      "sga": null,
      "fcf": 21935000,
      "ocf": 22676000,
      "capex": -741000,
      "gross_margin": 0.714110623492666,
      "op_margin": -0.18295575851025975,
      "fcf_margin": 0.43361799707428933,
      "incr_op_margin_yoy": 0.06480547146541092,
      "rev_growth_yoy": 0.21405428756569947,
      "rev_growth_yoy_accel": 0.02176312113071907,
      "op_leverage_ratio": 0.7025378507117663,
      "fcf_margin_change": 0.8621258299447873
    },
    {
      "date": "2024-09-30T00:00:00",
      "quarter_label": "2024-09 (Q3)",
      "revenue": 52386000,
      "gross_profit": 37727000,
      "operating_income": -6630000,
      "net_income": -5879000,
      "opex": 44357000,
      "cogs": 14659000,
      "rd": 9868000,
      "sga": null,
      "fcf": 3952000,
      "ocf": 4500000,
      "capex": -548000,
      "gross_margin": 0.7201733287519566,
      "op_margin": -0.12656053143969762,
      "fcf_margin": 0.07544000305425114,
      "incr_op_margin_yoy": 0.15743044560054287,
      "rev_growth_yoy": 0.20305897483005694,
      "rev_growth_yoy_accel": -0.010995312735642526,
      "op_leverage_ratio": Infinity,
      "fcf_margin_change": -0.3581779940200382
    },
    {
      "date": "2024-12-31T00:00:00",
      "quarter_label": "2024-12 (Q4)",
      "revenue": 54169000,
      "gross_profit": 39044000,
      "operating_income": -7373000,
      "net_income": -6711000,
      "opex": 46417000,
      "cogs": 15125000,
      "rd": 10760000,
      "sga": null,
      "fcf": 6291000,
      "ocf": 6674000,
      "capex": -383000,
      "gross_margin": 0.7207812586534734,
      "op_margin": -0.1361110598312688,
      "fcf_margin": 0.11613653565692555,
      "incr_op_margin_yoy": 0.07313908222248437,
      "rev_growth_yoy": 0.1855248183489451,
      "rev_growth_yoy_accel": -0.01753415648111184,
      "op_leverage_ratio": 0.7328769285056891,
      "fcf_margin_change": 0.04069653260267442
    },
    {
      "date": "2025-03-31T00:00:00",
      "quarter_label": "2025-03 (Q1)",
      "revenue": 55809000,
      "gross_profit": 39945000,
      "operating_income": -9320000,
      "net_income": -8825000,
      "opex": 49265000,
      "cogs": 15864000,
      "rd": 11153000,
      "sga": null,
      "fcf": -663000,
      "ocf": -219000,
      "capex": -444000,
      "gross_margin": 0.7157447723485459,
      "op_margin": -0.16699815441953808,
      "fcf_margin": -0.011879804332634521,
      "incr_op_margin_yoy": -0.13490041685965726,
      "rev_growth_yoy": 0.18307082441226974,
      "rev_growth_yoy_accel": -0.002453993936675364,
      "op_leverage_ratio": 0.4934351833971128,
      "fcf_margin_change": -0.12801633998956008
    },
    {
      "date": "2025-06-30T00:00:00",
      "quarter_label": "2025-06 (Q2)",
      "revenue": 58470000,
      "gross_profit": 41951000,
      "operating_income": -10186000,
      "net_income": -8711000,
      "opex": 52137000,
      "cogs": 16519000,
      "rd": 11988000,
      "sga": null,
      "fcf": 4901000,
      "ocf": 5445000,
      "capex": -544000,
      "gross_margin": 0.7174790490850008,
      "op_margin": -0.1742089960663588,
      "fcf_margin": 0.08382076278433384,
      "incr_op_margin_yoy": -0.11808726534753931,
      "rev_growth_yoy": 0.15585339817340765,
      "rev_growth_yoy_accel": -0.027217426238862086,
      "op_leverage_ratio": 0.8178895989310137,
      "fcf_margin_change": 0.09570056711696837
    },
    {
      "date": "2025-09-30T00:00:00",
      "quarter_label": "2025-09 (Q3)",
      "revenue": 61342000,
      "gross_profit": 44342000,
      "operating_income": -8944000,
      "net_income": -8668000,
      "opex": 53286000,
      "cogs": 17000000,
      "rd": 13121000,
      "sga": null,
      "fcf": 5790000,
      "ocf": 6069000,
      "capex": -279000,
      "gross_margin": 0.7228652473020116,
      "op_margin": -0.14580548400769455,
      "fcf_margin": 0.09438883636007955,
      "incr_op_margin_yoy": -0.25837427422956677,
      "rev_growth_yoy": 0.1709617073263849,
      "rev_growth_yoy_accel": 0.015108309152977256,
      "op_leverage_ratio": 2.2288320850084467,
      "fcf_margin_change": 0.010568073575745712
    }
  ],
  "signals": [
    {
      "quarter": "2025-09 (Q3)",
      "signal": "OPERATING LEVERAGE",
      "detail": "Rev growth +4.9% vs OpEx growth +2.2% (leverage: 2.2x)",
      "severity": "MEDIUM"
    },
    {
      "quarter": "2025-06 (Q2)",
      "signal": "FCF TURNED POSITIVE",
      "detail": "FCF margin: -1.2% -> +8.4%",
      "severity": "HIGH"
    },
    {
      "quarter": "2024-06 (Q2)",
      "signal": "FCF TURNED POSITIVE",
      "detail": "FCF margin: -42.9% -> +43.4%",
      "severity": "HIGH"
    },
    {
      "quarter": "2023-09 (Q3)",
      "signal": "OPERATING LEVERAGE",
      "detail": "Rev growth +4.5% vs OpEx growth +0.2% (leverage: 20.6x)",
      "severity": "MEDIUM"
    },
    {
      "quarter": "2023-03 (Q1)",
      "signal": "FCF TURNED POSITIVE",
      "detail": "FCF margin: -9.4% -> +2.3%",
      "severity": "HIGH"
    },
    {
      "quarter": "2023-03 (Q1)",
      "signal": "OPERATING LEVERAGE",
      "detail": "Rev growth +5.0% vs OpEx growth +1.1% (leverage: 4.7x)",
      "severity": "MEDIUM"
    },
    {
      "quarter": "2022-06 (Q2)",
      "signal": "FCF MARGIN EXPANSION",
      "detail": "FCF margin: -14.2% -> -6.0% (+8.1%)",
      "severity": "MEDIUM"
    },
    {
      "quarter": "2022-06 (Q2)",
      "signal": "YoY REVENUE GROWTH DECELERATION",
      "detail": "YoY growth: +24.5% vs prior quarter YoY: +29.6% (decel: -5.1%)",
      "severity": "WARNING"
    },
    {
      "quarter": "2022-03 (Q1)",
      "signal": "FCF MARGIN EXPANSION",
      "detail": "FCF margin: -36.8% -> -14.2% (+22.6%)",
      "severity": "MEDIUM"
    },
    {
      "quarter": "2021-12 (Q4)",
      "signal": "OPERATING LEVERAGE",
      "detail": "Rev growth +5.1% vs OpEx growth +1.4% (leverage: 3.5x)",
      "severity": "MEDIUM"
    },
    {
      "quarter": "2021-09 (Q3)",
      "signal": "OPERATING LEVERAGE",
      "detail": "Rev growth +8.0% vs OpEx growth +3.9% (leverage: 2.1x)",
      "severity": "MEDIUM"
    },
    {
      "quarter": "2021-06 (Q2)",
      "signal": "FCF MARGIN EXPANSION",
      "detail": "FCF margin: -27.5% -> -12.2% (+15.3%)",
      "severity": "MEDIUM"
    },
    {
      "quarter": "2021-03 (Q1)",
      "signal": "OPERATING LEVERAGE",
      "detail": "Rev growth +8.0% vs OpEx growth +2.9% (leverage: 2.8x)",
      "severity": "MEDIUM"
    }
  ],
  "data_quality": {
    "n_quarters": 20,
    "coverage": {
      "revenue": [
        20,
        20
      ],
      "gross_profit": [
        20,
        20
      ],
      "op_income": [
        20,
        20
      ],
      "fcf": [
        20,
        20
      ]
    },
    "gaps": [],
    "warnings": []
  },
  "market_cap": null,
  "source": "SEC EDGAR",
  "last_updated": "2026-02-02T22:21:52.149483"
}