{
  "ticker": "WEC",
  "name": "WEC ENERGY GROUP, INC.",
  "quarters": [
    {
      "date": "2020-12-31T00:00:00",
      "quarter_label": "2020-12 (Q4)",
      "revenue": 1933400000,
      "gross_profit": 1275900000,
      "operating_income": 370500000,
      "net_income": null,
      "opex": 1562900000,
      "cogs": 657500000,
      "rd": null,
      "sga": null,
      "fcf": -1009300000,
      "ocf": 246300000,
      "capex": -1255600000,
      "gross_margin": 0.6599255198096617,
      "op_margin": 0.1916313230578256,
      "fcf_margin": -0.5220337229750698
    },
    {
      "date": "2021-03-31T00:00:00",
      "quarter_label": "2021-03 (Q1)",
      "revenue": 2691400000,
      "gross_profit": 1425800000,
      "operating_income": 629300000,
      "net_income": null,
      "opex": 2062100000,
      "cogs": 1265600000,
      "rd": null,
      "sga": null,
      "fcf": -75400000,
      "ocf": 395200000,
      "capex": -470600000,
      "gross_margin": 0.5297614624359069,
      "op_margin": 0.2338188303485175,
      "fcf_margin": -0.028015159396596566,
      "op_leverage_ratio": 1.2274508355812663,
      "fcf_margin_change": 0.49401856357847324
    },
    {
      "date": "2021-06-30T00:00:00",
      "quarter_label": "2021-06 (Q2)",
      "revenue": 1676200000,
      "gross_profit": 1150300000,
      "operating_income": 368800000,
      "net_income": null,
      "opex": 1307400000,
      "cogs": 525900000,
      "rd": null,
      "sga": null,
      "fcf": 291500000,
      "ocf": 831000000,
      "capex": -539500000,
      "gross_margin": 0.6862546235532753,
      "op_margin": 0.220021477150698,
      "fcf_margin": 0.17390526190192102,
      "fcf_margin_change": 0.2019204212985176
    },
    {
      "date": "2021-09-30T00:00:00",
      "quarter_label": "2021-09 (Q3)",
      "revenue": 1746500000,
      "gross_profit": 1185800000,
      "operating_income": 390000000,
      "net_income": null,
      "opex": 1356500000,
      "cogs": 560700000,
      "rd": null,
      "sga": null,
      "fcf": 162700000,
      "ocf": 780500000,
      "capex": -617800000,
      "gross_margin": 0.6789579158316633,
      "op_margin": 0.22330375035785857,
      "fcf_margin": 0.09315774405954767,
      "op_leverage_ratio": 1.1167513270123408,
      "fcf_margin_change": -0.08074751784237334
    },
    {
      "date": "2021-12-31T00:00:00",
      "quarter_label": "2021-12 (Q4)",
      "revenue": 2201900000,
      "gross_profit": 1243100000,
      "operating_income": 326800000,
      "net_income": null,
      "opex": 1875100000,
      "cogs": 958800000,
      "rd": null,
      "sga": null,
      "fcf": -718800000,
      "ocf": 26000000,
      "capex": -744800000,
      "gross_margin": 0.5645578818293292,
      "op_margin": 0.14841727598891866,
      "fcf_margin": -0.326445342658613,
      "incr_op_margin_yoy": -0.162756052141527,
      "rev_growth_yoy": 0.13887452156822178,
      "op_leverage_ratio": 0.6820429465619576,
      "fcf_margin_change": -0.4196030867181607
    },
    {
      "date": "2022-03-31T00:00:00",
      "quarter_label": "2022-03 (Q1)",
      "revenue": 2908100000,
      "gross_profit": 1524700000,
      "operating_income": 731400000,
      "net_income": null,
      "opex": 2176700000,
      "cogs": 1383400000,
      "rd": null,
      "sga": null,
      "fcf": 693300000,
      "ocf": 1076800000,
      "capex": -383500000,
      "gross_margin": 0.5242942127162065,
      "op_margin": 0.2515044186926172,
      "fcf_margin": 0.2384030810494825,
      "incr_op_margin_yoy": 0.47115828334102444,
      "rev_growth_yoy": 0.08051571672735379,
      "rev_growth_yoy_accel": -0.05835880484086799,
      "op_leverage_ratio": 1.9939911130524723,
      "fcf_margin_change": 0.5648484237080955
    },
    {
      "date": "2022-06-30T00:00:00",
      "quarter_label": "2022-06 (Q2)",
      "revenue": 2127900000,
      "gross_profit": 1192900000,
      "operating_income": 408200000,
      "net_income": null,
      "opex": 1719700000,
      "cogs": 935000000,
      "rd": null,
      "sga": null,
      "fcf": 40500000,
      "ocf": 685800000,
      "capex": -645300000,
      "gross_margin": 0.560599652239297,
      "op_margin": 0.19183232294750693,
      "fcf_margin": 0.01903284928803045,
      "incr_op_margin_yoy": 0.08722603497896834,
      "rev_growth_yoy": 0.26947858250805395,
      "rev_growth_yoy_accel": 0.18896286578070015,
      "fcf_margin_change": -0.21937023176145204
    },
    {
      "date": "2022-09-30T00:00:00",
      "quarter_label": "2022-09 (Q3)",
      "revenue": 2003000000,
      "gross_profit": 1197900000,
      "operating_income": 404200000,
      "net_income": null,
      "opex": 1598800000,
      "cogs": 805100000,
      "rd": null,
      "sga": null,
      "fcf": -375000000,
      "ocf": 296900000,
      "capex": -671900000,
      "gross_margin": 0.5980529206190713,
      "op_margin": 0.2017973040439341,
      "fcf_margin": -0.1872191712431353,
      "incr_op_margin_yoy": 0.055360623781676416,
      "rev_growth_yoy": 0.14686515888920698,
      "rev_growth_yoy_accel": -0.12261342361884697,
      "fcf_margin_change": -0.20625202053116576
    },
    {
      "date": "2022-12-31T00:00:00",
      "quarter_label": "2022-12 (Q4)",
      "revenue": 2558400000,
      "gross_profit": 1323000000,
      "operating_income": 380400000,
      "net_income": null,
      "opex": 2178000000,
      "cogs": 1235400000,
      "rd": null,
      "sga": null,
      "fcf": -995000000,
      "ocf": 1200000,
      "capex": -996200000,
      "gross_margin": 0.5171200750469043,
      "op_margin": 0.14868667917448405,
      "fcf_margin": -0.38891494684177613,
      "incr_op_margin_yoy": 0.15035063113604488,
      "rev_growth_yoy": 0.1619056269585358,
      "rev_growth_yoy_accel": 0.015040468069328822,
      "op_leverage_ratio": 0.7654036210877055,
      "fcf_margin_change": -0.20169577559864083
    },
    {
      "date": "2023-03-31T00:00:00",
      "quarter_label": "2023-03 (Q1)",
      "revenue": 2888100000,
      "gross_profit": 1578400000,
      "operating_income": 669300000,
      "net_income": null,
      "opex": 2218800000,
      "cogs": 1309700000,
      "rd": null,
      "sga": null,
      "fcf": 296700000,
      "ocf": 796100000,
      "capex": -499400000,
      "gross_margin": 0.5465184723520654,
      "op_margin": 0.23174405318375402,
      "fcf_margin": 0.10273189986496313,
      "incr_op_margin_yoy": 3.105,
      "rev_growth_yoy": -0.006877342594821361,
      "rev_growth_yoy_accel": -0.16878296955335717,
      "op_leverage_ratio": 6.879362791082663,
      "fcf_margin_change": 0.49164684670673925
    },
    {
      "date": "2023-06-30T00:00:00",
      "quarter_label": "2023-06 (Q2)",
      "revenue": 1830000000,
      "gross_profit": 1297000000,
      "operating_income": 425300000,
      "net_income": null,
      "opex": 1404700000,
      "cogs": 533000000,
      "rd": null,
      "sga": null,
      "fcf": 383900000,
      "ocf": 958200000,
      "capex": -574300000,
      "gross_margin": 0.7087431693989071,
      "op_margin": 0.23240437158469945,
      "fcf_margin": 0.20978142076502732,
      "incr_op_margin_yoy": -0.05740181268882175,
      "rev_growth_yoy": -0.139997180318624,
      "rev_growth_yoy_accel": -0.13311983772380262,
      "fcf_margin_change": 0.10704952090006419
    },
    {
      "date": "2023-09-30T00:00:00",
      "quarter_label": "2023-09 (Q3)",
      "revenue": 1957400000,
      "gross_profit": 1370000000,
      "operating_income": 472000000,
      "net_income": null,
      "opex": 1485400000,
      "cogs": 587400000,
      "rd": null,
      "sga": null,
      "fcf": 128300000,
      "ocf": 784100000,
      "capex": -655800000,
      "gross_margin": 0.699908041279248,
      "op_margin": 0.24113620108306938,
      "fcf_margin": 0.0655461326249106,
      "incr_op_margin_yoy": -1.486842105263158,
      "rev_growth_yoy": -0.022765851223165254,
      "rev_growth_yoy_accel": 0.11723132909545873,
      "op_leverage_ratio": 1.2117928508068065,
      "fcf_margin_change": -0.1442352881401167
    },
    {
      "date": "2023-12-31T00:00:00",
      "quarter_label": "2023-12 (Q4)",
      "revenue": 2217500000,
      "gross_profit": 1456400000,
      "operating_income": 341400000,
      "net_income": null,
      "opex": 1876100000,
      "cogs": 761100000,
      "rd": null,
      "sga": null,
      "fcf": 480000000,
      "ocf": 480000000,
      "capex": null,
      "gross_margin": 0.6567756482525366,
      "op_margin": 0.15395715896279594,
      "fcf_margin": 0.21645997745208567,
      "incr_op_margin_yoy": 0.11440305074801994,
      "rev_growth_yoy": -0.1332473420888055,
      "rev_growth_yoy_accel": -0.11048149086564026,
      "op_leverage_ratio": 0.5051970158645858,
      "fcf_margin_change": 0.15091384482717507
    },
    {
      "date": "2024-03-31T00:00:00",
      "quarter_label": "2024-03 (Q1)",
      "revenue": 2680200000,
      "gross_profit": 1753100000,
      "operating_income": 813400000,
      "net_income": null,
      "opex": 1866800000,
      "cogs": 927100000,
      "rd": null,
      "sga": null,
      "fcf": 419100000,
      "ocf": 863600000,
      "capex": -444500000,
      "gross_margin": 0.65409297813596,
      "op_margin": 0.3034848145660772,
      "fcf_margin": 0.15636892769196328,
      "incr_op_margin_yoy": -0.6931216931216931,
      "rev_growth_yoy": -0.07198504206918042,
      "rev_growth_yoy_accel": 0.061262300019625085,
      "op_leverage_ratio": Infinity,
      "fcf_margin_change": -0.06009104976012239
    },
    {
      "date": "2024-06-30T00:00:00",
      "quarter_label": "2024-06 (Q2)",
      "revenue": 1772000000,
      "gross_profit": 1302300000,
      "operating_income": 364800000,
      "net_income": null,
      "opex": 1407200000,
      "cogs": 469700000,
      "rd": null,
      "sga": null,
      "fcf": 343500000,
      "ocf": 1037400000,
      "capex": -693900000,
      "gross_margin": 0.7349322799097066,
      "op_margin": 0.20586907449209932,
      "fcf_margin": 0.1938487584650113,
      "incr_op_margin_yoy": 1.043103448275862,
      "rev_growth_yoy": -0.03169398907103825,
      "rev_growth_yoy_accel": 0.040291052998142174,
      "fcf_margin_change": 0.037479830773048006
    },
    {
      "date": "2024-09-30T00:00:00",
      "quarter_label": "2024-09 (Q3)",
      "revenue": 1863500000,
      "gross_profit": 1342700000,
      "operating_income": 383700000,
      "net_income": null,
      "opex": 1479800000,
      "cogs": 520800000,
      "rd": null,
      "sga": null,
      "fcf": -67300000,
      "ocf": 729000000,
      "capex": -796300000,
      "gross_margin": 0.7205258921384492,
      "op_margin": 0.20590287094177623,
      "fcf_margin": -0.0361148376710491,
      "incr_op_margin_yoy": 0.9403620873269436,
      "rev_growth_yoy": -0.04797179932563605,
      "rev_growth_yoy_accel": -0.016277810254597798,
      "op_leverage_ratio": 1.0008674887599576,
      "fcf_margin_change": -0.22996359613606038
    },
    {
      "date": "2024-12-31T00:00:00",
      "quarter_label": "2024-12 (Q4)",
      "revenue": 2284200000,
      "gross_profit": 1545800000,
      "operating_income": 590900000,
      "net_income": null,
      "opex": 1693300000,
      "cogs": 738400000,
      "rd": null,
      "sga": null,
      "fcf": 581800000,
      "ocf": 581800000,
      "capex": null,
      "gross_margin": 0.6767358374923387,
      "op_margin": 0.25869013221259085,
      "fcf_margin": 0.2547062428859119,
      "incr_op_margin_yoy": 3.7406296851574212,
      "rev_growth_yoy": 0.03007891770011274,
      "rev_growth_yoy_accel": 0.07805071702574878,
      "op_leverage_ratio": 1.5647618838163688,
      "fcf_margin_change": 0.29082108055696104
    },
    {
      "date": "2025-03-31T00:00:00",
      "quarter_label": "2025-03 (Q1)",
      "revenue": 3149500000,
      "gross_profit": 1983800000,
      "operating_income": 937500000,
      "net_income": null,
      "opex": 2212000000,
      "cogs": 1165700000,
      "rd": null,
      "sga": null,
      "fcf": 461500000,
      "ocf": 1162600000,
      "capex": -701100000,
      "gross_margin": 0.6298777583743451,
      "op_margin": 0.297666296237498,
      "fcf_margin": 0.14653119542784568,
      "incr_op_margin_yoy": 0.26443639463030044,
      "rev_growth_yoy": 0.17509887321841652,
      "rev_growth_yoy_accel": 0.1450199555183038,
      "op_leverage_ratio": 1.236659781369665,
      "fcf_margin_change": -0.10817504745806625
    },
    {
      "date": "2025-06-30T00:00:00",
      "quarter_label": "2025-06 (Q2)",
      "revenue": 2009500000,
      "gross_profit": 1439000000,
      "operating_income": 404900000,
      "net_income": null,
      "opex": 1604600000,
      "cogs": 570500000,
      "rd": null,
      "sga": null,
      "fcf": 23900000,
      "ocf": 853300000,
      "capex": -829400000,
      "gross_margin": 0.7160985319731277,
      "op_margin": 0.20149290868375216,
      "fcf_margin": 0.011893505847225677,
      "incr_op_margin_yoy": 0.1688421052631579,
      "rev_growth_yoy": 0.1340293453724605,
      "rev_growth_yoy_accel": -0.04106952784595602,
      "fcf_margin_change": -0.13463768958062
    },
    {
      "date": "2025-09-30T00:00:00",
      "quarter_label": "2025-09 (Q3)",
      "revenue": 2104000000,
      "gross_profit": 1495900000,
      "operating_income": 449600000,
      "net_income": null,
      "opex": 1654400000,
      "cogs": 608100000,
      "rd": null,
      "sga": null,
      "fcf": -625700000,
      "ocf": 938900000,
      "capex": -1564600000,
      "gross_margin": 0.7109790874524715,
      "op_margin": 0.21368821292775667,
      "fcf_margin": -0.29738593155893533,
      "incr_op_margin_yoy": 0.274012474012474,
      "rev_growth_yoy": 0.12905822377247117,
      "rev_growth_yoy_accel": -0.004971121599989331,
      "op_leverage_ratio": 1.5152393600278198,
      "fcf_margin_change": -0.30927943740616104
    }
  ],
  "signals": [
    {
      "quarter": "2025-09 (Q3)",
      "signal": "OPERATING LEVERAGE",
      "detail": "Rev growth +4.7% vs OpEx growth +3.1% (leverage: 1.5x)",
      "severity": "MEDIUM"
    },
    {
      "quarter": "2025-06 (Q2)",
      "signal": "GROSS MARGIN INFLECTION",
      "detail": "GM: +67.7% -> +63.0% -> +71.6% (reversal +8.6%)",
      "severity": "HIGH"
    },
    {
      "quarter": "2025-03 (Q1)",
      "signal": "YoY REVENUE GROWTH ACCELERATION",
      "detail": "YoY growth: +17.5% vs prior quarter YoY: +3.0% (accel: +14.5%)",
      "severity": "MEDIUM"
    },
    {
      "quarter": "2024-12 (Q4)",
      "signal": "FCF TURNED POSITIVE",
      "detail": "FCF margin: -3.6% -> +25.5%",
      "severity": "HIGH"
    },
    {
      "quarter": "2024-12 (Q4)",
      "signal": "OPERATING LEVERAGE",
      "detail": "Rev growth +22.6% vs OpEx growth +14.4% (leverage: 1.6x)",
      "severity": "MEDIUM"
    },
    {
      "quarter": "2024-12 (Q4)",
      "signal": "YoY REVENUE GROWTH ACCELERATION",
      "detail": "YoY growth: +3.0% vs prior quarter YoY: -4.8% (accel: +7.8%)",
      "severity": "MEDIUM"
    },
    {
      "quarter": "2024-12 (Q4)",
      "signal": "INCREMENTAL MARGIN (YoY)",
      "detail": "YoY Incr OPM: +374.1% vs year-ago OPM: +15.4%",
      "severity": "HIGH"
    },
    {
      "quarter": "2024-09 (Q3)",
      "signal": "INCREMENTAL MARGIN (YoY)",
      "detail": "YoY Incr OPM: +94.0% vs year-ago OPM: +24.1%",
      "severity": "HIGH"
    },
    {
      "quarter": "2024-06 (Q2)",
      "signal": "GROSS MARGIN INFLECTION",
      "detail": "GM: +65.7% -> +65.4% -> +73.5% (reversal +8.1%)",
      "severity": "HIGH"
    },
    {
      "quarter": "2024-06 (Q2)",
      "signal": "INCREMENTAL MARGIN (YoY)",
      "detail": "YoY Incr OPM: +104.3% vs year-ago OPM: +23.2%",
      "severity": "HIGH"
    },
    {
      "quarter": "2024-03 (Q1)",
      "signal": "YoY REVENUE GROWTH ACCELERATION",
      "detail": "YoY growth: -7.2% vs prior quarter YoY: -13.3% (accel: +6.1%)",
      "severity": "MEDIUM"
    },
    {
      "quarter": "2023-12 (Q4)",
      "signal": "FCF MARGIN EXPANSION",
      "detail": "FCF margin: +6.6% -> +21.6% (+15.1%)",
      "severity": "MEDIUM"
    },
    {
      "quarter": "2023-12 (Q4)",
      "signal": "YoY REVENUE GROWTH DECELERATION",
      "detail": "YoY growth: -13.3% vs prior quarter YoY: -2.3% (decel: -11.0%)",
      "severity": "WARNING"
    },
    {
      "quarter": "2023-09 (Q3)",
      "signal": "YoY REVENUE GROWTH ACCELERATION",
      "detail": "YoY growth: -2.3% vs prior quarter YoY: -14.0% (accel: +11.7%)",
      "severity": "MEDIUM"
    },
    {
      "quarter": "2023-06 (Q2)",
      "signal": "FCF MARGIN EXPANSION",
      "detail": "FCF margin: +10.3% -> +21.0% (+10.7%)",
      "severity": "MEDIUM"
    },
    {
      "quarter": "2023-06 (Q2)",
      "signal": "YoY REVENUE GROWTH DECELERATION",
      "detail": "YoY growth: -14.0% vs prior quarter YoY: -0.7% (decel: -13.3%)",
      "severity": "WARNING"
    },
    {
      "quarter": "2023-03 (Q1)",
      "signal": "FCF TURNED POSITIVE",
      "detail": "FCF margin: -38.9% -> +10.3%",
      "severity": "HIGH"
    },
    {
      "quarter": "2023-03 (Q1)",
      "signal": "OPERATING LEVERAGE",
      "detail": "Rev growth +12.9% vs OpEx growth +1.9% (leverage: 6.9x)",
      "severity": "MEDIUM"
    },
    {
      "quarter": "2023-03 (Q1)",
      "signal": "GROSS MARGIN INFLECTION",
      "detail": "GM: +59.8% -> +51.7% -> +54.7% (reversal +2.9%)",
      "severity": "MEDIUM"
    },
    {
      "quarter": "2023-03 (Q1)",
      "signal": "YoY REVENUE GROWTH DECELERATION",
      "detail": "YoY growth: -0.7% vs prior quarter YoY: +16.2% (decel: -16.9%)",
      "severity": "WARNING"
    },
    {
      "quarter": "2023-03 (Q1)",
      "signal": "INCREMENTAL MARGIN (YoY)",
      "detail": "YoY Incr OPM: +310.5% vs year-ago OPM: +25.2%",
      "severity": "HIGH"
    },
    {
      "quarter": "2022-09 (Q3)",
      "signal": "YoY REVENUE GROWTH DECELERATION",
      "detail": "YoY growth: +14.7% vs prior quarter YoY: +26.9% (decel: -12.3%)",
      "severity": "WARNING"
    },
    {
      "quarter": "2022-06 (Q2)",
      "signal": "GROSS MARGIN INFLECTION",
      "detail": "GM: +56.5% -> +52.4% -> +56.1% (reversal +3.6%)",
      "severity": "MEDIUM"
    },
    {
      "quarter": "2022-06 (Q2)",
      "signal": "YoY REVENUE GROWTH ACCELERATION",
      "detail": "YoY growth: +26.9% vs prior quarter YoY: +8.1% (accel: +18.9%)",
      "severity": "HIGH"
    },
    {
      "quarter": "2022-03 (Q1)",
      "signal": "FCF TURNED POSITIVE",
      "detail": "FCF margin: -32.6% -> +23.8%",
      "severity": "HIGH"
    },
    {
      "quarter": "2022-03 (Q1)",
      "signal": "OPERATING LEVERAGE",
      "detail": "Rev growth +32.1% vs OpEx growth +16.1% (leverage: 2.0x)",
      "severity": "MEDIUM"
    },
    {
      "quarter": "2022-03 (Q1)",
      "signal": "YoY REVENUE GROWTH DECELERATION",
      "detail": "YoY growth: +8.1% vs prior quarter YoY: +13.9% (decel: -5.8%)",
      "severity": "WARNING"
    },
    {
      "quarter": "2022-03 (Q1)",
      "signal": "INCREMENTAL MARGIN (YoY)",
      "detail": "YoY Incr OPM: +47.1% vs year-ago OPM: +23.4%",
      "severity": "HIGH"
    },
    {
      "quarter": "2021-06 (Q2)",
      "signal": "FCF TURNED POSITIVE",
      "detail": "FCF margin: -2.8% -> +17.4%",
      "severity": "HIGH"
    },
    {
      "quarter": "2021-06 (Q2)",
      "signal": "GROSS MARGIN INFLECTION",
      "detail": "GM: +66.0% -> +53.0% -> +68.6% (reversal +15.6%)",
      "severity": "HIGH"
    },
    {
      "quarter": "2021-03 (Q1)",
      "signal": "FCF MARGIN EXPANSION",
      "detail": "FCF margin: -52.2% -> -2.8% (+49.4%)",
      "severity": "MEDIUM"
    }
  ],
  "data_quality": {
    "n_quarters": 20,
    "coverage": {
      "revenue": [
        20,
        20
      ],
      "gross_profit": [
        20,
        20
      ],
      "op_income": [
        20,
        20
      ],
      "fcf": [
        20,
        20
      ]
    },
    "gaps": [],
    "warnings": []
  },
  "market_cap": null,
  "source": "SEC EDGAR",
  "last_updated": "2026-02-02T20:05:43.530271"
}