{
  "ticker": "WEST",
  "name": "WESTROCK COFFEE COMPANY",
  "quarters": [
    {
      "date": "2021-06-30T00:00:00",
      "quarter_label": "2021-06 (Q2)",
      "revenue": 171144000,
      "gross_profit": 34353000,
      "operating_income": 1633000,
      "net_income": -6094000,
      "opex": 32720000,
      "cogs": 136791000,
      "rd": null,
      "sga": 31819000,
      "fcf": null,
      "ocf": null,
      "capex": null,
      "gross_margin": 0.2007257046697518,
      "op_margin": 0.009541672509699435,
      "fcf_margin": null
    },
    {
      "date": "2021-09-30T00:00:00",
      "quarter_label": "2021-09 (Q3)",
      "revenue": 181277000,
      "gross_profit": 38284000,
      "operating_income": 4042000,
      "net_income": -3987000,
      "opex": 34242000,
      "cogs": 142993000,
      "rd": null,
      "sga": 32803000,
      "fcf": -11389000,
      "ocf": -7400000,
      "capex": -3989000,
      "gross_margin": 0.21119060884723379,
      "op_margin": 0.022297368116197862,
      "fcf_margin": -0.06282650308643678,
      "op_leverage_ratio": 1.2728434940064457
    },
    {
      "date": "2021-12-31T00:00:00",
      "quarter_label": "2021-12 (Q4)",
      "revenue": 190392000,
      "gross_profit": 39651000,
      "operating_income": 2001000,
      "net_income": -5432000,
      "opex": 37650000,
      "cogs": 150741000,
      "rd": null,
      "sga": 32197000,
      "fcf": -1511000,
      "ocf": 11059000,
      "capex": -12570000,
      "gross_margin": 0.20825980083196774,
      "op_margin": 0.0105098953737552,
      "fcf_margin": -0.007936257825959074,
      "op_leverage_ratio": 0.5052118219669579,
      "fcf_margin_change": 0.054890245260477706
    },
    {
      "date": "2022-03-31T00:00:00",
      "quarter_label": "2022-03 (Q1)",
      "revenue": 186428000,
      "gross_profit": 38431000,
      "operating_income": 782000,
      "net_income": -4876000,
      "opex": 37649000,
      "cogs": 147997000,
      "rd": null,
      "sga": 35061000,
      "fcf": -47097000,
      "ocf": -38400000,
      "capex": -8697000,
      "gross_margin": 0.20614392687793678,
      "op_margin": 0.004194648872486965,
      "fcf_margin": -0.252628360546699,
      "fcf_margin_change": -0.24469210272073993
    },
    {
      "date": "2022-06-30T00:00:00",
      "quarter_label": "2022-06 (Q2)",
      "revenue": 223413000,
      "gross_profit": 38898000,
      "operating_income": 1362000,
      "net_income": -5713000,
      "opex": 37536000,
      "cogs": 184515000,
      "rd": null,
      "sga": 35048000,
      "fcf": -15040000,
      "ocf": -8574000,
      "capex": -6466000,
      "gross_margin": 0.1741080420566395,
      "op_margin": 0.006096332800687516,
      "fcf_margin": -0.0673192696933482,
      "incr_op_margin_yoy": -0.005184717518988311,
      "rev_growth_yoy": 0.30540947973636234,
      "op_leverage_ratio": Infinity,
      "fcf_margin_change": 0.18530909085335082
    },
    {
      "date": "2022-09-30T00:00:00",
      "quarter_label": "2022-09 (Q3)",
      "revenue": 230308000,
      "gross_profit": 41139000,
      "operating_income": 5498000,
      "net_income": -12996000,
      "opex": 35641000,
      "cogs": 189169000,
      "rd": null,
      "sga": 31223000,
      "fcf": -20363000,
      "ocf": -12560000,
      "capex": -7803000,
      "gross_margin": 0.17862601385970092,
      "op_margin": 0.023872379596019244,
      "fcf_margin": -0.08841638154124043,
      "incr_op_margin_yoy": 0.02969549876608676,
      "rev_growth_yoy": 0.2704755705356995,
      "rev_growth_yoy_accel": -0.03493390920066286,
      "op_leverage_ratio": Infinity,
      "fcf_margin_change": -0.02109711184789223
    },
    {
      "date": "2022-12-31T00:00:00",
      "quarter_label": "2022-12 (Q4)",
      "revenue": 227723000,
      "gross_profit": 34297000,
      "operating_income": 1034000,
      "net_income": -31600000,
      "opex": 33263000,
      "cogs": 193426000,
      "rd": null,
      "sga": 28653000,
      "fcf": -37389000,
      "ocf": 2906000,
      "capex": -40295000,
      "gross_margin": 0.1506084146089767,
      "op_margin": 0.004540604155048019,
      "fcf_margin": -0.1641863140745555,
      "incr_op_margin_yoy": -0.02590340467707803,
      "rev_growth_yoy": 0.196074414891382,
      "rev_growth_yoy_accel": -0.07440115564431748,
      "fcf_margin_change": -0.07576993253331507
    },
    {
      "date": "2023-03-31T00:00:00",
      "quarter_label": "2023-03 (Q1)",
      "revenue": 205442000,
      "gross_profit": 34298000,
      "operating_income": -7364000,
      "net_income": -4341000,
      "opex": 41662000,
      "cogs": 171144000,
      "rd": null,
      "sga": 34122000,
      "fcf": -44756000,
      "ocf": -25131000,
      "capex": -19625000,
      "gross_margin": 0.16694736227256354,
      "op_margin": -0.035844666621236164,
      "fcf_margin": -0.2178522405350415,
      "incr_op_margin_yoy": -0.4284211633533186,
      "rev_growth_yoy": 0.10199111721415238,
      "rev_growth_yoy_accel": -0.09408329767722962,
      "fcf_margin_change": -0.05366592646048601
    },
    {
      "date": "2023-06-30T00:00:00",
      "quarter_label": "2023-06 (Q2)",
      "revenue": 224694000,
      "gross_profit": 35676000,
      "operating_income": -1395000,
      "net_income": -26811000,
      "opex": 37071000,
      "cogs": 189018000,
      "rd": null,
      "sga": 34170000,
      "fcf": -46657000,
      "ocf": -10537000,
      "capex": -36120000,
      "gross_margin": 0.15877593527196987,
      "op_margin": -0.006208443483137066,
      "fcf_margin": -0.20764684415249182,
      "incr_op_margin_yoy": -2.152224824355972,
      "rev_growth_yoy": 0.005733775563642223,
      "rev_growth_yoy_accel": -0.09625734165051016,
      "op_leverage_ratio": Infinity,
      "fcf_margin_change": 0.010205396382549692
    },
    {
      "date": "2023-09-30T00:00:00",
      "quarter_label": "2023-09 (Q3)",
      "revenue": 219612000,
      "gross_profit": 35066000,
      "operating_income": -5369000,
      "net_income": 16621000,
      "opex": 40435000,
      "cogs": 184546000,
      "rd": null,
      "sga": 37050000,
      "fcf": -105263000,
      "ocf": -39463000,
      "capex": -65800000,
      "gross_margin": 0.15967251334171176,
      "op_margin": -0.024447662240679017,
      "fcf_margin": -0.4793135165655793,
      "incr_op_margin_yoy": 1.0159872849663425,
      "rev_growth_yoy": -0.04644215572190284,
      "rev_growth_yoy_accel": -0.05217593128554507,
      "fcf_margin_change": -0.2716666724130875
    },
    {
      "date": "2023-12-31T00:00:00",
      "quarter_label": "2023-12 (Q4)",
      "revenue": 214966000,
      "gross_profit": 34817000,
      "operating_income": -6368000,
      "net_income": -20051000,
      "opex": 41185000,
      "cogs": 180149000,
      "rd": null,
      "sga": 39302000,
      "fcf": -31999000,
      "ocf": 11067000,
      "capex": -43066000,
      "gross_margin": 0.16196514797688938,
      "op_margin": -0.02962328926434878,
      "fcf_margin": -0.14885609817366469,
      "incr_op_margin_yoy": 0.580230461707298,
      "rev_growth_yoy": -0.05601981354540385,
      "rev_growth_yoy_accel": -0.009577657823501007,
      "fcf_margin_change": 0.3304574183919146
    },
    {
      "date": "2024-03-31T00:00:00",
      "quarter_label": "2024-03 (Q1)",
      "revenue": 192500000,
      "gross_profit": 37274000,
      "operating_income": -10132000,
      "net_income": -23673000,
      "opex": 47406000,
      "cogs": 155226000,
      "rd": null,
      "sga": 44440000,
      "fcf": -60935000,
      "ocf": 7979000,
      "capex": -68914000,
      "gross_margin": 0.19363116883116882,
      "op_margin": -0.052633766233766234,
      "fcf_margin": -0.3165454545454545,
      "incr_op_margin_yoy": 0.21387729871735436,
      "rev_growth_yoy": -0.06299588204943488,
      "rev_growth_yoy_accel": -0.006976068504031027,
      "fcf_margin_change": -0.16768935637178983
    },
    {
      "date": "2024-06-30T00:00:00",
      "quarter_label": "2024-06 (Q2)",
      "revenue": 208389000,
      "gross_profit": 41403000,
      "operating_income": -16408000,
      "net_income": -17759000,
      "opex": 57811000,
      "cogs": 166986000,
      "rd": null,
      "sga": 51610000,
      "fcf": -59861000,
      "ocf": -23670000,
      "capex": -36191000,
      "gross_margin": 0.1986813123533392,
      "op_margin": -0.07873736137704006,
      "fcf_margin": -0.28725604518472664,
      "incr_op_margin_yoy": 0.9207605029132168,
      "rev_growth_yoy": -0.07256535555021495,
      "rev_growth_yoy_accel": -0.009569473500780079,
      "op_leverage_ratio": 0.3760599282313074,
      "fcf_margin_change": 0.02928940936072788
    },
    {
      "date": "2024-09-30T00:00:00",
      "quarter_label": "2024-09 (Q3)",
      "revenue": 220860000,
      "gross_profit": 37085000,
      "operating_income": -12742000,
      "net_income": -14259000,
      "opex": 49827000,
      "cogs": 183775000,
      "rd": null,
      "sga": 46132000,
      "fcf": -36678000,
      "ocf": -332000,
      "capex": -36346000,
      "gross_margin": 0.16791179932989225,
      "op_margin": -0.05769265598116454,
      "fcf_margin": -0.1660690029883184,
      "incr_op_margin_yoy": -5.907852564102564,
      "rev_growth_yoy": 0.005682749576525873,
      "rev_growth_yoy_accel": 0.07824810512674082,
      "op_leverage_ratio": Infinity,
      "fcf_margin_change": 0.12118704219640825
    },
    {
      "date": "2024-12-31T00:00:00",
      "quarter_label": "2024-12 (Q4)",
      "revenue": 228977000,
      "gross_profit": 38012000,
      "operating_income": -9842000,
      "net_income": -24607000,
      "opex": 47854000,
      "cogs": 190965000,
      "rd": null,
      "sga": 42955000,
      "fcf": -15394000,
      "ocf": 2780000,
      "capex": -18174000,
      "gross_margin": 0.16600793966206212,
      "op_margin": -0.04298248295680352,
      "fcf_margin": -0.0672294597273962,
      "incr_op_margin_yoy": -0.24794804082506602,
      "rev_growth_yoy": 0.06517774903938298,
      "rev_growth_yoy_accel": 0.05949499946285711,
      "op_leverage_ratio": Infinity,
      "fcf_margin_change": 0.09883954326092219
    },
    {
      "date": "2025-03-31T00:00:00",
      "quarter_label": "2025-03 (Q1)",
      "revenue": 213796000,
      "gross_profit": 29073000,
      "operating_income": -13069000,
      "net_income": -27218000,
      "opex": 42142000,
      "cogs": 184723000,
      "rd": null,
      "sga": 40344000,
      "fcf": -63412000,
      "ocf": -22121000,
      "capex": -41291000,
      "gross_margin": 0.13598477052891542,
      "op_margin": -0.06112836535763064,
      "fcf_margin": -0.2966004976706767,
      "incr_op_margin_yoy": -0.13791322314049587,
      "rev_growth_yoy": 0.11062857142857142,
      "rev_growth_yoy_accel": 0.04545082238918845,
      "fcf_margin_change": -0.2293710379432805
    },
    {
      "date": "2025-06-30T00:00:00",
      "quarter_label": "2025-06 (Q2)",
      "revenue": 280859000,
      "gross_profit": 41395000,
      "operating_income": -15013000,
      "net_income": -21563000,
      "opex": 56408000,
      "cogs": 239464000,
      "rd": null,
      "sga": 53931000,
      "fcf": -27487000,
      "ocf": -6952000,
      "capex": -20535000,
      "gross_margin": 0.14738712307599186,
      "op_margin": -0.05345386831114545,
      "fcf_margin": -0.09786761328638213,
      "incr_op_margin_yoy": 0.01924934455636815,
      "rev_growth_yoy": 0.3477630777056371,
      "rev_growth_yoy_accel": 0.23713450627706567,
      "op_leverage_ratio": 0.9266085960997783,
      "fcf_margin_change": 0.19873288438429457
    },
    {
      "date": "2025-09-30T00:00:00",
      "quarter_label": "2025-09 (Q3)",
      "revenue": 354825000,
      "gross_profit": 41402000,
      "operating_income": -8631000,
      "net_income": -19103000,
      "opex": 50033000,
      "cogs": 313423000,
      "rd": null,
      "sga": 46996000,
      "fcf": -44689000,
      "ocf": -26630000,
      "capex": -18059000,
      "gross_margin": 0.11668287183823012,
      "op_margin": -0.024324667089410272,
      "fcf_margin": -0.12594659339110828,
      "incr_op_margin_yoy": 0.030687119770089203,
      "rev_growth_yoy": 0.606560717196414,
      "rev_growth_yoy_accel": 0.25879763949077694,
      "op_leverage_ratio": Infinity,
      "fcf_margin_change": -0.028078980104726148
    }
  ],
  "signals": [
    {
      "quarter": "2025-09 (Q3)",
      "signal": "YoY REVENUE GROWTH ACCELERATION",
      "detail": "YoY growth: +60.7% vs prior quarter YoY: +34.8% (accel: +25.9%)",
      "severity": "HIGH"
    },
    {
      "quarter": "2025-06 (Q2)",
      "signal": "FCF MARGIN EXPANSION",
      "detail": "FCF margin: -29.7% -> -9.8% (+19.9%)",
      "severity": "MEDIUM"
    },
    {
      "quarter": "2025-06 (Q2)",
      "signal": "YoY REVENUE GROWTH ACCELERATION",
      "detail": "YoY growth: +34.8% vs prior quarter YoY: +11.1% (accel: +23.7%)",
      "severity": "HIGH"
    },
    {
      "quarter": "2024-12 (Q4)",
      "signal": "FCF MARGIN EXPANSION",
      "detail": "FCF margin: -16.6% -> -6.7% (+9.9%)",
      "severity": "MEDIUM"
    },
    {
      "quarter": "2024-12 (Q4)",
      "signal": "YoY REVENUE GROWTH ACCELERATION",
      "detail": "YoY growth: +6.5% vs prior quarter YoY: +0.6% (accel: +5.9%)",
      "severity": "MEDIUM"
    },
    {
      "quarter": "2024-09 (Q3)",
      "signal": "FCF MARGIN EXPANSION",
      "detail": "FCF margin: -28.7% -> -16.6% (+12.1%)",
      "severity": "MEDIUM"
    },
    {
      "quarter": "2024-09 (Q3)",
      "signal": "YoY REVENUE GROWTH ACCELERATION",
      "detail": "YoY growth: +0.6% vs prior quarter YoY: -7.3% (accel: +7.8%)",
      "severity": "MEDIUM"
    },
    {
      "quarter": "2023-12 (Q4)",
      "signal": "FCF MARGIN EXPANSION",
      "detail": "FCF margin: -47.9% -> -14.9% (+33.0%)",
      "severity": "MEDIUM"
    },
    {
      "quarter": "2023-09 (Q3)",
      "signal": "YoY REVENUE GROWTH DECELERATION",
      "detail": "YoY growth: -4.6% vs prior quarter YoY: +0.6% (decel: -5.2%)",
      "severity": "WARNING"
    },
    {
      "quarter": "2023-06 (Q2)",
      "signal": "YoY REVENUE GROWTH DECELERATION",
      "detail": "YoY growth: +0.6% vs prior quarter YoY: +10.2% (decel: -9.6%)",
      "severity": "WARNING"
    },
    {
      "quarter": "2023-03 (Q1)",
      "signal": "YoY REVENUE GROWTH DECELERATION",
      "detail": "YoY growth: +10.2% vs prior quarter YoY: +19.6% (decel: -9.4%)",
      "severity": "WARNING"
    },
    {
      "quarter": "2022-12 (Q4)",
      "signal": "YoY REVENUE GROWTH DECELERATION",
      "detail": "YoY growth: +19.6% vs prior quarter YoY: +27.0% (decel: -7.4%)",
      "severity": "WARNING"
    },
    {
      "quarter": "2022-06 (Q2)",
      "signal": "FCF MARGIN EXPANSION",
      "detail": "FCF margin: -25.3% -> -6.7% (+18.5%)",
      "severity": "MEDIUM"
    },
    {
      "quarter": "2021-12 (Q4)",
      "signal": "FCF MARGIN EXPANSION",
      "detail": "FCF margin: -6.3% -> -0.8% (+5.5%)",
      "severity": "MEDIUM"
    }
  ],
  "data_quality": {
    "n_quarters": 18,
    "coverage": {
      "revenue": [
        18,
        18
      ],
      "gross_profit": [
        18,
        18
      ],
      "op_income": [
        18,
        18
      ],
      "fcf": [
        17,
        18
      ]
    },
    "gaps": [],
    "warnings": []
  },
  "market_cap": null,
  "source": "SEC EDGAR",
  "last_updated": "2026-02-02T22:30:17.234015"
}