{
  "ticker": "WETH",
  "name": "WETOUCH TECHNOLOGY INC.",
  "quarters": [
    {
      "date": "2020-12-31T00:00:00",
      "quarter_label": "2020-12 (Q4)",
      "revenue": 10676679,
      "gross_profit": 5121076,
      "operating_income": 3033665,
      "net_income": 950913,
      "opex": 2087411,
      "cogs": 5555603,
      "rd": 23166,
      "sga": null,
      "fcf": 8060192,
      "ocf": 8060192,
      "capex": null,
      "gross_margin": 0.4796506479215119,
      "op_margin": 0.2841393845408296,
      "fcf_margin": 0.7549343761295062
    },
    {
      "date": "2021-03-31T00:00:00",
      "quarter_label": "2021-03 (Q1)",
      "revenue": 10713304,
      "gross_profit": 5141498,
      "operating_income": 1387492,
      "net_income": 8361249,
      "opex": 3754006,
      "cogs": 5571806,
      "rd": 22180,
      "sga": null,
      "fcf": 13767369,
      "ocf": 13767369,
      "capex": null,
      "gross_margin": 0.47991711987263685,
      "op_margin": 0.1295111200055557,
      "fcf_margin": 1.2850721868809099,
      "fcf_margin_change": 0.5301378107514036
    },
    {
      "date": "2021-06-30T00:00:00",
      "quarter_label": "2021-06 (Q2)",
      "revenue": 15234885,
      "gross_profit": 7900163,
      "operating_income": 6939835,
      "net_income": 5067100,
      "opex": 960328,
      "cogs": 7334722,
      "rd": 22588,
      "sga": null,
      "fcf": -2613934,
      "ocf": -2613934,
      "capex": null,
      "gross_margin": 0.5185574423436737,
      "op_margin": 0.4555226376831857,
      "fcf_margin": -0.17157556489596082,
      "op_leverage_ratio": Infinity,
      "fcf_margin_change": -1.4566477517768708
    },
    {
      "date": "2021-09-30T00:00:00",
      "quarter_label": "2021-09 (Q3)",
      "revenue": 11165980,
      "gross_profit": 4795702,
      "operating_income": 4339224,
      "net_income": 3275475,
      "opex": 456478,
      "cogs": 6370278,
      "rd": 22267,
      "sga": null,
      "fcf": 1862008,
      "ocf": 1862008,
      "capex": null,
      "gross_margin": 0.42949226131517343,
      "op_margin": 0.38861112056442876,
      "fcf_margin": 0.16675723940039297,
      "fcf_margin_change": 0.3383328042963538
    },
    {
      "date": "2021-12-31T00:00:00",
      "quarter_label": "2021-12 (Q4)",
      "revenue": 3671304,
      "gross_profit": 593619,
      "operating_income": -28386,
      "net_income": 682142,
      "opex": 622005,
      "cogs": 3077685,
      "rd": 22442,
      "sga": null,
      "fcf": 1035991,
      "ocf": 1035991,
      "capex": null,
      "gross_margin": 0.1616915951389479,
      "op_margin": -0.007731857672369272,
      "fcf_margin": 0.2821861115287647,
      "incr_op_margin_yoy": 0.4371002266117089,
      "rev_growth_yoy": -0.6561380181983555,
      "fcf_margin_change": 0.11542887212837175
    },
    {
      "date": "2022-03-31T00:00:00",
      "quarter_label": "2022-03 (Q1)",
      "revenue": 11994547,
      "gross_profit": 4310755,
      "operating_income": 3430413,
      "net_income": 2562513,
      "opex": 880342,
      "cogs": 7683792,
      "rd": 22857,
      "sga": null,
      "fcf": -1437747,
      "ocf": -1437747,
      "capex": null,
      "gross_margin": 0.35939289745581887,
      "op_margin": 0.2859977121270191,
      "fcf_margin": -0.11986671943508996,
      "incr_op_margin_yoy": 1.5944836381545109,
      "rev_growth_yoy": 0.1195936379664014,
      "rev_growth_yoy_accel": 0.7757316561647569,
      "op_leverage_ratio": 5.458577623985825,
      "fcf_margin_change": -0.4020528309638547
    },
    {
      "date": "2022-06-30T00:00:00",
      "quarter_label": "2022-06 (Q2)",
      "revenue": 11752934,
      "gross_profit": 5050999,
      "operating_income": 4054039,
      "net_income": 2930705,
      "opex": 996960,
      "cogs": 6701935,
      "rd": 21713,
      "sga": null,
      "fcf": 2936492,
      "ocf": 2936492,
      "capex": null,
      "gross_margin": 0.4297649420987134,
      "op_margin": 0.3449384638763393,
      "fcf_margin": 0.24985182423384664,
      "incr_op_margin_yoy": 0.8287870794275968,
      "rev_growth_yoy": -0.22855118368139962,
      "rev_growth_yoy_accel": -0.34814482164780103,
      "fcf_margin_change": 0.3697185436689366
    },
    {
      "date": "2022-09-30T00:00:00",
      "quarter_label": "2022-09 (Q3)",
      "revenue": 11623018,
      "gross_profit": 5061852,
      "operating_income": 4738333,
      "net_income": 3289524,
      "opex": 323519,
      "cogs": 6561166,
      "rd": 20737,
      "sga": null,
      "fcf": 3270178,
      "ocf": 3270178,
      "capex": null,
      "gross_margin": 0.4355023798466113,
      "op_margin": 0.4076680428439498,
      "fcf_margin": 0.2813536036853767,
      "rev_growth_yoy": 0.040931293088470516,
      "rev_growth_yoy_accel": 0.26948247676987014,
      "fcf_margin_change": 0.03150177945153007
    },
    {
      "date": "2022-12-31T00:00:00",
      "quarter_label": "2022-12 (Q4)",
      "revenue": 2552613,
      "gross_profit": -373126,
      "operating_income": -808116,
      "net_income": -52296,
      "opex": 434990,
      "cogs": 2925739,
      "rd": 19944,
      "sga": null,
      "fcf": 3817320,
      "ocf": 3817320,
      "capex": null,
      "gross_margin": -0.14617413607154708,
      "op_margin": -0.316583829981278,
      "fcf_margin": 1.4954558329053405,
      "incr_op_margin_yoy": 0.6970021212291866,
      "rev_growth_yoy": -0.3047121676657667,
      "rev_growth_yoy_accel": -0.34564346075423724,
      "fcf_margin_change": 1.2141022292199637
    },
    {
      "date": "2023-03-31T00:00:00",
      "quarter_label": "2023-03 (Q1)",
      "revenue": 13433461,
      "gross_profit": 6038800,
      "operating_income": 4300454,
      "net_income": 2793249,
      "opex": 1738346,
      "cogs": 7394661,
      "rd": 20885,
      "sga": null,
      "fcf": 2716539,
      "ocf": 2716539,
      "capex": null,
      "gross_margin": 0.4495341892904591,
      "op_margin": 0.32013000968253824,
      "fcf_margin": 0.20222182503823846,
      "incr_op_margin_yoy": 0.604651146628638,
      "rev_growth_yoy": 0.11996401364720151,
      "rev_growth_yoy_accel": 0.4246761813129682,
      "op_leverage_ratio": 1.4226366220421036,
      "fcf_margin_change": -1.293234007867102
    },
    {
      "date": "2023-06-30T00:00:00",
      "quarter_label": "2023-06 (Q2)",
      "revenue": 12774432,
      "gross_profit": 6253417,
      "operating_income": 6094766,
      "net_income": 4672983,
      "opex": 158651,
      "cogs": 6521015,
      "rd": 20384,
      "sga": null,
      "fcf": 4042169,
      "ocf": 4042169,
      "capex": null,
      "gross_margin": 0.4895260313726669,
      "op_margin": 0.47710661421188827,
      "fcf_margin": 0.3164265150888901,
      "incr_op_margin_yoy": 1.9977787523813066,
      "rev_growth_yoy": 0.0869142973150364,
      "rev_growth_yoy_accel": -0.03304971633216511,
      "fcf_margin_change": 0.11420469005065162
    },
    {
      "date": "2023-09-30T00:00:00",
      "quarter_label": "2023-09 (Q3)",
      "revenue": 11123605,
      "gross_profit": 4777526,
      "operating_income": 4285480,
      "net_income": 2858968,
      "opex": 492046,
      "cogs": 6346079,
      "rd": 20580,
      "sga": null,
      "fcf": 2249266,
      "ocf": 2249266,
      "capex": null,
      "gross_margin": 0.4294943950275113,
      "op_margin": 0.3852599943992977,
      "fcf_margin": 0.2022065688236862,
      "rev_growth_yoy": -0.04296758380654663,
      "rev_growth_yoy_accel": -0.12988188112158303,
      "fcf_margin_change": -0.11421994626520388
    },
    {
      "date": "2023-12-31T00:00:00",
      "quarter_label": "2023-12 (Q4)",
      "revenue": 2374441,
      "gross_profit": 120977,
      "operating_income": -2030416,
      "net_income": -2060869,
      "opex": 2151393,
      "cogs": 2253464,
      "rd": 22702,
      "sga": null,
      "fcf": 3716415,
      "ocf": 3716415,
      "capex": null,
      "gross_margin": 0.050949676155356144,
      "op_margin": -0.8551132666593948,
      "fcf_margin": 1.5651747084892824,
      "rev_growth_yoy": -0.06979984823394694,
      "rev_growth_yoy_accel": -0.02683226442740031,
      "fcf_margin_change": 1.3629681396655962
    },
    {
      "date": "2024-03-31T00:00:00",
      "quarter_label": "2024-03 (Q1)",
      "revenue": 14877259,
      "gross_profit": 3337958,
      "operating_income": 2304904,
      "net_income": 558870,
      "opex": 1033054,
      "cogs": 11539301,
      "rd": 42738,
      "sga": null,
      "fcf": -9328833,
      "ocf": -9217544,
      "capex": -111289,
      "gross_margin": 0.22436646427947513,
      "op_margin": 0.15492800118624,
      "fcf_margin": -0.6270532091966672,
      "incr_op_margin_yoy": -1.38215318209334,
      "rev_growth_yoy": 0.10747773786665998,
      "rev_growth_yoy_accel": 0.17727758610060693,
      "op_leverage_ratio": Infinity,
      "fcf_margin_change": -2.1922279176859494
    },
    {
      "date": "2024-06-30T00:00:00",
      "quarter_label": "2024-06 (Q2)",
      "revenue": 12234575,
      "gross_profit": 4860818,
      "operating_income": 3725228,
      "net_income": 2701694,
      "opex": 1135590,
      "cogs": 7373757,
      "rd": 43211,
      "sga": null,
      "fcf": 3878164,
      "ocf": 3881637,
      "capex": -3473,
      "gross_margin": 0.3973017452588259,
      "op_margin": 0.3044836457335052,
      "fcf_margin": 0.31698395735037793,
      "rev_growth_yoy": -0.04226074396106222,
      "rev_growth_yoy_accel": -0.1497384818277222,
      "fcf_margin_change": 0.9440371665470451
    },
    {
      "date": "2024-09-30T00:00:00",
      "quarter_label": "2024-09 (Q3)",
      "revenue": 11537989,
      "gross_profit": 4436344,
      "operating_income": 3483012,
      "net_income": 2660699,
      "opex": 953332,
      "cogs": 7101645,
      "rd": 43859,
      "sga": null,
      "fcf": 4586428,
      "ocf": 4590870,
      "capex": -4442,
      "gross_margin": 0.3844988931780053,
      "op_margin": 0.3018734027220861,
      "fcf_margin": 0.3975067058912953,
      "rev_growth_yoy": 0.037252671233831115,
      "rev_growth_yoy_accel": 0.07951341519489333,
      "fcf_margin_change": 0.08052274854091734
    },
    {
      "date": "2024-12-31T00:00:00",
      "quarter_label": "2024-12 (Q4)",
      "revenue": 3630550,
      "gross_profit": 971679,
      "operating_income": -195797,
      "net_income": 109895,
      "opex": 1167476,
      "cogs": 2658871,
      "rd": null,
      "sga": null,
      "fcf": 1661489,
      "ocf": 1814115,
      "capex": -152626,
      "gross_margin": 0.2676396138326149,
      "op_margin": -0.05393039622095826,
      "fcf_margin": 0.4576411287545964,
      "incr_op_margin_yoy": 1.460557165023099,
      "rev_growth_yoy": 0.5290125128398642,
      "rev_growth_yoy_accel": 0.49175984160603303,
      "fcf_margin_change": 0.06013442286330112
    },
    {
      "date": "2025-03-31T00:00:00",
      "quarter_label": "2025-03 (Q1)",
      "revenue": 15289578,
      "gross_profit": 5641631,
      "operating_income": 3972734,
      "net_income": 2562722,
      "opex": 1668897,
      "cogs": 9647947,
      "rd": null,
      "sga": null,
      "fcf": 2039728,
      "ocf": 2039728,
      "capex": null,
      "gross_margin": 0.36898539645763934,
      "op_margin": 0.2598328089892344,
      "fcf_margin": 0.13340642887593104,
      "rev_growth_yoy": 0.027714715459346374,
      "rev_growth_yoy_accel": -0.5012977973805178,
      "op_leverage_ratio": 7.477137477638333,
      "fcf_margin_change": -0.3242346998786654
    },
    {
      "date": "2025-06-30T00:00:00",
      "quarter_label": "2025-06 (Q2)",
      "revenue": 12419455,
      "gross_profit": 4111511,
      "operating_income": 3082904,
      "net_income": 2241828,
      "opex": 1028607,
      "cogs": 8307944,
      "rd": null,
      "sga": null,
      "fcf": 2636672,
      "ocf": 2636672,
      "capex": null,
      "gross_margin": 0.33105405994063347,
      "op_margin": 0.24823182659786602,
      "fcf_margin": 0.21230174754045164,
      "rev_growth_yoy": 0.015111272765911362,
      "rev_growth_yoy_accel": -0.012603442693435012,
      "fcf_margin_change": 0.0788953186645206
    },
    {
      "date": "2025-09-30T00:00:00",
      "quarter_label": "2025-09 (Q3)",
      "revenue": 12179802,
      "gross_profit": 3978791,
      "operating_income": 3126307,
      "net_income": 2527192,
      "opex": 852484,
      "cogs": 8201011,
      "rd": null,
      "sga": null,
      "fcf": 3810919,
      "ocf": 3810919,
      "capex": null,
      "gross_margin": 0.3266712381695532,
      "op_margin": 0.25667962418436685,
      "fcf_margin": 0.31288841969680625,
      "rev_growth_yoy": 0.05562607140637766,
      "rev_growth_yoy_accel": 0.040514798640466296,
      "fcf_margin_change": 0.10058667215635461
    }
  ],
  "signals": [
    {
      "quarter": "2025-09 (Q3)",
      "signal": "FCF MARGIN EXPANSION",
      "detail": "FCF margin: +21.2% -> +31.3% (+10.1%)",
      "severity": "MEDIUM"
    },
    {
      "quarter": "2025-06 (Q2)",
      "signal": "FCF MARGIN EXPANSION",
      "detail": "FCF margin: +13.3% -> +21.2% (+7.9%)",
      "severity": "MEDIUM"
    },
    {
      "quarter": "2025-03 (Q1)",
      "signal": "OPERATING LEVERAGE",
      "detail": "Rev growth +321.1% vs OpEx growth +42.9% (leverage: 7.5x)",
      "severity": "MEDIUM"
    },
    {
      "quarter": "2025-03 (Q1)",
      "signal": "GROSS MARGIN INFLECTION",
      "detail": "GM: +38.4% -> +26.8% -> +36.9% (reversal +10.1%)",
      "severity": "HIGH"
    },
    {
      "quarter": "2025-03 (Q1)",
      "signal": "YoY REVENUE GROWTH DECELERATION",
      "detail": "YoY growth: +2.8% vs prior quarter YoY: +52.9% (decel: -50.1%)",
      "severity": "WARNING"
    },
    {
      "quarter": "2025-03 (Q1)",
      "signal": "OP MARGIN TURNED POSITIVE (QoQ)",
      "detail": "Op margin: -5.4% -> +26.0%",
      "severity": "HIGH"
    },
    {
      "quarter": "2024-12 (Q4)",
      "signal": "FCF MARGIN EXPANSION",
      "detail": "FCF margin: +39.8% -> +45.8% (+6.0%)",
      "severity": "MEDIUM"
    },
    {
      "quarter": "2024-12 (Q4)",
      "signal": "YoY REVENUE GROWTH ACCELERATION",
      "detail": "YoY growth: +52.9% vs prior quarter YoY: +3.7% (accel: +49.2%)",
      "severity": "HIGH"
    },
    {
      "quarter": "2024-09 (Q3)",
      "signal": "FCF MARGIN EXPANSION",
      "detail": "FCF margin: +31.7% -> +39.8% (+8.1%)",
      "severity": "MEDIUM"
    },
    {
      "quarter": "2024-09 (Q3)",
      "signal": "YoY REVENUE GROWTH ACCELERATION",
      "detail": "YoY growth: +3.7% vs prior quarter YoY: -4.2% (accel: +8.0%)",
      "severity": "MEDIUM"
    },
    {
      "quarter": "2024-06 (Q2)",
      "signal": "FCF TURNED POSITIVE",
      "detail": "FCF margin: -62.7% -> +31.7%",
      "severity": "HIGH"
    },
    {
      "quarter": "2024-06 (Q2)",
      "signal": "YoY REVENUE GROWTH DECELERATION",
      "detail": "YoY growth: -4.2% vs prior quarter YoY: +10.7% (decel: -15.0%)",
      "severity": "WARNING"
    },
    {
      "quarter": "2024-03 (Q1)",
      "signal": "GROSS MARGIN INFLECTION",
      "detail": "GM: +42.9% -> +5.1% -> +22.4% (reversal +17.3%)",
      "severity": "HIGH"
    },
    {
      "quarter": "2024-03 (Q1)",
      "signal": "YoY REVENUE GROWTH ACCELERATION",
      "detail": "YoY growth: +10.7% vs prior quarter YoY: -7.0% (accel: +17.7%)",
      "severity": "HIGH"
    },
    {
      "quarter": "2024-03 (Q1)",
      "signal": "OP MARGIN TURNED POSITIVE (QoQ)",
      "detail": "Op margin: -85.5% -> +15.5%",
      "severity": "HIGH"
    },
    {
      "quarter": "2023-12 (Q4)",
      "signal": "FCF MARGIN EXPANSION",
      "detail": "FCF margin: +20.2% -> +156.5% (+136.3%)",
      "severity": "MEDIUM"
    },
    {
      "quarter": "2023-09 (Q3)",
      "signal": "YoY REVENUE GROWTH DECELERATION",
      "detail": "YoY growth: -4.3% vs prior quarter YoY: +8.7% (decel: -13.0%)",
      "severity": "WARNING"
    },
    {
      "quarter": "2023-06 (Q2)",
      "signal": "FCF MARGIN EXPANSION",
      "detail": "FCF margin: +20.2% -> +31.6% (+11.4%)",
      "severity": "MEDIUM"
    },
    {
      "quarter": "2023-06 (Q2)",
      "signal": "INCREMENTAL MARGIN (YoY)",
      "detail": "YoY Incr OPM: +199.8% vs year-ago OPM: +34.5%",
      "severity": "HIGH"
    },
    {
      "quarter": "2023-03 (Q1)",
      "signal": "GROSS MARGIN INFLECTION",
      "detail": "GM: +43.6% -> -14.6% -> +45.0% (reversal +59.6%)",
      "severity": "HIGH"
    },
    {
      "quarter": "2023-03 (Q1)",
      "signal": "YoY REVENUE GROWTH ACCELERATION",
      "detail": "YoY growth: +12.0% vs prior quarter YoY: -30.5% (accel: +42.5%)",
      "severity": "HIGH"
    },
    {
      "quarter": "2023-03 (Q1)",
      "signal": "INCREMENTAL MARGIN (YoY)",
      "detail": "YoY Incr OPM: +60.5% vs year-ago OPM: +28.6%",
      "severity": "HIGH"
    },
    {
      "quarter": "2023-03 (Q1)",
      "signal": "OP MARGIN TURNED POSITIVE (QoQ)",
      "detail": "Op margin: -31.7% -> +32.0%",
      "severity": "HIGH"
    },
    {
      "quarter": "2022-12 (Q4)",
      "signal": "FCF MARGIN EXPANSION",
      "detail": "FCF margin: +28.1% -> +149.5% (+121.4%)",
      "severity": "MEDIUM"
    },
    {
      "quarter": "2022-12 (Q4)",
      "signal": "YoY REVENUE GROWTH DECELERATION",
      "detail": "YoY growth: -30.5% vs prior quarter YoY: +4.1% (decel: -34.6%)",
      "severity": "WARNING"
    },
    {
      "quarter": "2022-09 (Q3)",
      "signal": "YoY REVENUE GROWTH ACCELERATION",
      "detail": "YoY growth: +4.1% vs prior quarter YoY: -22.9% (accel: +26.9%)",
      "severity": "HIGH"
    },
    {
      "quarter": "2022-06 (Q2)",
      "signal": "FCF TURNED POSITIVE",
      "detail": "FCF margin: -12.0% -> +25.0%",
      "severity": "HIGH"
    },
    {
      "quarter": "2022-06 (Q2)",
      "signal": "YoY REVENUE GROWTH DECELERATION",
      "detail": "YoY growth: -22.9% vs prior quarter YoY: +12.0% (decel: -34.8%)",
      "severity": "WARNING"
    },
    {
      "quarter": "2022-06 (Q2)",
      "signal": "INCREMENTAL MARGIN (YoY)",
      "detail": "YoY Incr OPM: +82.9% vs year-ago OPM: +45.6%",
      "severity": "HIGH"
    },
    {
      "quarter": "2022-03 (Q1)",
      "signal": "OPERATING LEVERAGE",
      "detail": "Rev growth +226.7% vs OpEx growth +41.5% (leverage: 5.5x)",
      "severity": "MEDIUM"
    },
    {
      "quarter": "2022-03 (Q1)",
      "signal": "GROSS MARGIN INFLECTION",
      "detail": "GM: +42.9% -> +16.2% -> +35.9% (reversal +19.8%)",
      "severity": "HIGH"
    },
    {
      "quarter": "2022-03 (Q1)",
      "signal": "YoY REVENUE GROWTH ACCELERATION",
      "detail": "YoY growth: +12.0% vs prior quarter YoY: -65.6% (accel: +77.6%)",
      "severity": "HIGH"
    },
    {
      "quarter": "2022-03 (Q1)",
      "signal": "INCREMENTAL MARGIN (YoY)",
      "detail": "YoY Incr OPM: +159.4% vs year-ago OPM: +13.0%",
      "severity": "HIGH"
    },
    {
      "quarter": "2022-03 (Q1)",
      "signal": "OP MARGIN TURNED POSITIVE (QoQ)",
      "detail": "Op margin: -0.8% -> +28.6%",
      "severity": "HIGH"
    },
    {
      "quarter": "2021-12 (Q4)",
      "signal": "FCF MARGIN EXPANSION",
      "detail": "FCF margin: +16.7% -> +28.2% (+11.5%)",
      "severity": "MEDIUM"
    },
    {
      "quarter": "2021-09 (Q3)",
      "signal": "FCF TURNED POSITIVE",
      "detail": "FCF margin: -17.2% -> +16.7%",
      "severity": "HIGH"
    },
    {
      "quarter": "2021-03 (Q1)",
      "signal": "FCF MARGIN EXPANSION",
      "detail": "FCF margin: +75.5% -> +128.5% (+53.0%)",
      "severity": "MEDIUM"
    }
  ],
  "data_quality": {
    "n_quarters": 20,
    "coverage": {
      "revenue": [
        20,
        20
      ],
      "gross_profit": [
        20,
        20
      ],
      "op_income": [
        20,
        20
      ],
      "fcf": [
        20,
        20
      ]
    },
    "gaps": [],
    "warnings": []
  },
  "market_cap": null,
  "source": "SEC EDGAR",
  "last_updated": "2026-02-02T23:58:15.589718"
}