{
  "ticker": "WEX",
  "name": "WEX Inc.",
  "quarters": [
    {
      "date": "2020-12-31T00:00:00",
      "quarter_label": "2020-12 (Q4)",
      "revenue": 398990000,
      "gross_profit": 230419000,
      "operating_income": -197129000,
      "net_income": -224075000,
      "opex": 427548000,
      "cogs": 168571000,
      "rd": null,
      "sga": null,
      "fcf": -58472000,
      "ocf": -37652000,
      "capex": -20820000,
      "gross_margin": 0.5775057018972907,
      "op_margin": -0.4940700268177147,
      "fcf_margin": -0.14655003884809142
    },
    {
      "date": "2021-03-31T00:00:00",
      "quarter_label": "2021-03 (Q1)",
      "revenue": 410757000,
      "gross_profit": 252972000,
      "operating_income": 50541000,
      "net_income": 22479000,
      "opex": 202431000,
      "cogs": 157785000,
      "rd": null,
      "sga": null,
      "fcf": -235575000,
      "ocf": -217295000,
      "capex": -18280000,
      "gross_margin": 0.6158677758382693,
      "op_margin": 0.1230435512967521,
      "fcf_margin": -0.5735142675596521,
      "op_leverage_ratio": Infinity,
      "fcf_margin_change": -0.42696422871156064
    },
    {
      "date": "2021-06-30T00:00:00",
      "quarter_label": "2021-06 (Q2)",
      "revenue": 459483000,
      "gross_profit": 287832000,
      "operating_income": 82278000,
      "net_income": 9967000,
      "opex": 205554000,
      "cogs": 171651000,
      "rd": null,
      "sga": null,
      "fcf": 76553000,
      "ocf": 95313000,
      "capex": -18760000,
      "gross_margin": 0.6264257872434889,
      "op_margin": 0.17906647253543656,
      "fcf_margin": 0.16660681679191613,
      "op_leverage_ratio": 7.689194097025286,
      "fcf_margin_change": 0.7401210843515682
    },
    {
      "date": "2021-09-30T00:00:00",
      "quarter_label": "2021-09 (Q3)",
      "revenue": 482764000,
      "gross_profit": 302834000,
      "operating_income": 100822000,
      "net_income": 51734000,
      "opex": 202012000,
      "cogs": 179930000,
      "rd": null,
      "sga": null,
      "fcf": 93183000,
      "ocf": 111627000,
      "capex": -18444000,
      "gross_margin": 0.6272920101747438,
      "op_margin": 0.20884324431813475,
      "fcf_margin": 0.19301977777961904,
      "op_leverage_ratio": Infinity,
      "fcf_margin_change": 0.026412960987702905
    },
    {
      "date": "2021-12-31T00:00:00",
      "quarter_label": "2021-12 (Q4)",
      "revenue": 497538000,
      "gross_profit": 304795000,
      "operating_income": 108359000,
      "net_income": 51113000,
      "opex": 196436000,
      "cogs": 192743000,
      "rd": null,
      "sga": null,
      "fcf": -62761000,
      "ocf": -32245000,
      "capex": -30516000,
      "gross_margin": 0.6126064742793516,
      "op_margin": 0.21779039992925164,
      "fcf_margin": -0.126143128766044,
      "incr_op_margin_yoy": 3.09989040873483,
      "rev_growth_yoy": 0.2469936589889471,
      "op_leverage_ratio": Infinity,
      "fcf_margin_change": -0.31916290654566304
    },
    {
      "date": "2022-03-31T00:00:00",
      "quarter_label": "2022-03 (Q1)",
      "revenue": 517535000,
      "gross_profit": 315336000,
      "operating_income": 122274000,
      "net_income": 88518000,
      "opex": 193062000,
      "cogs": 202199000,
      "rd": null,
      "sga": null,
      "fcf": -192900000,
      "ocf": -168700000,
      "capex": -24200000,
      "gross_margin": 0.609303718589081,
      "op_margin": 0.236262281778044,
      "fcf_margin": -0.3727284145033669,
      "incr_op_margin_yoy": 0.6717956882503887,
      "rev_growth_yoy": 0.25995418215636007,
      "rev_growth_yoy_accel": 0.012960523167412974,
      "op_leverage_ratio": Infinity,
      "fcf_margin_change": -0.2465852857373229
    },
    {
      "date": "2022-06-30T00:00:00",
      "quarter_label": "2022-06 (Q2)",
      "revenue": 598237000,
      "gross_profit": 373930000,
      "operating_income": 171131000,
      "net_income": 34129000,
      "opex": 202799000,
      "cogs": 224307000,
      "rd": null,
      "sga": null,
      "fcf": -174100000,
      "ocf": -152700000,
      "capex": -21400000,
      "gross_margin": 0.6250532815589808,
      "op_margin": 0.2860588696453078,
      "fcf_margin": -0.29102178568025716,
      "incr_op_margin_yoy": 0.6403635210516454,
      "rev_growth_yoy": 0.3019785280412986,
      "rev_growth_yoy_accel": 0.04202434588493853,
      "op_leverage_ratio": 3.09183424396881,
      "fcf_margin_change": 0.08170662882310975
    },
    {
      "date": "2022-09-30T00:00:00",
      "quarter_label": "2022-09 (Q3)",
      "revenue": 616129000,
      "gross_profit": 364017000,
      "operating_income": 21288000,
      "net_income": -44145000,
      "opex": 342729000,
      "cogs": 252112000,
      "rd": null,
      "sga": null,
      "fcf": 398100000,
      "ocf": 428000000,
      "capex": -29900000,
      "gross_margin": 0.5908129628697887,
      "op_margin": 0.03455120599744534,
      "fcf_margin": 0.6461309238812002,
      "incr_op_margin_yoy": -0.596363363701121,
      "rev_growth_yoy": 0.2762529931809331,
      "rev_growth_yoy_accel": -0.025725534860365495,
      "op_leverage_ratio": 0.0433451584217783,
      "fcf_margin_change": 0.9371527095614574
    },
    {
      "date": "2022-12-31T00:00:00",
      "quarter_label": "2022-12 (Q4)",
      "revenue": 618610000,
      "gross_profit": 366778000,
      "operating_income": 155149000,
      "net_income": 88691000,
      "opex": 211629000,
      "cogs": 251832000,
      "rd": null,
      "sga": null,
      "fcf": 535400000,
      "ocf": 572800000,
      "capex": -37400000,
      "gross_margin": 0.5929066778745898,
      "op_margin": 0.25080260584212993,
      "fcf_margin": 0.8654887570521007,
      "incr_op_margin_yoy": 0.3864642526760936,
      "rev_growth_yoy": 0.24334221707688658,
      "rev_growth_yoy_accel": -0.032910776104046524,
      "fcf_margin_change": 0.21935783317090052
    },
    {
      "date": "2023-03-31T00:00:00",
      "quarter_label": "2023-03 (Q1)",
      "revenue": 612000000,
      "gross_profit": 364700000,
      "operating_income": 154300000,
      "net_income": 68000000,
      "opex": 210400000,
      "cogs": 247300000,
      "rd": null,
      "sga": null,
      "fcf": -3500000,
      "ocf": 27100000,
      "capex": -30600000,
      "gross_margin": 0.5959150326797386,
      "op_margin": 0.25212418300653594,
      "fcf_margin": -0.005718954248366013,
      "incr_op_margin_yoy": 0.33902503572751813,
      "rev_growth_yoy": 0.18252871786449226,
      "rev_growth_yoy_accel": -0.06081349921239432,
      "fcf_margin_change": -0.8712077113004667
    },
    {
      "date": "2023-06-30T00:00:00",
      "quarter_label": "2023-06 (Q2)",
      "revenue": 621300000,
      "gross_profit": 386300000,
      "operating_income": 159400000,
      "net_income": 95300000,
      "opex": 226900000,
      "cogs": 235000000,
      "rd": null,
      "sga": null,
      "fcf": 37700000,
      "ocf": 72400000,
      "capex": -34700000,
      "gross_margin": 0.6217608240785449,
      "op_margin": 0.2565588282633188,
      "fcf_margin": 0.060679220988250446,
      "incr_op_margin_yoy": -0.5086502189654425,
      "rev_growth_yoy": 0.038551610816449,
      "rev_growth_yoy_accel": -0.14397710704804326,
      "op_leverage_ratio": 0.19377302436125965,
      "fcf_margin_change": 0.06639817523661645
    },
    {
      "date": "2023-09-30T00:00:00",
      "quarter_label": "2023-09 (Q3)",
      "revenue": 651400000,
      "gross_profit": 416300000,
      "operating_income": 174900000,
      "net_income": 18400000,
      "opex": 241400000,
      "cogs": 235100000,
      "rd": null,
      "sga": null,
      "fcf": 10100000,
      "ocf": 46500000,
      "capex": -36400000,
      "gross_margin": 0.6390850475898066,
      "op_margin": 0.2684986183604544,
      "fcf_margin": 0.015505066011667179,
      "incr_op_margin_yoy": 4.3551926511865275,
      "rev_growth_yoy": 0.05724612865162977,
      "rev_growth_yoy_accel": 0.018694517835180773,
      "op_leverage_ratio": 0.7581089706233315,
      "fcf_margin_change": -0.04517415497658327
    },
    {
      "date": "2023-12-31T00:00:00",
      "quarter_label": "2023-12 (Q4)",
      "revenue": 663300000,
      "gross_profit": 407400000,
      "operating_income": 158500000,
      "net_income": 84900000,
      "opex": 248900000,
      "cogs": 255900000,
      "rd": null,
      "sga": null,
      "fcf": 720000000,
      "ocf": 761900000,
      "capex": -41900000,
      "gross_margin": 0.6142017186793306,
      "op_margin": 0.23895673149404492,
      "fcf_margin": 1.0854816824966078,
      "incr_op_margin_yoy": 0.07498321772208548,
      "rev_growth_yoy": 0.07224260842857373,
      "rev_growth_yoy_accel": 0.01499647977694396,
      "op_leverage_ratio": 0.5879971343772388,
      "fcf_margin_change": 1.0699766164849407
    },
    {
      "date": "2024-03-31T00:00:00",
      "quarter_label": "2024-03 (Q1)",
      "revenue": 652700000,
      "gross_profit": 385500000,
      "operating_income": 164500000,
      "net_income": 65800000,
      "opex": 221000000,
      "cogs": 267200000,
      "rd": null,
      "sga": null,
      "fcf": -187300000,
      "ocf": -153300000,
      "capex": -34000000,
      "gross_margin": 0.5906235636586487,
      "op_margin": 0.2520300291098514,
      "fcf_margin": -0.2869618507737092,
      "incr_op_margin_yoy": 0.25061425061425063,
      "rev_growth_yoy": 0.06650326797385621,
      "rev_growth_yoy_accel": -0.005739340454717523,
      "fcf_margin_change": -1.372443533270317
    },
    {
      "date": "2024-06-30T00:00:00",
      "quarter_label": "2024-06 (Q2)",
      "revenue": 673500000,
      "gross_profit": 409700000,
      "operating_income": 168100000,
      "net_income": 77000000,
      "opex": 241600000,
      "cogs": 263800000,
      "rd": null,
      "sga": null,
      "fcf": -46600000,
      "ocf": -7000000,
      "capex": -39600000,
      "gross_margin": 0.6083147735708982,
      "op_margin": 0.2495916852264291,
      "fcf_margin": -0.06919079435783222,
      "incr_op_margin_yoy": 0.16666666666666666,
      "rev_growth_yoy": 0.08401738290680831,
      "rev_growth_yoy_accel": 0.017514114932952102,
      "op_leverage_ratio": 0.34188085041820304,
      "fcf_margin_change": 0.21777105641587702
    },
    {
      "date": "2024-09-30T00:00:00",
      "quarter_label": "2024-09 (Q3)",
      "revenue": 665500000,
      "gross_profit": 416300000,
      "operating_income": 196400000,
      "net_income": 102900000,
      "opex": 219900000,
      "cogs": 249200000,
      "rd": null,
      "sga": null,
      "fcf": -31700000,
      "ocf": 3300000,
      "capex": -35000000,
      "gross_margin": 0.6255447032306537,
      "op_margin": 0.29511645379413975,
      "fcf_margin": -0.04763335837716003,
      "incr_op_margin_yoy": 1.524822695035461,
      "rev_growth_yoy": 0.021645686214307645,
      "rev_growth_yoy_accel": -0.062371696692500665,
      "fcf_margin_change": 0.02155743598067219
    },
    {
      "date": "2024-12-31T00:00:00",
      "quarter_label": "2024-12 (Q4)",
      "revenue": 636500000,
      "gross_profit": 378900000,
      "operating_income": 157300000,
      "net_income": 63900000,
      "opex": 221600000,
      "cogs": 257600000,
      "rd": null,
      "sga": null,
      "fcf": 599700000,
      "ocf": 638400000,
      "capex": -38700000,
      "gross_margin": 0.59528672427337,
      "op_margin": 0.24713275726630007,
      "fcf_margin": 0.9421838177533386,
      "incr_op_margin_yoy": 0.04477611940298507,
      "rev_growth_yoy": -0.04040404040404041,
      "rev_growth_yoy_accel": -0.06204972661834805,
      "fcf_margin_change": 0.9898171761304986
    },
    {
      "date": "2025-03-31T00:00:00",
      "quarter_label": "2025-03 (Q1)",
      "revenue": 636600000,
      "gross_profit": 366600000,
      "operating_income": 157300000,
      "net_income": 71500000,
      "opex": 209300000,
      "cogs": 270000000,
      "rd": null,
      "sga": null,
      "fcf": -514200000,
      "ocf": -481600000,
      "capex": -32600000,
      "gross_margin": 0.5758718190386428,
      "op_margin": 0.24709393653785736,
      "fcf_margin": -0.8077285579641847,
      "incr_op_margin_yoy": 0.4472049689440994,
      "rev_growth_yoy": -0.024666768806496094,
      "rev_growth_yoy_accel": 0.015737271597544313,
      "fcf_margin_change": -1.7499123757175234
    },
    {
      "date": "2025-06-30T00:00:00",
      "quarter_label": "2025-06 (Q2)",
      "revenue": 659600000,
      "gross_profit": 386900000,
      "operating_income": 156800000,
      "net_income": 68100000,
      "opex": 230100000,
      "cogs": 272700000,
      "rd": null,
      "sga": null,
      "fcf": 230000000,
      "ocf": 264600000,
      "capex": -34600000,
      "gross_margin": 0.5865676167374166,
      "op_margin": 0.23771983020012127,
      "fcf_margin": 0.3486961795027289,
      "incr_op_margin_yoy": 0.8129496402877698,
      "rev_growth_yoy": -0.020638455827765405,
      "rev_growth_yoy_accel": 0.004028312978730689,
      "op_leverage_ratio": 0.3635524662268301,
      "fcf_margin_change": 1.1564247374669137
    },
    {
      "date": "2025-09-30T00:00:00",
      "quarter_label": "2025-09 (Q3)",
      "revenue": 691800000,
      "gross_profit": 417500000,
      "operating_income": 183600000,
      "net_income": 80300000,
      "opex": 233900000,
      "cogs": 274300000,
      "rd": null,
      "sga": null,
      "fcf": 341600000,
      "ocf": 376600000,
      "capex": -35000000,
      "gross_margin": 0.6034981208441746,
      "op_margin": 0.2653946227233304,
      "fcf_margin": 0.49378433073142525,
      "incr_op_margin_yoy": -0.4866920152091255,
      "rev_growth_yoy": 0.03951915852742299,
      "rev_growth_yoy_accel": 0.0601576143551884,
      "op_leverage_ratio": 2.9560259806581337,
      "fcf_margin_change": 0.14508815122869634
    }
  ],
  "signals": [
    {
      "quarter": "2025-09 (Q3)",
      "signal": "FCF MARGIN EXPANSION",
      "detail": "FCF margin: +34.9% -> +49.4% (+14.5%)",
      "severity": "MEDIUM"
    },
    {
      "quarter": "2025-09 (Q3)",
      "signal": "OPERATING LEVERAGE",
      "detail": "Rev growth +4.9% vs OpEx growth +1.7% (leverage: 3.0x)",
      "severity": "MEDIUM"
    },
    {
      "quarter": "2025-09 (Q3)",
      "signal": "YoY REVENUE GROWTH ACCELERATION",
      "detail": "YoY growth: +4.0% vs prior quarter YoY: -2.1% (accel: +6.0%)",
      "severity": "MEDIUM"
    },
    {
      "quarter": "2025-06 (Q2)",
      "signal": "FCF TURNED POSITIVE",
      "detail": "FCF margin: -80.8% -> +34.9%",
      "severity": "HIGH"
    },
    {
      "quarter": "2025-06 (Q2)",
      "signal": "INCREMENTAL MARGIN (YoY)",
      "detail": "YoY Incr OPM: +81.3% vs year-ago OPM: +25.0%",
      "severity": "HIGH"
    },
    {
      "quarter": "2025-03 (Q1)",
      "signal": "INCREMENTAL MARGIN (YoY)",
      "detail": "YoY Incr OPM: +44.7% vs year-ago OPM: +25.2%",
      "severity": "MEDIUM"
    },
    {
      "quarter": "2024-12 (Q4)",
      "signal": "FCF TURNED POSITIVE",
      "detail": "FCF margin: -4.8% -> +94.2%",
      "severity": "HIGH"
    },
    {
      "quarter": "2024-12 (Q4)",
      "signal": "YoY REVENUE GROWTH DECELERATION",
      "detail": "YoY growth: -4.0% vs prior quarter YoY: +2.2% (decel: -6.2%)",
      "severity": "WARNING"
    },
    {
      "quarter": "2024-09 (Q3)",
      "signal": "YoY REVENUE GROWTH DECELERATION",
      "detail": "YoY growth: +2.2% vs prior quarter YoY: +8.4% (decel: -6.2%)",
      "severity": "WARNING"
    },
    {
      "quarter": "2024-09 (Q3)",
      "signal": "INCREMENTAL MARGIN (YoY)",
      "detail": "YoY Incr OPM: +152.5% vs year-ago OPM: +26.8%",
      "severity": "HIGH"
    },
    {
      "quarter": "2024-06 (Q2)",
      "signal": "FCF MARGIN EXPANSION",
      "detail": "FCF margin: -28.7% -> -6.9% (+21.8%)",
      "severity": "MEDIUM"
    },
    {
      "quarter": "2023-12 (Q4)",
      "signal": "FCF MARGIN EXPANSION",
      "detail": "FCF margin: +1.6% -> +108.5% (+107.0%)",
      "severity": "MEDIUM"
    },
    {
      "quarter": "2023-09 (Q3)",
      "signal": "INCREMENTAL MARGIN (YoY)",
      "detail": "YoY Incr OPM: +435.5% vs year-ago OPM: +3.5%",
      "severity": "HIGH"
    },
    {
      "quarter": "2023-06 (Q2)",
      "signal": "FCF TURNED POSITIVE",
      "detail": "FCF margin: -0.6% -> +6.1%",
      "severity": "HIGH"
    },
    {
      "quarter": "2023-06 (Q2)",
      "signal": "YoY REVENUE GROWTH DECELERATION",
      "detail": "YoY growth: +3.9% vs prior quarter YoY: +18.3% (decel: -14.4%)",
      "severity": "WARNING"
    },
    {
      "quarter": "2023-03 (Q1)",
      "signal": "YoY REVENUE GROWTH DECELERATION",
      "detail": "YoY growth: +18.3% vs prior quarter YoY: +24.3% (decel: -6.1%)",
      "severity": "WARNING"
    },
    {
      "quarter": "2023-03 (Q1)",
      "signal": "INCREMENTAL MARGIN (YoY)",
      "detail": "YoY Incr OPM: +33.9% vs year-ago OPM: +23.6%",
      "severity": "MEDIUM"
    },
    {
      "quarter": "2022-12 (Q4)",
      "signal": "FCF MARGIN EXPANSION",
      "detail": "FCF margin: +64.6% -> +86.5% (+21.9%)",
      "severity": "MEDIUM"
    },
    {
      "quarter": "2022-12 (Q4)",
      "signal": "INCREMENTAL MARGIN (YoY)",
      "detail": "YoY Incr OPM: +38.6% vs year-ago OPM: +21.8%",
      "severity": "MEDIUM"
    },
    {
      "quarter": "2022-09 (Q3)",
      "signal": "FCF TURNED POSITIVE",
      "detail": "FCF margin: -29.1% -> +64.6%",
      "severity": "HIGH"
    },
    {
      "quarter": "2022-06 (Q2)",
      "signal": "FCF MARGIN EXPANSION",
      "detail": "FCF margin: -37.3% -> -29.1% (+8.2%)",
      "severity": "MEDIUM"
    },
    {
      "quarter": "2022-06 (Q2)",
      "signal": "OPERATING LEVERAGE",
      "detail": "Rev growth +15.6% vs OpEx growth +5.0% (leverage: 3.1x)",
      "severity": "MEDIUM"
    },
    {
      "quarter": "2022-06 (Q2)",
      "signal": "INCREMENTAL MARGIN (YoY)",
      "detail": "YoY Incr OPM: +64.0% vs year-ago OPM: +17.9%",
      "severity": "HIGH"
    },
    {
      "quarter": "2022-03 (Q1)",
      "signal": "INCREMENTAL MARGIN (YoY)",
      "detail": "YoY Incr OPM: +67.2% vs year-ago OPM: +12.3%",
      "severity": "HIGH"
    },
    {
      "quarter": "2021-12 (Q4)",
      "signal": "OP MARGIN TURNED POSITIVE (YoY)",
      "detail": "Op margin: -49.4% (year-ago) -> +21.8%",
      "severity": "HIGH"
    },
    {
      "quarter": "2021-06 (Q2)",
      "signal": "FCF TURNED POSITIVE",
      "detail": "FCF margin: -57.4% -> +16.7%",
      "severity": "HIGH"
    },
    {
      "quarter": "2021-06 (Q2)",
      "signal": "OPERATING LEVERAGE",
      "detail": "Rev growth +11.9% vs OpEx growth +1.5% (leverage: 7.7x)",
      "severity": "MEDIUM"
    },
    {
      "quarter": "2021-03 (Q1)",
      "signal": "OP MARGIN TURNED POSITIVE (QoQ)",
      "detail": "Op margin: -49.4% -> +12.3%",
      "severity": "HIGH"
    }
  ],
  "data_quality": {
    "n_quarters": 20,
    "coverage": {
      "revenue": [
        20,
        20
      ],
      "gross_profit": [
        20,
        20
      ],
      "op_income": [
        20,
        20
      ],
      "fcf": [
        20,
        20
      ]
    },
    "gaps": [],
    "warnings": []
  },
  "market_cap": null,
  "source": "SEC EDGAR",
  "last_updated": "2026-02-02T21:00:59.799526"
}