{
  "ticker": "WEYS",
  "name": "WEYCO GROUP,\u00a0INC.",
  "quarters": [
    {
      "date": "2020-12-31T00:00:00",
      "quarter_label": "2020-12 (Q4)",
      "revenue": 61967000,
      "gross_profit": 27553000,
      "operating_income": 7914000,
      "net_income": 5105000,
      "opex": 19639000,
      "cogs": 34414000,
      "rd": null,
      "sga": 19639000,
      "fcf": 32925000,
      "ocf": 33142000,
      "capex": -217000,
      "gross_margin": 0.44463988897316314,
      "op_margin": 0.12771313763777495,
      "fcf_margin": 0.5313311924088627
    },
    {
      "date": "2021-03-31T00:00:00",
      "quarter_label": "2021-03 (Q1)",
      "revenue": 46900000,
      "gross_profit": 19305000,
      "operating_income": 1634000,
      "net_income": 1325000,
      "opex": 17671000,
      "cogs": 27595000,
      "rd": null,
      "sga": 17671000,
      "fcf": 14096000,
      "ocf": 14169000,
      "capex": -73000,
      "gross_margin": 0.41162046908315564,
      "op_margin": 0.03484008528784648,
      "fcf_margin": 0.30055437100213217,
      "fcf_margin_change": -0.23077682140673056
    },
    {
      "date": "2021-06-30T00:00:00",
      "quarter_label": "2021-06 (Q2)",
      "revenue": 57564000,
      "gross_profit": 22670000,
      "operating_income": 4542000,
      "net_income": 3820000,
      "opex": 18128000,
      "cogs": 34894000,
      "rd": null,
      "sga": 18128000,
      "fcf": 12603000,
      "ocf": 12934000,
      "capex": -331000,
      "gross_margin": 0.3938225279688694,
      "op_margin": 0.07890348134250573,
      "fcf_margin": 0.21893892015843236,
      "op_leverage_ratio": 8.792091931713735,
      "fcf_margin_change": -0.08161545084369981
    },
    {
      "date": "2021-09-30T00:00:00",
      "quarter_label": "2021-09 (Q3)",
      "revenue": 61798000,
      "gross_profit": 24744000,
      "operating_income": 6746000,
      "net_income": 5069000,
      "opex": 17998000,
      "cogs": 37054000,
      "rd": null,
      "sga": 17998000,
      "fcf": -17688000,
      "ocf": -17419000,
      "capex": -269000,
      "gross_margin": 0.40040130748567915,
      "op_margin": 0.10916210880611023,
      "fcf_margin": -0.2862228551085796,
      "op_leverage_ratio": Infinity,
      "fcf_margin_change": -0.5051617752670119
    },
    {
      "date": "2021-12-31T00:00:00",
      "quarter_label": "2021-12 (Q4)",
      "revenue": 101379000,
      "gross_profit": 40728000,
      "operating_income": 12780000,
      "net_income": 10341000,
      "opex": 27948000,
      "cogs": 60651000,
      "rd": null,
      "sga": 27948000,
      "fcf": -3626000,
      "ocf": -3292000,
      "capex": -334000,
      "gross_margin": 0.4017400053265469,
      "op_margin": 0.12606161039268488,
      "fcf_margin": -0.035766776156797755,
      "incr_op_margin_yoy": 0.12346493453770425,
      "rev_growth_yoy": 0.6360159439701777,
      "op_leverage_ratio": 1.1585466053202027,
      "fcf_margin_change": 0.25045607895178185
    },
    {
      "date": "2022-03-31T00:00:00",
      "quarter_label": "2022-03 (Q1)",
      "revenue": 81360000,
      "gross_profit": 29128000,
      "operating_income": 5431000,
      "net_income": 4053000,
      "opex": 23697000,
      "cogs": 52232000,
      "rd": null,
      "sga": 23697000,
      "fcf": -121000,
      "ocf": 231000,
      "capex": -352000,
      "gross_margin": 0.35801376597836776,
      "op_margin": 0.06675270403146509,
      "fcf_margin": -0.0014872173058013765,
      "incr_op_margin_yoy": 0.11018572257690075,
      "rev_growth_yoy": 0.7347547974413646,
      "rev_growth_yoy_accel": 0.09873885347118694,
      "fcf_margin_change": 0.03427955885099638
    },
    {
      "date": "2022-06-30T00:00:00",
      "quarter_label": "2022-06 (Q2)",
      "revenue": 74359000,
      "gross_profit": 29770000,
      "operating_income": 5665000,
      "net_income": 4495000,
      "opex": 24105000,
      "cogs": 44589000,
      "rd": null,
      "sga": 24105000,
      "fcf": -19317000,
      "ocf": -18947000,
      "capex": -370000,
      "gross_margin": 0.400355034360333,
      "op_margin": 0.07618445648811845,
      "fcf_margin": -0.2597802552481878,
      "incr_op_margin_yoy": 0.06686513843405775,
      "rev_growth_yoy": 0.2917622124939198,
      "rev_growth_yoy_accel": -0.4429925849474448,
      "fcf_margin_change": -0.25829303794238645
    },
    {
      "date": "2022-09-30T00:00:00",
      "quarter_label": "2022-09 (Q3)",
      "revenue": 96971000,
      "gross_profit": 39388000,
      "operating_income": 14207000,
      "net_income": 10770000,
      "opex": 25181000,
      "cogs": 57583000,
      "rd": null,
      "sga": 25181000,
      "fcf": -24145000,
      "ocf": -23352000,
      "capex": -793000,
      "gross_margin": 0.4061832919120149,
      "op_margin": 0.14650771880252858,
      "fcf_margin": -0.24899196667044787,
      "incr_op_margin_yoy": 0.21212293520598186,
      "rev_growth_yoy": 0.5691608142658339,
      "rev_growth_yoy_accel": 0.27739860177191406,
      "op_leverage_ratio": 6.812402515656612,
      "fcf_margin_change": 0.010788288577739946
    },
    {
      "date": "2022-12-31T00:00:00",
      "quarter_label": "2022-12 (Q4)",
      "revenue": 99047000,
      "gross_profit": 46107000,
      "operating_income": 15062000,
      "net_income": 10222000,
      "opex": 31045000,
      "cogs": 52940000,
      "rd": null,
      "sga": 31045000,
      "fcf": 11337000,
      "ocf": 12164000,
      "capex": -827000,
      "gross_margin": 0.4655062747988329,
      "op_margin": 0.15206921966339212,
      "fcf_margin": 0.11446081153391824,
      "incr_op_margin_yoy": -0.9785591766723842,
      "rev_growth_yoy": -0.023002791505144064,
      "rev_growth_yoy_accel": -0.5921636057709779,
      "op_leverage_ratio": 0.09193152963425881,
      "fcf_margin_change": 0.3634527782043661
    },
    {
      "date": "2023-03-31T00:00:00",
      "quarter_label": "2023-03 (Q1)",
      "revenue": 86294000,
      "gross_profit": 37162000,
      "operating_income": 10386000,
      "net_income": 7445000,
      "opex": 26776000,
      "cogs": 49132000,
      "rd": null,
      "sga": 26776000,
      "fcf": 22327000,
      "ocf": 22986000,
      "capex": -659000,
      "gross_margin": 0.4306440772243725,
      "op_margin": 0.12035599230537465,
      "fcf_margin": 0.2587317774121028,
      "incr_op_margin_yoy": 1.0042561815970814,
      "rev_growth_yoy": 0.0606440511307768,
      "rev_growth_yoy_accel": 0.08364684263592086,
      "fcf_margin_change": 0.14427096587818455
    },
    {
      "date": "2023-06-30T00:00:00",
      "quarter_label": "2023-06 (Q2)",
      "revenue": 67014000,
      "gross_profit": 29007000,
      "operating_income": 6700000,
      "net_income": 4864000,
      "opex": 22307000,
      "cogs": 38007000,
      "rd": null,
      "sga": 22307000,
      "fcf": 19873000,
      "ocf": 20595000,
      "capex": -722000,
      "gross_margin": 0.432849852269675,
      "op_margin": 0.09997910884292835,
      "fcf_margin": 0.2965499746321664,
      "incr_op_margin_yoy": -0.14091218515997278,
      "rev_growth_yoy": -0.09877755214567167,
      "rev_growth_yoy_accel": -0.15942160327644847,
      "fcf_margin_change": 0.03781819722006363
    },
    {
      "date": "2023-09-30T00:00:00",
      "quarter_label": "2023-09 (Q3)",
      "revenue": 84150000,
      "gross_profit": 36153000,
      "operating_income": 12433000,
      "net_income": 9337000,
      "opex": 23720000,
      "cogs": 47997000,
      "rd": null,
      "sga": 23720000,
      "fcf": 18173000,
      "ocf": 19357000,
      "capex": -1184000,
      "gross_margin": 0.42962566844919786,
      "op_margin": 0.1477480689245395,
      "fcf_margin": 0.21595959595959596,
      "incr_op_margin_yoy": 0.13836674206380156,
      "rev_growth_yoy": -0.13221478586381497,
      "rev_growth_yoy_accel": -0.03343723371814329,
      "op_leverage_ratio": 4.036852837481055,
      "fcf_margin_change": -0.08059037867257046
    },
    {
      "date": "2023-12-31T00:00:00",
      "quarter_label": "2023-12 (Q4)",
      "revenue": 80590000,
      "gross_profit": 40561000,
      "operating_income": 11505000,
      "net_income": 8542000,
      "opex": 29056000,
      "cogs": 40029000,
      "rd": null,
      "sga": 29056000,
      "fcf": 34949000,
      "ocf": 35693000,
      "capex": -744000,
      "gross_margin": 0.5033006576498325,
      "op_margin": 0.14275964759895768,
      "fcf_margin": 0.43366422633081025,
      "incr_op_margin_yoy": 0.19271820989326544,
      "rev_growth_yoy": -0.18634587620018778,
      "rev_growth_yoy_accel": -0.05413109033637281,
      "fcf_margin_change": 0.2177046303712143
    },
    {
      "date": "2024-03-31T00:00:00",
      "quarter_label": "2024-03 (Q1)",
      "revenue": 71558000,
      "gross_profit": 32007000,
      "operating_income": 8251000,
      "net_income": 6650000,
      "opex": 23756000,
      "cogs": 39551000,
      "rd": null,
      "sga": 23756000,
      "fcf": 14166000,
      "ocf": 14336000,
      "capex": -170000,
      "gross_margin": 0.44728751502277875,
      "op_margin": 0.11530506721820062,
      "fcf_margin": 0.19796528690013696,
      "incr_op_margin_yoy": 0.14488327904451684,
      "rev_growth_yoy": -0.17076505898440217,
      "rev_growth_yoy_accel": 0.015580817215785608,
      "fcf_margin_change": -0.2356989394306733
    },
    {
      "date": "2024-06-30T00:00:00",
      "quarter_label": "2024-06 (Q2)",
      "revenue": 63932000,
      "gross_profit": 28092000,
      "operating_income": 6661000,
      "net_income": 5607000,
      "opex": 21431000,
      "cogs": 35840000,
      "rd": null,
      "sga": 21431000,
      "fcf": 3158000,
      "ocf": 3332000,
      "capex": -174000,
      "gross_margin": 0.43940436714008635,
      "op_margin": 0.10418882562722893,
      "fcf_margin": 0.049396233498091725,
      "incr_op_margin_yoy": 0.012654120700843608,
      "rev_growth_yoy": -0.045990390067747036,
      "rev_growth_yoy_accel": 0.12477466891665513,
      "fcf_margin_change": -0.14856905340204524
    },
    {
      "date": "2024-09-30T00:00:00",
      "quarter_label": "2024-09 (Q3)",
      "revenue": 74329000,
      "gross_profit": 32902000,
      "operating_income": 10163000,
      "net_income": 8063000,
      "opex": 22739000,
      "cogs": 41427000,
      "rd": null,
      "sga": 22739000,
      "fcf": -930000,
      "ocf": -374000,
      "capex": -556000,
      "gross_margin": 0.4426536076094122,
      "op_margin": 0.13672994389807477,
      "fcf_margin": -0.012511940157946428,
      "incr_op_margin_yoy": 0.23113735872110783,
      "rev_growth_yoy": -0.11670825906120023,
      "rev_growth_yoy_accel": -0.0707178689934532,
      "op_leverage_ratio": 2.664553505435152,
      "fcf_margin_change": -0.06190817365603815
    },
    {
      "date": "2024-12-31T00:00:00",
      "quarter_label": "2024-12 (Q4)",
      "revenue": 80471000,
      "gross_profit": 38524000,
      "operating_income": 11539000,
      "net_income": 10000000,
      "opex": 26985000,
      "cogs": 41947000,
      "rd": null,
      "sga": 26985000,
      "fcf": 19949000,
      "ocf": 20435000,
      "capex": -486000,
      "gross_margin": 0.47873146847932796,
      "op_margin": 0.14339327211044972,
      "fcf_margin": 0.24790297125672603,
      "rev_growth_yoy": -0.0014766100012408487,
      "rev_growth_yoy_accel": 0.11523164905995939,
      "op_leverage_ratio": 0.4425301795843227,
      "fcf_margin_change": 0.26041491141467243
    },
    {
      "date": "2025-03-31T00:00:00",
      "quarter_label": "2025-03 (Q1)",
      "revenue": 68030000,
      "gross_profit": 30375000,
      "operating_income": 7031000,
      "net_income": 5543000,
      "opex": 23344000,
      "cogs": 37655000,
      "rd": null,
      "sga": 23344000,
      "fcf": 3712000,
      "ocf": 4129000,
      "capex": -417000,
      "gross_margin": 0.44649419373805677,
      "op_margin": 0.1033514625900338,
      "fcf_margin": 0.05456416286932236,
      "incr_op_margin_yoy": 0.3458049886621315,
      "rev_growth_yoy": -0.049302663573604626,
      "rev_growth_yoy_accel": -0.047826053572363775,
      "fcf_margin_change": -0.19333880838740367
    },
    {
      "date": "2025-06-30T00:00:00",
      "quarter_label": "2025-06 (Q2)",
      "revenue": 58221000,
      "gross_profit": 25223000,
      "operating_income": 3893000,
      "net_income": 2256000,
      "opex": 21330000,
      "cogs": 32998000,
      "rd": null,
      "sga": 21330000,
      "fcf": 9968000,
      "ocf": 10228000,
      "capex": -260000,
      "gross_margin": 0.43322856014152966,
      "op_margin": 0.06686590749042441,
      "fcf_margin": 0.17120970096700502,
      "incr_op_margin_yoy": 0.484678690246892,
      "rev_growth_yoy": -0.08932928736782832,
      "rev_growth_yoy_accel": -0.04002662379422369,
      "fcf_margin_change": 0.11664553809768266
    },
    {
      "date": "2025-09-30T00:00:00",
      "quarter_label": "2025-09 (Q3)",
      "revenue": 73121000,
      "gross_profit": 29788000,
      "operating_income": 8055000,
      "net_income": 6586000,
      "opex": 21733000,
      "cogs": 43333000,
      "rd": null,
      "sga": 21733000,
      "fcf": -1323000,
      "ocf": -1110000,
      "capex": -213000,
      "gross_margin": 0.4073795489667811,
      "op_margin": 0.11015987199299791,
      "fcf_margin": -0.01809329741114044,
      "incr_op_margin_yoy": 1.7450331125827814,
      "rev_growth_yoy": -0.01625206850623579,
      "rev_growth_yoy_accel": 0.07307721886159252,
      "op_leverage_ratio": 13.545418174941611,
      "fcf_margin_change": -0.18930299837814546
    }
  ],
  "signals": [
    {
      "quarter": "2025-09 (Q3)",
      "signal": "OPERATING LEVERAGE",
      "detail": "Rev growth +25.6% vs OpEx growth +1.9% (leverage: 13.5x)",
      "severity": "MEDIUM"
    },
    {
      "quarter": "2025-09 (Q3)",
      "signal": "YoY REVENUE GROWTH ACCELERATION",
      "detail": "YoY growth: -1.6% vs prior quarter YoY: -8.9% (accel: +7.3%)",
      "severity": "MEDIUM"
    },
    {
      "quarter": "2025-09 (Q3)",
      "signal": "INCREMENTAL MARGIN (YoY)",
      "detail": "YoY Incr OPM: +174.5% vs year-ago OPM: +13.7%",
      "severity": "HIGH"
    },
    {
      "quarter": "2025-06 (Q2)",
      "signal": "FCF MARGIN EXPANSION",
      "detail": "FCF margin: +5.5% -> +17.1% (+11.7%)",
      "severity": "MEDIUM"
    },
    {
      "quarter": "2025-06 (Q2)",
      "signal": "INCREMENTAL MARGIN (YoY)",
      "detail": "YoY Incr OPM: +48.5% vs year-ago OPM: +10.4%",
      "severity": "HIGH"
    },
    {
      "quarter": "2025-03 (Q1)",
      "signal": "INCREMENTAL MARGIN (YoY)",
      "detail": "YoY Incr OPM: +34.6% vs year-ago OPM: +11.5%",
      "severity": "HIGH"
    },
    {
      "quarter": "2024-12 (Q4)",
      "signal": "FCF TURNED POSITIVE",
      "detail": "FCF margin: -1.3% -> +24.8%",
      "severity": "HIGH"
    },
    {
      "quarter": "2024-12 (Q4)",
      "signal": "YoY REVENUE GROWTH ACCELERATION",
      "detail": "YoY growth: -0.1% vs prior quarter YoY: -11.7% (accel: +11.5%)",
      "severity": "MEDIUM"
    },
    {
      "quarter": "2024-09 (Q3)",
      "signal": "OPERATING LEVERAGE",
      "detail": "Rev growth +16.3% vs OpEx growth +6.1% (leverage: 2.7x)",
      "severity": "MEDIUM"
    },
    {
      "quarter": "2024-09 (Q3)",
      "signal": "YoY REVENUE GROWTH DECELERATION",
      "detail": "YoY growth: -11.7% vs prior quarter YoY: -4.6% (decel: -7.1%)",
      "severity": "WARNING"
    },
    {
      "quarter": "2024-06 (Q2)",
      "signal": "YoY REVENUE GROWTH ACCELERATION",
      "detail": "YoY growth: -4.6% vs prior quarter YoY: -17.1% (accel: +12.5%)",
      "severity": "MEDIUM"
    },
    {
      "quarter": "2023-12 (Q4)",
      "signal": "FCF MARGIN EXPANSION",
      "detail": "FCF margin: +21.6% -> +43.4% (+21.8%)",
      "severity": "MEDIUM"
    },
    {
      "quarter": "2023-12 (Q4)",
      "signal": "GROSS MARGIN INFLECTION",
      "detail": "GM: +43.3% -> +43.0% -> +50.3% (reversal +7.4%)",
      "severity": "HIGH"
    },
    {
      "quarter": "2023-12 (Q4)",
      "signal": "YoY REVENUE GROWTH DECELERATION",
      "detail": "YoY growth: -18.6% vs prior quarter YoY: -13.2% (decel: -5.4%)",
      "severity": "WARNING"
    },
    {
      "quarter": "2023-09 (Q3)",
      "signal": "OPERATING LEVERAGE",
      "detail": "Rev growth +25.6% vs OpEx growth +6.3% (leverage: 4.0x)",
      "severity": "MEDIUM"
    },
    {
      "quarter": "2023-06 (Q2)",
      "signal": "YoY REVENUE GROWTH DECELERATION",
      "detail": "YoY growth: -9.9% vs prior quarter YoY: +6.1% (decel: -15.9%)",
      "severity": "WARNING"
    },
    {
      "quarter": "2023-03 (Q1)",
      "signal": "FCF MARGIN EXPANSION",
      "detail": "FCF margin: +11.4% -> +25.9% (+14.4%)",
      "severity": "MEDIUM"
    },
    {
      "quarter": "2023-03 (Q1)",
      "signal": "YoY REVENUE GROWTH ACCELERATION",
      "detail": "YoY growth: +6.1% vs prior quarter YoY: -2.3% (accel: +8.4%)",
      "severity": "MEDIUM"
    },
    {
      "quarter": "2023-03 (Q1)",
      "signal": "INCREMENTAL MARGIN (YoY)",
      "detail": "YoY Incr OPM: +100.4% vs year-ago OPM: +6.7%",
      "severity": "HIGH"
    },
    {
      "quarter": "2022-12 (Q4)",
      "signal": "FCF TURNED POSITIVE",
      "detail": "FCF margin: -24.9% -> +11.4%",
      "severity": "HIGH"
    },
    {
      "quarter": "2022-12 (Q4)",
      "signal": "YoY REVENUE GROWTH DECELERATION",
      "detail": "YoY growth: -2.3% vs prior quarter YoY: +56.9% (decel: -59.2%)",
      "severity": "WARNING"
    },
    {
      "quarter": "2022-09 (Q3)",
      "signal": "OPERATING LEVERAGE",
      "detail": "Rev growth +30.4% vs OpEx growth +4.5% (leverage: 6.8x)",
      "severity": "MEDIUM"
    },
    {
      "quarter": "2022-09 (Q3)",
      "signal": "YoY REVENUE GROWTH ACCELERATION",
      "detail": "YoY growth: +56.9% vs prior quarter YoY: +29.2% (accel: +27.7%)",
      "severity": "HIGH"
    },
    {
      "quarter": "2022-09 (Q3)",
      "signal": "INCREMENTAL MARGIN (YoY)",
      "detail": "YoY Incr OPM: +21.2% vs year-ago OPM: +10.9%",
      "severity": "MEDIUM"
    },
    {
      "quarter": "2022-06 (Q2)",
      "signal": "GROSS MARGIN INFLECTION",
      "detail": "GM: +40.2% -> +35.8% -> +40.0% (reversal +4.2%)",
      "severity": "MEDIUM"
    },
    {
      "quarter": "2022-06 (Q2)",
      "signal": "YoY REVENUE GROWTH DECELERATION",
      "detail": "YoY growth: +29.2% vs prior quarter YoY: +73.5% (decel: -44.3%)",
      "severity": "WARNING"
    },
    {
      "quarter": "2022-03 (Q1)",
      "signal": "YoY REVENUE GROWTH ACCELERATION",
      "detail": "YoY growth: +73.5% vs prior quarter YoY: +63.6% (accel: +9.9%)",
      "severity": "MEDIUM"
    },
    {
      "quarter": "2021-12 (Q4)",
      "signal": "FCF MARGIN EXPANSION",
      "detail": "FCF margin: -28.6% -> -3.6% (+25.0%)",
      "severity": "MEDIUM"
    },
    {
      "quarter": "2021-06 (Q2)",
      "signal": "OPERATING LEVERAGE",
      "detail": "Rev growth +22.7% vs OpEx growth +2.6% (leverage: 8.8x)",
      "severity": "MEDIUM"
    }
  ],
  "data_quality": {
    "n_quarters": 20,
    "coverage": {
      "revenue": [
        20,
        20
      ],
      "gross_profit": [
        20,
        20
      ],
      "op_income": [
        20,
        20
      ],
      "fcf": [
        20,
        20
      ]
    },
    "gaps": [],
    "warnings": []
  },
  "market_cap": null,
  "source": "SEC EDGAR",
  "last_updated": "2026-02-02T22:47:46.887337"
}