{
  "ticker": "WFCF",
  "name": "WHERE FOOD COMES FROM, INC.",
  "quarters": [
    {
      "date": "2020-12-31T00:00:00",
      "quarter_label": "2020-12 (Q4)",
      "revenue": 5551000,
      "gross_profit": 2456000,
      "operating_income": 616000,
      "net_income": 545000,
      "opex": 1840000,
      "cogs": 3095000,
      "rd": null,
      "sga": 1840000,
      "fcf": 228000,
      "ocf": 276000,
      "capex": -48000,
      "gross_margin": 0.4424428030985408,
      "op_margin": 0.11097099621689786,
      "fcf_margin": 0.041073680417942716
    },
    {
      "date": "2021-03-31T00:00:00",
      "quarter_label": "2021-03 (Q1)",
      "revenue": 4440000,
      "gross_profit": 1862000,
      "operating_income": 89000,
      "net_income": 1150000,
      "opex": 1571000,
      "cogs": 2578000,
      "rd": null,
      "sga": 1773000,
      "fcf": 996000,
      "ocf": 1166000,
      "capex": -170000,
      "gross_margin": 0.41936936936936936,
      "op_margin": 0.020045045045045045,
      "fcf_margin": 0.22432432432432434,
      "fcf_margin_change": 0.18325064390638163
    },
    {
      "date": "2021-06-30T00:00:00",
      "quarter_label": "2021-06 (Q2)",
      "revenue": 5141000,
      "gross_profit": 2009000,
      "operating_income": 282000,
      "net_income": 202000,
      "opex": 1528000,
      "cogs": 3132000,
      "rd": null,
      "sga": 1727000,
      "fcf": 496000,
      "ocf": 454000,
      "capex": 42000,
      "gross_margin": 0.3907800038902937,
      "op_margin": 0.05485314141217662,
      "fcf_margin": 0.09647928418595604,
      "op_leverage_ratio": Infinity,
      "fcf_margin_change": -0.12784504013836828
    },
    {
      "date": "2021-09-30T00:00:00",
      "quarter_label": "2021-09 (Q3)",
      "revenue": 6545000,
      "gross_profit": 2928000,
      "operating_income": 1138000,
      "net_income": 867000,
      "opex": 1590000,
      "cogs": 3617000,
      "rd": null,
      "sga": 1790000,
      "fcf": 1365000,
      "ocf": 1413000,
      "capex": -48000,
      "gross_margin": 0.4473644003055768,
      "op_margin": 0.17387318563789153,
      "fcf_margin": 0.20855614973262032,
      "op_leverage_ratio": 6.7305595120818715,
      "fcf_margin_change": 0.11207686554666428
    },
    {
      "date": "2021-12-31T00:00:00",
      "quarter_label": "2021-12 (Q4)",
      "revenue": 5806000,
      "gross_profit": 2938000,
      "operating_income": 794000,
      "net_income": 742000,
      "opex": 1946000,
      "cogs": 2868000,
      "rd": null,
      "sga": 2144000,
      "fcf": -50000,
      "ocf": -13000,
      "capex": -37000,
      "gross_margin": 0.5060282466414054,
      "op_margin": 0.13675508095074063,
      "fcf_margin": -0.00861178091629349,
      "rev_growth_yoy": 0.04593766888848856,
      "fcf_margin_change": -0.21716793064891382
    },
    {
      "date": "2022-03-31T00:00:00",
      "quarter_label": "2022-03 (Q1)",
      "revenue": 6156000,
      "gross_profit": 2397000,
      "operating_income": 623000,
      "net_income": 497000,
      "opex": 1579000,
      "cogs": 3759000,
      "rd": null,
      "sga": 1774000,
      "fcf": 1104000,
      "ocf": 1120000,
      "capex": -16000,
      "gross_margin": 0.38937621832358676,
      "op_margin": 0.1012020792722547,
      "fcf_margin": 0.1793372319688109,
      "incr_op_margin_yoy": 0.3111888111888112,
      "rev_growth_yoy": 0.3864864864864865,
      "rev_growth_yoy_accel": 0.34054881759799793,
      "op_leverage_ratio": Infinity,
      "fcf_margin_change": 0.1879490128851044
    },
    {
      "date": "2022-06-30T00:00:00",
      "quarter_label": "2022-06 (Q2)",
      "revenue": 5331000,
      "gross_profit": 2130000,
      "operating_income": 313000,
      "net_income": 222000,
      "opex": 1620000,
      "cogs": 3201000,
      "rd": null,
      "sga": 1817000,
      "fcf": 1137000,
      "ocf": 1150000,
      "capex": -13000,
      "gross_margin": 0.3995498030388295,
      "op_margin": 0.058713187019320955,
      "fcf_margin": 0.21328081035453011,
      "rev_growth_yoy": 0.03695779031316864,
      "rev_growth_yoy_accel": -0.34952869617331783,
      "fcf_margin_change": 0.03394357838571921
    },
    {
      "date": "2022-09-30T00:00:00",
      "quarter_label": "2022-09 (Q3)",
      "revenue": 7265000,
      "gross_profit": 3180000,
      "operating_income": 1074000,
      "net_income": 785000,
      "opex": 1915000,
      "cogs": 4085000,
      "rd": null,
      "sga": 2106000,
      "fcf": 724000,
      "ocf": 736000,
      "capex": -12000,
      "gross_margin": 0.4377150722642808,
      "op_margin": 0.14783207157604955,
      "fcf_margin": 0.09965588437715073,
      "rev_growth_yoy": 0.11000763941940413,
      "rev_growth_yoy_accel": 0.07304984910623549,
      "op_leverage_ratio": 1.9922360100340508,
      "fcf_margin_change": -0.11362492597737939
    },
    {
      "date": "2022-12-31T00:00:00",
      "quarter_label": "2022-12 (Q4)",
      "revenue": 6093000,
      "gross_profit": 2761000,
      "operating_income": 642000,
      "net_income": 490000,
      "opex": 1937000,
      "cogs": 3332000,
      "rd": null,
      "sga": 2119000,
      "fcf": -400000,
      "ocf": -352000,
      "capex": -48000,
      "gross_margin": 0.4531429509272936,
      "op_margin": 0.10536681437715412,
      "fcf_margin": -0.06564910553093714,
      "rev_growth_yoy": 0.04943162245952463,
      "rev_growth_yoy_accel": -0.0605760169598795,
      "fcf_margin_change": -0.16530498990808787
    },
    {
      "date": "2023-03-31T00:00:00",
      "quarter_label": "2023-03 (Q1)",
      "revenue": 5267000,
      "gross_profit": 2143000,
      "operating_income": 155000,
      "net_income": 121000,
      "opex": 1816000,
      "cogs": 3124000,
      "rd": null,
      "sga": 1988000,
      "fcf": 466000,
      "ocf": 473000,
      "capex": -7000,
      "gross_margin": 0.4068729827226125,
      "op_margin": 0.029428517182456808,
      "fcf_margin": 0.08847541294854756,
      "rev_growth_yoy": -0.1444119558154646,
      "rev_growth_yoy_accel": -0.19384357827498921,
      "fcf_margin_change": 0.15412451847948472
    },
    {
      "date": "2023-06-30T00:00:00",
      "quarter_label": "2023-06 (Q2)",
      "revenue": 6126000,
      "gross_profit": 2506000,
      "operating_income": 673000,
      "net_income": 532000,
      "opex": 1670000,
      "cogs": 3620000,
      "rd": null,
      "sga": 1833000,
      "fcf": 802000,
      "ocf": 822000,
      "capex": -20000,
      "gross_margin": 0.4090760692131897,
      "op_margin": 0.1098596147567744,
      "fcf_margin": 0.13091740124061377,
      "rev_growth_yoy": 0.14912774338773213,
      "rev_growth_yoy_accel": 0.2935396992031967,
      "op_leverage_ratio": Infinity,
      "fcf_margin_change": 0.042441988292066204
    },
    {
      "date": "2023-09-30T00:00:00",
      "quarter_label": "2023-09 (Q3)",
      "revenue": 7011000,
      "gross_profit": 2866000,
      "operating_income": 946000,
      "net_income": 723000,
      "opex": 1767000,
      "cogs": 4145000,
      "rd": null,
      "sga": 1920000,
      "fcf": 1258000,
      "ocf": 1318000,
      "capex": -60000,
      "gross_margin": 0.4087861931250891,
      "op_margin": 0.13493082299244044,
      "fcf_margin": 0.17943232063899586,
      "rev_growth_yoy": -0.034962147281486576,
      "rev_growth_yoy_accel": -0.18408989066921871,
      "op_leverage_ratio": 2.4872017528802366,
      "fcf_margin_change": 0.048514919398382095
    },
    {
      "date": "2023-12-31T00:00:00",
      "quarter_label": "2023-12 (Q4)",
      "revenue": 6731000,
      "gross_profit": 3007000,
      "operating_income": 923000,
      "net_income": 776000,
      "opex": 1938000,
      "cogs": 3724000,
      "rd": null,
      "sga": 2084000,
      "fcf": 148000,
      "ocf": 209000,
      "capex": -61000,
      "gross_margin": 0.446738968949636,
      "op_margin": 0.13712672708364285,
      "fcf_margin": 0.02198781756054078,
      "rev_growth_yoy": 0.10471032332184474,
      "rev_growth_yoy_accel": 0.13967247060333132,
      "fcf_margin_change": -0.1574445030784551
    },
    {
      "date": "2024-03-31T00:00:00",
      "quarter_label": "2024-03 (Q1)",
      "revenue": 5582000,
      "gross_profit": 2329000,
      "operating_income": 261000,
      "net_income": 178000,
      "opex": 1913000,
      "cogs": 3253000,
      "rd": null,
      "sga": 2068000,
      "fcf": 676000,
      "ocf": 700000,
      "capex": -24000,
      "gross_margin": 0.4172339663203153,
      "op_margin": 0.04675743461125045,
      "fcf_margin": 0.12110354711572913,
      "rev_growth_yoy": 0.059806341370799314,
      "rev_growth_yoy_accel": -0.044903981951045426,
      "fcf_margin_change": 0.09911572955518835
    },
    {
      "date": "2024-06-30T00:00:00",
      "quarter_label": "2024-06 (Q2)",
      "revenue": 6395000,
      "gross_profit": 2658000,
      "operating_income": 583000,
      "net_income": 489000,
      "opex": 1919000,
      "cogs": 3737000,
      "rd": null,
      "sga": 2075000,
      "fcf": 1101000,
      "ocf": 1168000,
      "capex": -67000,
      "gross_margin": 0.41563721657544955,
      "op_margin": 0.091164972634871,
      "fcf_margin": 0.17216575449569976,
      "rev_growth_yoy": 0.04391119817172706,
      "rev_growth_yoy_accel": -0.015895143199072252,
      "op_leverage_ratio": 46.437029738445,
      "fcf_margin_change": 0.05106220737997064
    },
    {
      "date": "2024-09-30T00:00:00",
      "quarter_label": "2024-09 (Q3)",
      "revenue": 7107000,
      "gross_profit": 2774000,
      "operating_income": 608000,
      "net_income": 492000,
      "opex": 2010000,
      "cogs": 4333000,
      "rd": null,
      "sga": 2166000,
      "fcf": 873000,
      "ocf": 912000,
      "capex": -39000,
      "gross_margin": 0.3903194034050936,
      "op_margin": 0.08554945828056845,
      "fcf_margin": 0.12283663993246095,
      "rev_growth_yoy": 0.013692768506632435,
      "rev_growth_yoy_accel": -0.030218429665094627,
      "op_leverage_ratio": 2.3478644889121822,
      "fcf_margin_change": -0.04932911456323881
    },
    {
      "date": "2024-12-31T00:00:00",
      "quarter_label": "2024-12 (Q4)",
      "revenue": 6662000,
      "gross_profit": 2801000,
      "operating_income": 755000,
      "net_income": 961000,
      "opex": 2046000,
      "cogs": 3861000,
      "rd": null,
      "sga": 2046000,
      "fcf": -79000,
      "ocf": -50000,
      "capex": -29000,
      "gross_margin": 0.4204443110177124,
      "op_margin": 0.11332933053137197,
      "fcf_margin": -0.011858300810567397,
      "rev_growth_yoy": -0.010251077105927797,
      "rev_growth_yoy_accel": -0.02394384561256023,
      "fcf_margin_change": -0.13469494074302835
    },
    {
      "date": "2025-03-31T00:00:00",
      "quarter_label": "2025-03 (Q1)",
      "revenue": 5273000,
      "gross_profit": 2195000,
      "operating_income": 142000,
      "net_income": 31000,
      "opex": 2053000,
      "cogs": 3078000,
      "rd": null,
      "sga": 2053000,
      "fcf": 603000,
      "ocf": 632000,
      "capex": -29000,
      "gross_margin": 0.41627157216006067,
      "op_margin": 0.026929641570263608,
      "fcf_margin": 0.1143561539920349,
      "rev_growth_yoy": -0.0553565030455034,
      "rev_growth_yoy_accel": -0.0451054259395756,
      "fcf_margin_change": 0.1262144548026023
    },
    {
      "date": "2025-06-30T00:00:00",
      "quarter_label": "2025-06 (Q2)",
      "revenue": 6562000,
      "gross_profit": 2460000,
      "operating_income": 549000,
      "net_income": 562000,
      "opex": 1911000,
      "cogs": 4102000,
      "rd": null,
      "sga": 1911000,
      "fcf": 1147000,
      "ocf": 1181000,
      "capex": -34000,
      "gross_margin": 0.37488570557756784,
      "op_margin": 0.08366351722035964,
      "fcf_margin": 0.17479427003962206,
      "rev_growth_yoy": 0.026114151681000782,
      "rev_growth_yoy_accel": 0.08147065472650418,
      "op_leverage_ratio": Infinity,
      "fcf_margin_change": 0.060438116047587156
    },
    {
      "date": "2025-09-30T00:00:00",
      "quarter_label": "2025-09 (Q3)",
      "revenue": 7015000,
      "gross_profit": 2686000,
      "operating_income": 575000,
      "net_income": 1146000,
      "opex": 2111000,
      "cogs": 4329000,
      "rd": null,
      "sga": 2111000,
      "fcf": 443000,
      "ocf": 501000,
      "capex": -58000,
      "gross_margin": 0.38289379900213827,
      "op_margin": 0.08196721311475409,
      "fcf_margin": 0.0631503920171062,
      "rev_growth_yoy": -0.012944983818770227,
      "rev_growth_yoy_accel": -0.03905913549977101,
      "op_leverage_ratio": 0.6596182566290765,
      "fcf_margin_change": -0.11164387802251585
    }
  ],
  "signals": [
    {
      "quarter": "2025-06 (Q2)",
      "signal": "FCF MARGIN EXPANSION",
      "detail": "FCF margin: +11.4% -> +17.5% (+6.0%)",
      "severity": "MEDIUM"
    },
    {
      "quarter": "2025-06 (Q2)",
      "signal": "YoY REVENUE GROWTH ACCELERATION",
      "detail": "YoY growth: +2.6% vs prior quarter YoY: -5.5% (accel: +8.1%)",
      "severity": "MEDIUM"
    },
    {
      "quarter": "2025-03 (Q1)",
      "signal": "FCF TURNED POSITIVE",
      "detail": "FCF margin: -1.2% -> +11.4%",
      "severity": "HIGH"
    },
    {
      "quarter": "2024-12 (Q4)",
      "signal": "GROSS MARGIN INFLECTION",
      "detail": "GM: +41.6% -> +39.0% -> +42.0% (reversal +3.0%)",
      "severity": "MEDIUM"
    },
    {
      "quarter": "2024-09 (Q3)",
      "signal": "OPERATING LEVERAGE",
      "detail": "Rev growth +11.1% vs OpEx growth +4.7% (leverage: 2.3x)",
      "severity": "MEDIUM"
    },
    {
      "quarter": "2024-06 (Q2)",
      "signal": "FCF MARGIN EXPANSION",
      "detail": "FCF margin: +12.1% -> +17.2% (+5.1%)",
      "severity": "MEDIUM"
    },
    {
      "quarter": "2024-06 (Q2)",
      "signal": "OPERATING LEVERAGE",
      "detail": "Rev growth +14.6% vs OpEx growth +0.3% (leverage: 46.4x)",
      "severity": "MEDIUM"
    },
    {
      "quarter": "2024-03 (Q1)",
      "signal": "FCF MARGIN EXPANSION",
      "detail": "FCF margin: +2.2% -> +12.1% (+9.9%)",
      "severity": "MEDIUM"
    },
    {
      "quarter": "2023-12 (Q4)",
      "signal": "GROSS MARGIN INFLECTION",
      "detail": "GM: +40.9% -> +40.9% -> +44.7% (reversal +3.8%)",
      "severity": "MEDIUM"
    },
    {
      "quarter": "2023-12 (Q4)",
      "signal": "YoY REVENUE GROWTH ACCELERATION",
      "detail": "YoY growth: +10.5% vs prior quarter YoY: -3.5% (accel: +14.0%)",
      "severity": "MEDIUM"
    },
    {
      "quarter": "2023-09 (Q3)",
      "signal": "OPERATING LEVERAGE",
      "detail": "Rev growth +14.4% vs OpEx growth +5.8% (leverage: 2.5x)",
      "severity": "MEDIUM"
    },
    {
      "quarter": "2023-09 (Q3)",
      "signal": "YoY REVENUE GROWTH DECELERATION",
      "detail": "YoY growth: -3.5% vs prior quarter YoY: +14.9% (decel: -18.4%)",
      "severity": "WARNING"
    },
    {
      "quarter": "2023-06 (Q2)",
      "signal": "YoY REVENUE GROWTH ACCELERATION",
      "detail": "YoY growth: +14.9% vs prior quarter YoY: -14.4% (accel: +29.4%)",
      "severity": "HIGH"
    },
    {
      "quarter": "2023-03 (Q1)",
      "signal": "FCF TURNED POSITIVE",
      "detail": "FCF margin: -6.6% -> +8.8%",
      "severity": "HIGH"
    },
    {
      "quarter": "2023-03 (Q1)",
      "signal": "YoY REVENUE GROWTH DECELERATION",
      "detail": "YoY growth: -14.4% vs prior quarter YoY: +4.9% (decel: -19.4%)",
      "severity": "WARNING"
    },
    {
      "quarter": "2022-12 (Q4)",
      "signal": "YoY REVENUE GROWTH DECELERATION",
      "detail": "YoY growth: +4.9% vs prior quarter YoY: +11.0% (decel: -6.1%)",
      "severity": "WARNING"
    },
    {
      "quarter": "2022-09 (Q3)",
      "signal": "OPERATING LEVERAGE",
      "detail": "Rev growth +36.3% vs OpEx growth +18.2% (leverage: 2.0x)",
      "severity": "MEDIUM"
    },
    {
      "quarter": "2022-09 (Q3)",
      "signal": "YoY REVENUE GROWTH ACCELERATION",
      "detail": "YoY growth: +11.0% vs prior quarter YoY: +3.7% (accel: +7.3%)",
      "severity": "MEDIUM"
    },
    {
      "quarter": "2022-06 (Q2)",
      "signal": "YoY REVENUE GROWTH DECELERATION",
      "detail": "YoY growth: +3.7% vs prior quarter YoY: +38.6% (decel: -35.0%)",
      "severity": "WARNING"
    },
    {
      "quarter": "2022-03 (Q1)",
      "signal": "FCF TURNED POSITIVE",
      "detail": "FCF margin: -0.9% -> +17.9%",
      "severity": "HIGH"
    },
    {
      "quarter": "2022-03 (Q1)",
      "signal": "YoY REVENUE GROWTH ACCELERATION",
      "detail": "YoY growth: +38.6% vs prior quarter YoY: +4.6% (accel: +34.1%)",
      "severity": "HIGH"
    },
    {
      "quarter": "2022-03 (Q1)",
      "signal": "INCREMENTAL MARGIN (YoY)",
      "detail": "YoY Incr OPM: +31.1% vs year-ago OPM: +2.0%",
      "severity": "HIGH"
    },
    {
      "quarter": "2021-09 (Q3)",
      "signal": "FCF MARGIN EXPANSION",
      "detail": "FCF margin: +9.6% -> +20.9% (+11.2%)",
      "severity": "MEDIUM"
    },
    {
      "quarter": "2021-09 (Q3)",
      "signal": "OPERATING LEVERAGE",
      "detail": "Rev growth +27.3% vs OpEx growth +4.1% (leverage: 6.7x)",
      "severity": "MEDIUM"
    },
    {
      "quarter": "2021-09 (Q3)",
      "signal": "GROSS MARGIN INFLECTION",
      "detail": "GM: +41.9% -> +39.1% -> +44.7% (reversal +5.7%)",
      "severity": "HIGH"
    },
    {
      "quarter": "2021-03 (Q1)",
      "signal": "FCF MARGIN EXPANSION",
      "detail": "FCF margin: +4.1% -> +22.4% (+18.3%)",
      "severity": "MEDIUM"
    }
  ],
  "data_quality": {
    "n_quarters": 20,
    "coverage": {
      "revenue": [
        20,
        20
      ],
      "gross_profit": [
        20,
        20
      ],
      "op_income": [
        20,
        20
      ],
      "fcf": [
        20,
        20
      ]
    },
    "gaps": [],
    "warnings": []
  },
  "market_cap": null,
  "source": "SEC EDGAR",
  "last_updated": "2026-02-02T23:35:57.169137"
}