{
  "ticker": "WGO",
  "name": "WINNEBAGO INDUSTRIES, INC.",
  "quarters": [
    {
      "date": "2021-02-27T00:00:00",
      "quarter_label": "2021-02 (Q1)",
      "revenue": 839886000,
      "gross_profit": 156582000,
      "operating_income": 99975000,
      "net_income": 69068000,
      "opex": 56607000,
      "cogs": 683304000,
      "rd": null,
      "sga": 53016000,
      "fcf": 63361000,
      "ocf": 69592000,
      "capex": -6231000,
      "gross_margin": 0.186432444403169,
      "op_margin": 0.11903401175873869,
      "fcf_margin": 0.07544000019050204
    },
    {
      "date": "2021-05-29T00:00:00",
      "quarter_label": "2021-05 (Q2)",
      "revenue": 960737000,
      "gross_profit": 169612000,
      "operating_income": 102436000,
      "net_income": 71295000,
      "opex": 67176000,
      "cogs": 791125000,
      "rd": null,
      "sga": 63586000,
      "fcf": 72356000,
      "ocf": 81032000,
      "capex": -8676000,
      "gross_margin": 0.17654363264868533,
      "op_margin": 0.106622311829356,
      "fcf_margin": 0.07531301490418293,
      "op_leverage_ratio": 0.7706659081759909,
      "fcf_margin_change": -0.00012698528631910344
    },
    {
      "date": "2021-08-28T00:00:00",
      "quarter_label": "2021-08 (Q3)",
      "revenue": 1036093000,
      "gross_profit": 187165000,
      "operating_income": 119995000,
      "net_income": 84085000,
      "opex": 67170000,
      "cogs": 848928000,
      "rd": null,
      "sga": 63580000,
      "fcf": 68042000,
      "ocf": 89346000,
      "capex": -21304000,
      "gross_margin": 0.18064498071119098,
      "op_margin": 0.11581489306461872,
      "fcf_margin": 0.0656717109371456,
      "op_leverage_ratio": Infinity,
      "fcf_margin_change": -0.009641303967037329
    },
    {
      "date": "2021-11-27T00:00:00",
      "quarter_label": "2021-11 (Q4)",
      "revenue": 1155740000,
      "gross_profit": 229412000,
      "operating_income": 146370000,
      "net_income": 99630000,
      "opex": 83042000,
      "cogs": 926328000,
      "rd": null,
      "sga": 74870000,
      "fcf": 33300000,
      "ocf": 56500000,
      "capex": -23200000,
      "gross_margin": 0.19849793206084412,
      "op_margin": 0.12664613148285947,
      "fcf_margin": 0.02881270874072023,
      "op_leverage_ratio": 0.48870498340785234,
      "fcf_margin_change": -0.03685900219642538
    },
    {
      "date": "2022-02-26T00:00:00",
      "quarter_label": "2022-02 (Q1)",
      "revenue": 1164731000,
      "gross_profit": 216577000,
      "operating_income": 136767000,
      "net_income": 91175000,
      "opex": 79810000,
      "cogs": 948154000,
      "rd": null,
      "sga": 71795000,
      "fcf": -30600000,
      "ocf": -10400000,
      "capex": -20200000,
      "gross_margin": 0.18594593944867957,
      "op_margin": 0.11742367980246082,
      "fcf_margin": -0.026272160696332456,
      "incr_op_margin_yoy": 0.11326017023503517,
      "rev_growth_yoy": 0.38677272867984464,
      "fcf_margin_change": -0.05508486943705269
    },
    {
      "date": "2022-05-28T00:00:00",
      "quarter_label": "2022-05 (Q2)",
      "revenue": 1458138000,
      "gross_profit": 272964000,
      "operating_income": 176717000,
      "net_income": 117222000,
      "opex": 96247000,
      "cogs": 1185174000,
      "rd": null,
      "sga": 88231000,
      "fcf": 179300000,
      "ocf": 199100000,
      "capex": -19800000,
      "gross_margin": 0.18720038844060027,
      "op_margin": 0.12119360444621839,
      "fcf_margin": 0.12296504171758778,
      "incr_op_margin_yoy": 0.14933826027691943,
      "rev_growth_yoy": 0.5177285771236041,
      "rev_growth_yoy_accel": 0.13095584844375946,
      "op_leverage_ratio": 1.2231496402030846,
      "fcf_margin_change": 0.14923720241392024
    },
    {
      "date": "2022-08-27T00:00:00",
      "quarter_label": "2022-08 (Q3)",
      "revenue": 1179121000,
      "gross_profit": 210384000,
      "operating_income": 123644000,
      "net_income": 82609000,
      "opex": 86740000,
      "cogs": 968737000,
      "rd": null,
      "sga": 81524000,
      "fcf": 130600000,
      "ocf": 155400000,
      "capex": -24800000,
      "gross_margin": 0.17842443650821246,
      "op_margin": 0.10486116352774652,
      "fcf_margin": 0.11076047326779864,
      "incr_op_margin_yoy": 0.0255124870654697,
      "rev_growth_yoy": 0.13804552294050823,
      "rev_growth_yoy_accel": -0.3796830541830959,
      "fcf_margin_change": -0.012204568449789135
    },
    {
      "date": "2022-11-26T00:00:00",
      "quarter_label": "2022-11 (Q4)",
      "revenue": 952200000,
      "gross_profit": 160400000,
      "operating_income": 85900000,
      "net_income": 60200000,
      "opex": 74500000,
      "cogs": 791800000,
      "rd": null,
      "sga": 70700000,
      "fcf": 2100000,
      "ocf": 29900000,
      "capex": -27800000,
      "gross_margin": 0.16845200588111742,
      "op_margin": 0.09021214030665826,
      "fcf_margin": 0.002205419029615627,
      "incr_op_margin_yoy": 0.2970914807900167,
      "rev_growth_yoy": -0.17611227438697286,
      "rev_growth_yoy_accel": -0.31415779732748106,
      "fcf_margin_change": -0.10855505423818301
    },
    {
      "date": "2023-02-25T00:00:00",
      "quarter_label": "2023-02 (Q1)",
      "revenue": 866700000,
      "gross_profit": 146800000,
      "operating_income": 76800000,
      "net_income": 52800000,
      "opex": 70000000,
      "cogs": 719900000,
      "rd": null,
      "sga": 66200000,
      "fcf": -34700000,
      "ocf": -13100000,
      "capex": -21600000,
      "gross_margin": 0.1693781008422753,
      "op_margin": 0.08861197646244376,
      "fcf_margin": -0.040036921656859355,
      "incr_op_margin_yoy": 0.20121061231885273,
      "rev_growth_yoy": -0.2558796838068189,
      "rev_growth_yoy_accel": -0.07976740941984606,
      "fcf_margin_change": -0.042242340686474984
    },
    {
      "date": "2023-05-27T00:00:00",
      "quarter_label": "2023-05 (Q2)",
      "revenue": 900800000,
      "gross_profit": 151400000,
      "operating_income": 80500000,
      "net_income": 59100000,
      "opex": 70900000,
      "cogs": 749400000,
      "rd": null,
      "sga": 66500000,
      "fcf": 121000000,
      "ocf": 139600000,
      "capex": -18600000,
      "gross_margin": 0.1680728241563055,
      "op_margin": 0.08936500888099468,
      "fcf_margin": 0.13432504440497336,
      "incr_op_margin_yoy": 0.1726367123720256,
      "rev_growth_yoy": -0.38222582499050156,
      "rev_growth_yoy_accel": -0.12634614118368265,
      "op_leverage_ratio": 3.0601387126136173,
      "fcf_margin_change": 0.1743619660618327
    },
    {
      "date": "2023-08-26T00:00:00",
      "quarter_label": "2023-08 (Q3)",
      "revenue": 771000000,
      "gross_profit": 127500000,
      "operating_income": 57500000,
      "net_income": 43800000,
      "opex": 70000000,
      "cogs": 643500000,
      "rd": null,
      "sga": 64300000,
      "fcf": 122900000,
      "ocf": 138100000,
      "capex": -15200000,
      "gross_margin": 0.16536964980544747,
      "op_margin": 0.07457846952010376,
      "fcf_margin": 0.15940337224383916,
      "incr_op_margin_yoy": 0.1620695823052477,
      "rev_growth_yoy": -0.3461230866043434,
      "rev_growth_yoy_accel": 0.036102738386158184,
      "fcf_margin_change": 0.025078327838865794
    },
    {
      "date": "2023-11-25T00:00:00",
      "quarter_label": "2023-11 (Q4)",
      "revenue": 763000000,
      "gross_profit": 115800000,
      "operating_income": 39100000,
      "net_income": 25800000,
      "opex": 76700000,
      "cogs": 647200000,
      "rd": null,
      "sga": 71100000,
      "fcf": -33200000,
      "ocf": -21400000,
      "capex": -11800000,
      "gross_margin": 0.15176933158584535,
      "op_margin": 0.05124508519003932,
      "fcf_margin": -0.04351245085190039,
      "incr_op_margin_yoy": 0.24735729386892177,
      "rev_growth_yoy": -0.19869775257298886,
      "rev_growth_yoy_accel": 0.14742533403135452,
      "fcf_margin_change": -0.20291582309573955
    },
    {
      "date": "2024-02-24T00:00:00",
      "quarter_label": "2024-02 (Q1)",
      "revenue": 703600000,
      "gross_profit": 105300000,
      "operating_income": 35400000,
      "net_income": -12700000,
      "opex": 69900000,
      "cogs": 598300000,
      "rd": null,
      "sga": 64200000,
      "fcf": 14200000,
      "ocf": 25200000,
      "capex": -11000000,
      "gross_margin": 0.14965889710062535,
      "op_margin": 0.05031267765776009,
      "fcf_margin": 0.020181921546333144,
      "incr_op_margin_yoy": 0.25383200490496627,
      "rev_growth_yoy": -0.1881850698050075,
      "rev_growth_yoy_accel": 0.010512682767981368,
      "fcf_margin_change": 0.06369437239823353
    },
    {
      "date": "2024-05-25T00:00:00",
      "quarter_label": "2024-05 (Q2)",
      "revenue": 786000000,
      "gross_profit": 118200000,
      "operating_income": 43500000,
      "net_income": 29000000,
      "opex": 74700000,
      "cogs": 667800000,
      "rd": null,
      "sga": 69100000,
      "fcf": 88400000,
      "ocf": 99400000,
      "capex": -11000000,
      "gross_margin": 0.150381679389313,
      "op_margin": 0.05534351145038168,
      "fcf_margin": 0.11246819338422392,
      "incr_op_margin_yoy": 0.32229965156794427,
      "rev_growth_yoy": -0.12744227353463589,
      "rev_growth_yoy_accel": 0.0607427962703716,
      "op_leverage_ratio": 1.705443433769187,
      "fcf_margin_change": 0.09228627183789079
    },
    {
      "date": "2024-08-31T00:00:00",
      "quarter_label": "2024-08 (Q3)",
      "revenue": 720900000,
      "gross_profit": 94200000,
      "operating_income": -17800000,
      "net_income": -29100000,
      "opex": 112000000,
      "cogs": 626700000,
      "rd": null,
      "sga": 75600000,
      "fcf": 29500000,
      "ocf": 40700000,
      "capex": -11200000,
      "gross_margin": 0.13066999583853517,
      "op_margin": -0.024691358024691357,
      "fcf_margin": 0.0409210708836177,
      "incr_op_margin_yoy": 1.5029940119760479,
      "rev_growth_yoy": -0.06498054474708172,
      "rev_growth_yoy_accel": 0.06246172878755417,
      "fcf_margin_change": -0.07154712250060623
    },
    {
      "date": "2024-11-30T00:00:00",
      "quarter_label": "2024-11 (Q4)",
      "revenue": 625600000,
      "gross_profit": 76800000,
      "operating_income": -900000,
      "net_income": -5200000,
      "opex": 77700000,
      "cogs": 548800000,
      "rd": null,
      "sga": 72100000,
      "fcf": -26700000,
      "ocf": -16700000,
      "capex": -10000000,
      "gross_margin": 0.12276214833759591,
      "op_margin": -0.001438618925831202,
      "fcf_margin": -0.042679028132992326,
      "incr_op_margin_yoy": 0.29112081513828236,
      "rev_growth_yoy": -0.1800786369593709,
      "rev_growth_yoy_accel": -0.11509809221228919,
      "fcf_margin_change": -0.08360009901661003
    },
    {
      "date": "2025-03-01T00:00:00",
      "quarter_label": "2025-03 (Q1)",
      "revenue": 620200000,
      "gross_profit": 83100000,
      "operating_income": 7800000,
      "net_income": -400000,
      "opex": 75300000,
      "cogs": 537100000,
      "rd": null,
      "sga": 69700000,
      "fcf": -18900000,
      "ocf": -10500000,
      "capex": -8400000,
      "gross_margin": 0.13398903579490487,
      "op_margin": 0.012576588197355692,
      "fcf_margin": -0.030474040632054177,
      "incr_op_margin_yoy": 0.33093525179856115,
      "rev_growth_yoy": -0.11853325753268903,
      "rev_growth_yoy_accel": 0.06154537942668187,
      "fcf_margin_change": 0.012204987500938149
    },
    {
      "date": "2025-05-31T00:00:00",
      "quarter_label": "2025-05 (Q2)",
      "revenue": 775100000,
      "gross_profit": 106000000,
      "operating_income": 30200000,
      "net_income": 17600000,
      "opex": 75800000,
      "cogs": 669100000,
      "rd": null,
      "sga": 70300000,
      "fcf": -36100000,
      "ocf": -25300000,
      "capex": -10800000,
      "gross_margin": 0.1367565475422526,
      "op_margin": 0.0389627144884531,
      "fcf_margin": -0.04657463553089924,
      "incr_op_margin_yoy": 1.2201834862385321,
      "rev_growth_yoy": -0.013867684478371502,
      "rev_growth_yoy_accel": 0.10466557305431753,
      "op_leverage_ratio": 37.61357626572074,
      "fcf_margin_change": -0.01610059489884506
    },
    {
      "date": "2025-08-30T00:00:00",
      "quarter_label": "2025-08 (Q3)",
      "revenue": 777300000,
      "gross_profit": 99200000,
      "operating_income": 20100000,
      "net_income": 13700000,
      "opex": 79100000,
      "cogs": 678100000,
      "rd": null,
      "sga": 73700000,
      "fcf": 171200000,
      "ocf": 181400000,
      "capex": -10200000,
      "gross_margin": 0.12762125305544836,
      "op_margin": 0.025858741798533386,
      "fcf_margin": 0.2202495818860157,
      "incr_op_margin_yoy": 0.6719858156028369,
      "rev_growth_yoy": 0.07823553890969621,
      "rev_growth_yoy_accel": 0.09210322338806771,
      "fcf_margin_change": 0.2668242174169149
    },
    {
      "date": "2025-11-29T00:00:00",
      "quarter_label": "2025-11 (Q4)",
      "revenue": 702700000,
      "gross_profit": 89000000,
      "operating_income": 13800000,
      "net_income": 5500000,
      "opex": 75200000,
      "cogs": 613700000,
      "rd": null,
      "sga": 69800000,
      "fcf": 19800000,
      "ocf": 25400000,
      "capex": -5600000,
      "gross_margin": 0.12665433328589726,
      "op_margin": 0.019638537071296428,
      "fcf_margin": 0.028177031450120963,
      "incr_op_margin_yoy": 0.19066147859922178,
      "rev_growth_yoy": 0.12324168797953965,
      "rev_growth_yoy_accel": 0.04500614906984343,
      "fcf_margin_change": -0.19207255043589475
    }
  ],
  "signals": [
    {
      "quarter": "2025-11 (Q4)",
      "signal": "OP MARGIN TURNED POSITIVE (YoY)",
      "detail": "Op margin: -0.1% (year-ago) -> +2.0%",
      "severity": "HIGH"
    },
    {
      "quarter": "2025-08 (Q3)",
      "signal": "FCF TURNED POSITIVE",
      "detail": "FCF margin: -4.7% -> +22.0%",
      "severity": "HIGH"
    },
    {
      "quarter": "2025-08 (Q3)",
      "signal": "YoY REVENUE GROWTH ACCELERATION",
      "detail": "YoY growth: +7.8% vs prior quarter YoY: -1.4% (accel: +9.2%)",
      "severity": "MEDIUM"
    },
    {
      "quarter": "2025-08 (Q3)",
      "signal": "OP MARGIN TURNED POSITIVE (YoY)",
      "detail": "Op margin: -2.5% (year-ago) -> +2.6%",
      "severity": "HIGH"
    },
    {
      "quarter": "2025-05 (Q2)",
      "signal": "OPERATING LEVERAGE",
      "detail": "Rev growth +25.0% vs OpEx growth +0.7% (leverage: 37.6x)",
      "severity": "MEDIUM"
    },
    {
      "quarter": "2025-05 (Q2)",
      "signal": "YoY REVENUE GROWTH ACCELERATION",
      "detail": "YoY growth: -1.4% vs prior quarter YoY: -11.9% (accel: +10.5%)",
      "severity": "MEDIUM"
    },
    {
      "quarter": "2025-05 (Q2)",
      "signal": "INCREMENTAL MARGIN (YoY)",
      "detail": "YoY Incr OPM: +122.0% vs year-ago OPM: +5.5%",
      "severity": "HIGH"
    },
    {
      "quarter": "2025-03 (Q1)",
      "signal": "YoY REVENUE GROWTH ACCELERATION",
      "detail": "YoY growth: -11.9% vs prior quarter YoY: -18.0% (accel: +6.2%)",
      "severity": "MEDIUM"
    },
    {
      "quarter": "2025-03 (Q1)",
      "signal": "INCREMENTAL MARGIN (YoY)",
      "detail": "YoY Incr OPM: +33.1% vs year-ago OPM: +5.0%",
      "severity": "HIGH"
    },
    {
      "quarter": "2025-03 (Q1)",
      "signal": "OP MARGIN TURNED POSITIVE (QoQ)",
      "detail": "Op margin: -0.1% -> +1.3%",
      "severity": "HIGH"
    },
    {
      "quarter": "2024-11 (Q4)",
      "signal": "YoY REVENUE GROWTH DECELERATION",
      "detail": "YoY growth: -18.0% vs prior quarter YoY: -6.5% (decel: -11.5%)",
      "severity": "WARNING"
    },
    {
      "quarter": "2024-08 (Q3)",
      "signal": "YoY REVENUE GROWTH ACCELERATION",
      "detail": "YoY growth: -6.5% vs prior quarter YoY: -12.7% (accel: +6.2%)",
      "severity": "MEDIUM"
    },
    {
      "quarter": "2024-05 (Q2)",
      "signal": "FCF MARGIN EXPANSION",
      "detail": "FCF margin: +2.0% -> +11.2% (+9.2%)",
      "severity": "MEDIUM"
    },
    {
      "quarter": "2024-05 (Q2)",
      "signal": "OPERATING LEVERAGE",
      "detail": "Rev growth +11.7% vs OpEx growth +6.9% (leverage: 1.7x)",
      "severity": "MEDIUM"
    },
    {
      "quarter": "2024-05 (Q2)",
      "signal": "YoY REVENUE GROWTH ACCELERATION",
      "detail": "YoY growth: -12.7% vs prior quarter YoY: -18.8% (accel: +6.1%)",
      "severity": "MEDIUM"
    },
    {
      "quarter": "2024-05 (Q2)",
      "signal": "INCREMENTAL MARGIN (YoY)",
      "detail": "YoY Incr OPM: +32.2% vs year-ago OPM: +8.9%",
      "severity": "HIGH"
    },
    {
      "quarter": "2024-02 (Q1)",
      "signal": "FCF TURNED POSITIVE",
      "detail": "FCF margin: -4.4% -> +2.0%",
      "severity": "HIGH"
    },
    {
      "quarter": "2024-02 (Q1)",
      "signal": "INCREMENTAL MARGIN (YoY)",
      "detail": "YoY Incr OPM: +25.4% vs year-ago OPM: +8.9%",
      "severity": "MEDIUM"
    },
    {
      "quarter": "2023-11 (Q4)",
      "signal": "YoY REVENUE GROWTH ACCELERATION",
      "detail": "YoY growth: -19.9% vs prior quarter YoY: -34.6% (accel: +14.7%)",
      "severity": "MEDIUM"
    },
    {
      "quarter": "2023-11 (Q4)",
      "signal": "INCREMENTAL MARGIN (YoY)",
      "detail": "YoY Incr OPM: +24.7% vs year-ago OPM: +9.0%",
      "severity": "MEDIUM"
    },
    {
      "quarter": "2023-05 (Q2)",
      "signal": "FCF TURNED POSITIVE",
      "detail": "FCF margin: -4.0% -> +13.4%",
      "severity": "HIGH"
    },
    {
      "quarter": "2023-05 (Q2)",
      "signal": "OPERATING LEVERAGE",
      "detail": "Rev growth +3.9% vs OpEx growth +1.3% (leverage: 3.1x)",
      "severity": "MEDIUM"
    },
    {
      "quarter": "2023-05 (Q2)",
      "signal": "YoY REVENUE GROWTH DECELERATION",
      "detail": "YoY growth: -38.2% vs prior quarter YoY: -25.6% (decel: -12.6%)",
      "severity": "WARNING"
    },
    {
      "quarter": "2023-02 (Q1)",
      "signal": "YoY REVENUE GROWTH DECELERATION",
      "detail": "YoY growth: -25.6% vs prior quarter YoY: -17.6% (decel: -8.0%)",
      "severity": "WARNING"
    },
    {
      "quarter": "2022-11 (Q4)",
      "signal": "YoY REVENUE GROWTH DECELERATION",
      "detail": "YoY growth: -17.6% vs prior quarter YoY: +13.8% (decel: -31.4%)",
      "severity": "WARNING"
    },
    {
      "quarter": "2022-11 (Q4)",
      "signal": "INCREMENTAL MARGIN (YoY)",
      "detail": "YoY Incr OPM: +29.7% vs year-ago OPM: +12.7%",
      "severity": "MEDIUM"
    },
    {
      "quarter": "2022-08 (Q3)",
      "signal": "YoY REVENUE GROWTH DECELERATION",
      "detail": "YoY growth: +13.8% vs prior quarter YoY: +51.8% (decel: -38.0%)",
      "severity": "WARNING"
    },
    {
      "quarter": "2022-05 (Q2)",
      "signal": "FCF TURNED POSITIVE",
      "detail": "FCF margin: -2.6% -> +12.3%",
      "severity": "HIGH"
    },
    {
      "quarter": "2022-05 (Q2)",
      "signal": "YoY REVENUE GROWTH ACCELERATION",
      "detail": "YoY growth: +51.8% vs prior quarter YoY: +38.7% (accel: +13.1%)",
      "severity": "MEDIUM"
    }
  ],
  "data_quality": {
    "n_quarters": 20,
    "coverage": {
      "revenue": [
        20,
        20
      ],
      "gross_profit": [
        20,
        20
      ],
      "op_income": [
        20,
        20
      ],
      "fcf": [
        20,
        20
      ]
    },
    "gaps": [],
    "warnings": []
  },
  "market_cap": null,
  "source": "SEC EDGAR",
  "last_updated": "2026-02-02T21:53:09.715594"
}