{
  "ticker": "WGS",
  "name": "GeneDx Holdings Corp.",
  "sector": "Healthcare",
  "industry": "Diagnostics & Research",
  "quarters": [
    {
      "date": "2021-03-31T00:00:00",
      "quarter_label": "2021-03 (Q1)",
      "revenue": 64201000,
      "gross_profit": -4323000,
      "operating_income": -1845158,
      "net_income": -58471923,
      "opex": -2477842,
      "cogs": 68524000,
      "rd": 53133000,
      "sga": null,
      "fcf": -44283000,
      "ocf": -42208000,
      "capex": -2075000,
      "gross_margin": -0.06733539976012835,
      "op_margin": -0.028740331147489914,
      "fcf_margin": -0.6897556112833133
    },
    {
      "date": "2021-06-30T00:00:00",
      "quarter_label": "2021-06 (Q2)",
      "revenue": 47015000,
      "gross_profit": -1164000,
      "operating_income": -1277960,
      "net_income": 13009880,
      "opex": 113960,
      "cogs": 48179000,
      "rd": 11952000,
      "sga": null,
      "fcf": -26546000,
      "ocf": -25301000,
      "capex": -1245000,
      "gross_margin": -0.024758055939593748,
      "op_margin": -0.02718196320323301,
      "fcf_margin": -0.5646283101137934,
      "fcf_margin_change": 0.12512730116951987
    },
    {
      "date": "2021-09-30T00:00:00",
      "quarter_label": "2021-09 (Q3)",
      "revenue": 43178000,
      "gross_profit": -15574000,
      "operating_income": -89603000,
      "net_income": 31392000,
      "opex": 74029000,
      "cogs": 58752000,
      "rd": 17831000,
      "sga": null,
      "fcf": -71964000,
      "ocf": -70940000,
      "capex": -1024000,
      "gross_margin": -0.3606929454814952,
      "op_margin": -2.075200333503173,
      "fcf_margin": -1.6666821066283755,
      "fcf_margin_change": -1.102053796514582
    },
    {
      "date": "2021-12-31T00:00:00",
      "quarter_label": "2021-12 (Q4)",
      "revenue": 57801000,
      "gross_profit": -2806000,
      "operating_income": -115780000,
      "net_income": -40185000,
      "opex": 112974000,
      "cogs": 60607000,
      "rd": 22246000,
      "sga": null,
      "fcf": -57041000,
      "ocf": -51985000,
      "capex": -5056000,
      "gross_margin": -0.048545872908773206,
      "op_margin": -2.003079531495995,
      "fcf_margin": -0.9868514385564263,
      "op_leverage_ratio": 0.6437602140208242,
      "fcf_margin_change": 0.6798306680719491
    },
    {
      "date": "2022-03-31T00:00:00",
      "quarter_label": "2022-03 (Q1)",
      "revenue": 53941000,
      "gross_profit": 5625000,
      "operating_income": -89305000,
      "net_income": -76896000,
      "opex": 94930000,
      "cogs": 48316000,
      "rd": 21315000,
      "sga": null,
      "fcf": -82872000,
      "ocf": -81494000,
      "capex": -1378000,
      "gross_margin": 0.10428060288092546,
      "op_margin": -1.6556051982721862,
      "fcf_margin": -1.5363452661240986,
      "incr_op_margin_yoy": 8.524351072124757,
      "rev_growth_yoy": -0.1598105948505475,
      "fcf_margin_change": -0.5494938275676723
    },
    {
      "date": "2022-06-30T00:00:00",
      "quarter_label": "2022-06 (Q2)",
      "revenue": 36169000,
      "gross_profit": -29598000,
      "operating_income": -162649000,
      "net_income": -85742000,
      "opex": 133051000,
      "cogs": 65767000,
      "rd": 27168000,
      "sga": null,
      "fcf": -86015000,
      "ocf": -84645000,
      "capex": -1370000,
      "gross_margin": -0.8183250850175565,
      "op_margin": -4.4969172495783685,
      "fcf_margin": -2.378141502391551,
      "incr_op_margin_yoy": 14.87839203392956,
      "rev_growth_yoy": -0.23069233223439328,
      "rev_growth_yoy_accel": -0.07088173738384579,
      "fcf_margin_change": -0.8417962362674523
    },
    {
      "date": "2022-09-30T00:00:00",
      "quarter_label": "2022-09 (Q3)",
      "revenue": 83234000,
      "gross_profit": 13549000,
      "operating_income": -90816000,
      "net_income": -77581000,
      "opex": 104365000,
      "cogs": 69685000,
      "rd": 13354000,
      "sga": null,
      "fcf": -90604000,
      "ocf": -88362000,
      "capex": -2242000,
      "gross_margin": 0.16278203618713508,
      "op_margin": -1.091092582358171,
      "fcf_margin": -1.088545546291179,
      "incr_op_margin_yoy": -0.030282604353904535,
      "rev_growth_yoy": 0.9276946593172449,
      "rev_growth_yoy_accel": 1.1583869915516383,
      "op_leverage_ratio": null,
      "fcf_margin_change": 1.2895959561003718
    },
    {
      "date": "2022-12-31T00:00:00",
      "quarter_label": "2022-12 (Q4)",
      "revenue": 61350000,
      "gross_profit": -16326000,
      "operating_income": -324882000,
      "net_income": -308761000,
      "opex": 308556000,
      "cogs": 77676000,
      "rd": 24366000,
      "sga": null,
      "fcf": -66820000,
      "ocf": -64654000,
      "capex": -2166000,
      "gross_margin": -0.2661124694376528,
      "op_margin": -5.295550122249389,
      "fcf_margin": -1.089160554197229,
      "incr_op_margin_yoy": -58.91856861087631,
      "rev_growth_yoy": 0.061400321793740595,
      "rev_growth_yoy_accel": -0.8662943375235044,
      "fcf_margin_change": -0.000615007906049847
    },
    {
      "date": "2023-03-31T00:00:00",
      "quarter_label": "2023-03 (Q1)",
      "revenue": 43139000,
      "gross_profit": 15236000,
      "operating_income": -60364000,
      "net_income": -60989000,
      "opex": 75600000,
      "cogs": 27903000,
      "rd": 14592000,
      "sga": null,
      "fcf": -55560000,
      "ocf": -55560000,
      "capex": null,
      "gross_margin": 0.3531838939242912,
      "op_margin": -1.399290665059459,
      "fcf_margin": -1.2879297155705973,
      "incr_op_margin_yoy": -2.679226069246436,
      "rev_growth_yoy": -0.20025583507906788,
      "rev_growth_yoy_accel": -0.26165615687280847,
      "fcf_margin_change": -0.19876916137336842
    },
    {
      "date": "2023-06-30T00:00:00",
      "quarter_label": "2023-06 (Q2)",
      "revenue": 48706000,
      "gross_profit": 18757000,
      "operating_income": -51622000,
      "net_income": -46719000,
      "opex": 70379000,
      "cogs": 29949000,
      "rd": 17138000,
      "sga": null,
      "fcf": -56263000,
      "ocf": -53501000,
      "capex": -2762000,
      "gross_margin": 0.3851065577136287,
      "op_margin": -1.0598694206052643,
      "fcf_margin": -1.1551554223298977,
      "incr_op_margin_yoy": 8.855946398659967,
      "rev_growth_yoy": 0.34662279852912714,
      "rev_growth_yoy_accel": 0.546878633608195,
      "op_leverage_ratio": null,
      "fcf_margin_change": 0.13277429324069967
    },
    {
      "date": "2023-09-30T00:00:00",
      "quarter_label": "2023-09 (Q3)",
      "revenue": 53303000,
      "gross_profit": 25259000,
      "operating_income": -42967000,
      "net_income": -42286000,
      "opex": 68226000,
      "cogs": 28044000,
      "rd": 14288000,
      "sga": null,
      "fcf": -41340000,
      "ocf": -41228000,
      "capex": -112000,
      "gross_margin": 0.47387576684239163,
      "op_margin": -0.8060897135245672,
      "fcf_margin": -0.7755661032212071,
      "incr_op_margin_yoy": -1.5986435468243627,
      "rev_growth_yoy": -0.3596006439676094,
      "rev_growth_yoy_accel": -0.7062234424967365,
      "op_leverage_ratio": null,
      "fcf_margin_change": 0.37958931910869054
    },
    {
      "date": "2023-12-31T00:00:00",
      "quarter_label": "2023-12 (Q4)",
      "revenue": 57418000,
      "gross_profit": 30754000,
      "operating_income": -25643000,
      "net_income": -25773000,
      "opex": 56397000,
      "cogs": 26664000,
      "rd": 12248000,
      "sga": null,
      "fcf": -32234000,
      "ocf": -29858000,
      "capex": -2376000,
      "gross_margin": 0.5356160089170643,
      "op_margin": -0.4466021108363231,
      "fcf_margin": -0.5613918980110767,
      "incr_op_margin_yoy": -76.10350966429299,
      "rev_growth_yoy": -0.06409127954360228,
      "rev_growth_yoy_accel": 0.2955093644240071,
      "op_leverage_ratio": null,
      "fcf_margin_change": 0.21417420521013042
    },
    {
      "date": "2024-03-31T00:00:00",
      "quarter_label": "2024-03 (Q1)",
      "revenue": 62422000,
      "gross_profit": 37411000,
      "operating_income": -13660000,
      "net_income": -20239000,
      "opex": 51071000,
      "cogs": 25011000,
      "rd": 11567000,
      "sga": null,
      "fcf": -16856000,
      "ocf": -16413000,
      "capex": -443000,
      "gross_margin": 0.5993239562974593,
      "op_margin": -0.21883310371343437,
      "fcf_margin": -0.27003300118547946,
      "incr_op_margin_yoy": 2.4220297671524142,
      "rev_growth_yoy": 0.4469969169429055,
      "rev_growth_yoy_accel": 0.5110881964865077,
      "op_leverage_ratio": null,
      "fcf_margin_change": 0.29135889682559724
    },
    {
      "date": "2024-06-30T00:00:00",
      "quarter_label": "2024-06 (Q2)",
      "revenue": 70514000,
      "gross_profit": 42952000,
      "operating_income": -10579000,
      "net_income": -29173000,
      "opex": 53531000,
      "cogs": 27562000,
      "rd": 10902000,
      "sga": null,
      "fcf": -5857000,
      "ocf": -4505000,
      "capex": -1352000,
      "gross_margin": 0.6091272655075588,
      "op_margin": -0.15002694500382902,
      "fcf_margin": -0.08306151969821596,
      "incr_op_margin_yoy": 1.8820157740278798,
      "rev_growth_yoy": 0.44774771075432185,
      "rev_growth_yoy_accel": 0.0007507938114163504,
      "op_leverage_ratio": 2.69127110959681,
      "fcf_margin_change": 0.1869714814872635
    },
    {
      "date": "2024-09-30T00:00:00",
      "quarter_label": "2024-09 (Q3)",
      "revenue": 76874000,
      "gross_profit": 47829000,
      "operating_income": -7780000,
      "net_income": -8312000,
      "opex": 55609000,
      "cogs": 29045000,
      "rd": 11665000,
      "sga": null,
      "fcf": -5041000,
      "ocf": -4395000,
      "capex": -646000,
      "gross_margin": 0.6221739469781721,
      "op_margin": -0.10120456851471239,
      "fcf_margin": -0.06557483674584384,
      "incr_op_margin_yoy": 1.492808960162912,
      "rev_growth_yoy": 0.4422077556610322,
      "rev_growth_yoy_accel": -0.005539955093289639,
      "op_leverage_ratio": 2.3234941187932754,
      "fcf_margin_change": 0.017486682952372115
    },
    {
      "date": "2024-12-31T00:00:00",
      "quarter_label": "2024-12 (Q4)",
      "revenue": 95640000,
      "gross_profit": 66205000,
      "operating_income": 8806000,
      "net_income": 5438000,
      "opex": 57399000,
      "cogs": 29435000,
      "rd": 11588000,
      "sga": null,
      "fcf": -6233000,
      "ocf": -3183000,
      "capex": -3050000,
      "gross_margin": 0.6922312839815976,
      "op_margin": 0.09207444583856127,
      "fcf_margin": -0.06517147636971979,
      "incr_op_margin_yoy": 0.9012872167861441,
      "rev_growth_yoy": 0.6656797519941482,
      "rev_growth_yoy_accel": 0.22347199633311599,
      "op_leverage_ratio": 7.58375487248015,
      "fcf_margin_change": 0.00040336037612405395
    },
    {
      "date": "2025-03-31T00:00:00",
      "quarter_label": "2025-03 (Q1)",
      "revenue": 87115000,
      "gross_profit": 58476000,
      "operating_income": -4551000,
      "net_income": -6529000,
      "opex": 63027000,
      "cogs": 28639000,
      "rd": 12577000,
      "sga": null,
      "fcf": 4053000,
      "ocf": 10182000,
      "capex": -6129000,
      "gross_margin": 0.671250645698215,
      "op_margin": -0.05224129024852207,
      "fcf_margin": 0.046524708718360785,
      "incr_op_margin_yoy": 0.36888996881707364,
      "rev_growth_yoy": 0.3955816859440582,
      "rev_growth_yoy_accel": -0.27009806605009,
      "fcf_margin_change": 0.11169618508808057
    },
    {
      "date": "2025-06-30T00:00:00",
      "quarter_label": "2025-06 (Q2)",
      "revenue": 102692000,
      "gross_profit": 70902000,
      "operating_income": 8960000,
      "net_income": 10809000,
      "opex": 61942000,
      "cogs": 31790000,
      "rd": 15079000,
      "sga": null,
      "fcf": 8051000,
      "ocf": 10420000,
      "capex": -2369000,
      "gross_margin": 0.690433529388852,
      "op_margin": 0.08725119775639777,
      "fcf_margin": 0.07839948584115608,
      "incr_op_margin_yoy": 0.607216110385978,
      "rev_growth_yoy": 0.45633491221601385,
      "rev_growth_yoy_accel": 0.060753226271955674,
      "op_leverage_ratio": null,
      "fcf_margin_change": 0.031874777122795295
    },
    {
      "date": "2025-09-30T00:00:00",
      "quarter_label": "2025-09 (Q3)",
      "revenue": 116743000,
      "gross_profit": 84527000,
      "operating_income": -3251000,
      "net_income": -7635000,
      "opex": 87778000,
      "cogs": 32216000,
      "rd": 19829000,
      "sga": null,
      "fcf": 9595000,
      "ocf": 15767000,
      "capex": -6172000,
      "gross_margin": 0.7240434115964126,
      "op_margin": -0.027847494068166827,
      "fcf_margin": 0.08218908200063386,
      "incr_op_margin_yoy": 0.11359703027414783,
      "rev_growth_yoy": 0.5186278845903687,
      "rev_growth_yoy_accel": 0.06229297237435483,
      "op_leverage_ratio": 0.32804284493604335,
      "fcf_margin_change": 0.0037895961594777844
    },
    {
      "date": "2025-12-31T00:00:00",
      "quarter_label": "2025-12 (Q4)",
      "revenue": 120989000,
      "gross_profit": 84268000,
      "operating_income": -14235000,
      "net_income": -17666000,
      "opex": 98503000,
      "cogs": 36721000,
      "rd": 24541000,
      "sga": null,
      "fcf": -7437000,
      "ocf": -3090000,
      "capex": -4347000,
      "gross_margin": 0.6964930696178991,
      "op_margin": -0.11765532403772244,
      "fcf_margin": -0.06146839795353297,
      "incr_op_margin_yoy": -0.9089510434336661,
      "rev_growth_yoy": 0.2650460058552907,
      "rev_growth_yoy_accel": -0.253581878735078,
      "op_leverage_ratio": 0.29767168162720786,
      "fcf_margin_change": -0.14365747995416683
    }
  ],
  "signals": [
    {
      "quarter": "2025-12 (Q4)",
      "signal": "YoY REVENUE GROWTH DECELERATION",
      "detail": "YoY growth: +26.5% vs prior quarter YoY: +51.9% (decel: -25.4%)",
      "severity": "WARNING"
    },
    {
      "quarter": "2025-09 (Q3)",
      "signal": "YoY REVENUE GROWTH ACCELERATION",
      "detail": "YoY growth: +51.9% vs prior quarter YoY: +45.6% (accel: +6.2%)",
      "severity": "MEDIUM"
    },
    {
      "quarter": "2025-06 (Q2)",
      "signal": "YoY REVENUE GROWTH ACCELERATION",
      "detail": "YoY growth: +45.6% vs prior quarter YoY: +39.6% (accel: +6.1%)",
      "severity": "MEDIUM"
    },
    {
      "quarter": "2025-06 (Q2)",
      "signal": "OP MARGIN TURNED POSITIVE (YoY)",
      "detail": "Op margin: -15.0% (year-ago) -> +8.7%",
      "severity": "HIGH"
    },
    {
      "quarter": "2025-06 (Q2)",
      "signal": "OP MARGIN TURNED POSITIVE (QoQ)",
      "detail": "Op margin: -5.2% -> +8.7%",
      "severity": "HIGH"
    },
    {
      "quarter": "2025-03 (Q1)",
      "signal": "FCF TURNED POSITIVE",
      "detail": "FCF margin: -6.5% -> +4.7%",
      "severity": "HIGH"
    },
    {
      "quarter": "2025-03 (Q1)",
      "signal": "YoY REVENUE GROWTH DECELERATION",
      "detail": "YoY growth: +39.6% vs prior quarter YoY: +66.6% (decel: -27.0%)",
      "severity": "WARNING"
    },
    {
      "quarter": "2024-12 (Q4)",
      "signal": "OPERATING LEVERAGE",
      "detail": "Rev growth +24.4% vs OpEx growth +3.2% (leverage: 7.6x)",
      "severity": "MEDIUM"
    },
    {
      "quarter": "2024-12 (Q4)",
      "signal": "YoY REVENUE GROWTH ACCELERATION",
      "detail": "YoY growth: +66.6% vs prior quarter YoY: +44.2% (accel: +22.3%)",
      "severity": "HIGH"
    },
    {
      "quarter": "2024-12 (Q4)",
      "signal": "OP MARGIN TURNED POSITIVE (YoY)",
      "detail": "Op margin: -44.7% (year-ago) -> +9.2%",
      "severity": "HIGH"
    },
    {
      "quarter": "2024-12 (Q4)",
      "signal": "OP MARGIN TURNED POSITIVE (QoQ)",
      "detail": "Op margin: -10.1% -> +9.2%",
      "severity": "HIGH"
    },
    {
      "quarter": "2024-09 (Q3)",
      "signal": "OPERATING LEVERAGE",
      "detail": "Rev growth +9.0% vs OpEx growth +3.9% (leverage: 2.3x)",
      "severity": "MEDIUM"
    },
    {
      "quarter": "2024-06 (Q2)",
      "signal": "FCF MARGIN EXPANSION",
      "detail": "FCF margin: -27.0% -> -8.3% (+18.7%)",
      "severity": "MEDIUM"
    },
    {
      "quarter": "2024-06 (Q2)",
      "signal": "OPERATING LEVERAGE",
      "detail": "Rev growth +13.0% vs OpEx growth +4.8% (leverage: 2.7x)",
      "severity": "MEDIUM"
    },
    {
      "quarter": "2024-03 (Q1)",
      "signal": "FCF MARGIN EXPANSION",
      "detail": "FCF margin: -56.1% -> -27.0% (+29.1%)",
      "severity": "MEDIUM"
    },
    {
      "quarter": "2024-03 (Q1)",
      "signal": "YoY REVENUE GROWTH ACCELERATION",
      "detail": "YoY growth: +44.7% vs prior quarter YoY: -6.4% (accel: +51.1%)",
      "severity": "HIGH"
    },
    {
      "quarter": "2023-12 (Q4)",
      "signal": "FCF MARGIN EXPANSION",
      "detail": "FCF margin: -77.6% -> -56.1% (+21.4%)",
      "severity": "MEDIUM"
    },
    {
      "quarter": "2023-12 (Q4)",
      "signal": "YoY REVENUE GROWTH ACCELERATION",
      "detail": "YoY growth: -6.4% vs prior quarter YoY: -36.0% (accel: +29.6%)",
      "severity": "HIGH"
    },
    {
      "quarter": "2023-09 (Q3)",
      "signal": "FCF MARGIN EXPANSION",
      "detail": "FCF margin: -115.5% -> -77.6% (+38.0%)",
      "severity": "MEDIUM"
    },
    {
      "quarter": "2023-09 (Q3)",
      "signal": "YoY REVENUE GROWTH DECELERATION",
      "detail": "YoY growth: -36.0% vs prior quarter YoY: +34.7% (decel: -70.6%)",
      "severity": "WARNING"
    },
    {
      "quarter": "2023-06 (Q2)",
      "signal": "FCF MARGIN EXPANSION",
      "detail": "FCF margin: -128.8% -> -115.5% (+13.3%)",
      "severity": "MEDIUM"
    },
    {
      "quarter": "2023-06 (Q2)",
      "signal": "YoY REVENUE GROWTH ACCELERATION",
      "detail": "YoY growth: +34.7% vs prior quarter YoY: -20.0% (accel: +54.7%)",
      "severity": "HIGH"
    },
    {
      "quarter": "2023-03 (Q1)",
      "signal": "GROSS MARGIN INFLECTION",
      "detail": "GM: +16.3% -> -26.6% -> +35.3% (reversal +61.9%)",
      "severity": "HIGH"
    },
    {
      "quarter": "2023-03 (Q1)",
      "signal": "YoY REVENUE GROWTH DECELERATION",
      "detail": "YoY growth: -20.0% vs prior quarter YoY: +6.1% (decel: -26.2%)",
      "severity": "WARNING"
    },
    {
      "quarter": "2022-12 (Q4)",
      "signal": "YoY REVENUE GROWTH DECELERATION",
      "detail": "YoY growth: +6.1% vs prior quarter YoY: +92.8% (decel: -86.6%)",
      "severity": "WARNING"
    },
    {
      "quarter": "2022-09 (Q3)",
      "signal": "FCF MARGIN EXPANSION",
      "detail": "FCF margin: -237.8% -> -108.9% (+129.0%)",
      "severity": "MEDIUM"
    },
    {
      "quarter": "2022-09 (Q3)",
      "signal": "GROSS MARGIN INFLECTION",
      "detail": "GM: +10.4% -> -81.8% -> +16.3% (reversal +98.1%)",
      "severity": "HIGH"
    },
    {
      "quarter": "2022-09 (Q3)",
      "signal": "YoY REVENUE GROWTH ACCELERATION",
      "detail": "YoY growth: +92.8% vs prior quarter YoY: -23.1% (accel: +115.8%)",
      "severity": "HIGH"
    },
    {
      "quarter": "2022-06 (Q2)",
      "signal": "YoY REVENUE GROWTH DECELERATION",
      "detail": "YoY growth: -23.1% vs prior quarter YoY: -16.0% (decel: -7.1%)",
      "severity": "WARNING"
    },
    {
      "quarter": "2021-12 (Q4)",
      "signal": "FCF MARGIN EXPANSION",
      "detail": "FCF margin: -166.7% -> -98.7% (+68.0%)",
      "severity": "MEDIUM"
    },
    {
      "quarter": "2021-12 (Q4)",
      "signal": "GROSS MARGIN INFLECTION",
      "detail": "GM: -2.5% -> -36.1% -> -4.9% (reversal +31.2%)",
      "severity": "HIGH"
    },
    {
      "quarter": "2021-06 (Q2)",
      "signal": "FCF MARGIN EXPANSION",
      "detail": "FCF margin: -69.0% -> -56.5% (+12.5%)",
      "severity": "MEDIUM"
    }
  ],
  "data_quality": {
    "n_quarters": 20,
    "coverage": {
      "revenue": [
        20,
        20
      ],
      "gross_profit": [
        20,
        20
      ],
      "op_income": [
        20,
        20
      ],
      "fcf": [
        20,
        20
      ]
    },
    "gaps": [],
    "warnings": []
  },
  "market_cap": null,
  "source": "SEC EDGAR",
  "last_updated": "2026-02-24T10:07:36.951959"
}