{
  "ticker": "WHR",
  "name": "WHIRLPOOL CORP /DE/",
  "quarters": [
    {
      "date": "2020-12-31T00:00:00",
      "quarter_label": "2020-12 (Q4)",
      "revenue": 5798000000,
      "gross_profit": 1364000000,
      "operating_income": 716000000,
      "net_income": 497000000,
      "opex": 648000000,
      "cogs": 4434000000,
      "rd": null,
      "sga": 523000000,
      "fcf": 934000000,
      "ocf": 1093000000,
      "capex": -159000000,
      "gross_margin": 0.2352535357019662,
      "op_margin": 0.12349085891686788,
      "fcf_margin": 0.161090031045188
    },
    {
      "date": "2021-03-31T00:00:00",
      "quarter_label": "2021-03 (Q1)",
      "revenue": 5358000000,
      "gross_profit": 1148000000,
      "operating_income": 618000000,
      "net_income": 433000000,
      "opex": 530000000,
      "cogs": 4210000000,
      "rd": null,
      "sga": 493000000,
      "fcf": 109000000,
      "ocf": 182000000,
      "capex": -73000000,
      "gross_margin": 0.21425905188503172,
      "op_margin": 0.11534154535274356,
      "fcf_margin": 0.02034341172079134,
      "fcf_margin_change": -0.14074661932439664
    },
    {
      "date": "2021-06-30T00:00:00",
      "quarter_label": "2021-06 (Q2)",
      "revenue": 5324000000,
      "gross_profit": 1090000000,
      "operating_income": 683000000,
      "net_income": 581000000,
      "opex": 407000000,
      "cogs": 4234000000,
      "rd": null,
      "sga": 509000000,
      "fcf": 353000000,
      "ocf": 464000000,
      "capex": -111000000,
      "gross_margin": 0.20473328324567994,
      "op_margin": 0.1282870022539444,
      "fcf_margin": 0.06630353117956424,
      "fcf_margin_change": 0.0459601194587729
    },
    {
      "date": "2021-09-30T00:00:00",
      "quarter_label": "2021-09 (Q3)",
      "revenue": 5488000000,
      "gross_profit": 1108000000,
      "operating_income": 552000000,
      "net_income": 471000000,
      "opex": 556000000,
      "cogs": 4380000000,
      "rd": null,
      "sga": 524000000,
      "fcf": 526000000,
      "ocf": 648000000,
      "capex": -122000000,
      "gross_margin": 0.2018950437317784,
      "op_margin": 0.10058309037900874,
      "fcf_margin": 0.09584548104956268,
      "op_leverage_ratio": 0.08414221531976261,
      "fcf_margin_change": 0.029541949869998446
    },
    {
      "date": "2021-12-31T00:00:00",
      "quarter_label": "2021-12 (Q4)",
      "revenue": 5815000000,
      "gross_profit": 1062000000,
      "operating_income": 494000000,
      "net_income": 298000000,
      "opex": 568000000,
      "cogs": 4753000000,
      "rd": null,
      "sga": 555000000,
      "fcf": 663000000,
      "ocf": 882000000,
      "capex": -219000000,
      "gross_margin": 0.1826311263972485,
      "op_margin": 0.08495270851246775,
      "fcf_margin": 0.11401547721410146,
      "incr_op_margin_yoy": -13.058823529411764,
      "rev_growth_yoy": 0.002932045532942394,
      "op_leverage_ratio": 2.7607507288629733,
      "fcf_margin_change": 0.01816999616453878
    },
    {
      "date": "2022-03-31T00:00:00",
      "quarter_label": "2022-03 (Q1)",
      "revenue": 4920000000,
      "gross_profit": 851000000,
      "operating_income": 461000000,
      "net_income": 313000000,
      "opex": 390000000,
      "cogs": 4069000000,
      "rd": null,
      "sga": 376000000,
      "fcf": -415000000,
      "ocf": -328000000,
      "capex": -87000000,
      "gross_margin": 0.17296747967479675,
      "op_margin": 0.09369918699186992,
      "fcf_margin": -0.08434959349593496,
      "incr_op_margin_yoy": 0.3584474885844749,
      "rev_growth_yoy": -0.08174692049272117,
      "rev_growth_yoy_accel": -0.08467896602566356,
      "fcf_margin_change": -0.19836507071003642
    },
    {
      "date": "2022-06-30T00:00:00",
      "quarter_label": "2022-06 (Q2)",
      "revenue": 5097000000,
      "gross_profit": 897000000,
      "operating_income": -306000000,
      "net_income": -371000000,
      "opex": 1203000000,
      "cogs": 4200000000,
      "rd": null,
      "sga": 461000000,
      "fcf": 18000000,
      "ocf": 148000000,
      "capex": -130000000,
      "gross_margin": 0.17598587404355504,
      "op_margin": -0.06003531489111242,
      "fcf_margin": 0.003531489111241907,
      "incr_op_margin_yoy": 4.356828193832599,
      "rev_growth_yoy": -0.04263711495116454,
      "rev_growth_yoy_accel": 0.03910980554155663,
      "op_leverage_ratio": 0.017257672576725766,
      "fcf_margin_change": 0.08788108260717686
    },
    {
      "date": "2022-09-30T00:00:00",
      "quarter_label": "2022-09 (Q3)",
      "revenue": 4784000000,
      "gross_profit": 680000000,
      "operating_income": 221000000,
      "net_income": 143000000,
      "opex": 459000000,
      "cogs": 4104000000,
      "rd": null,
      "sga": 446000000,
      "fcf": 373000000,
      "ocf": 490000000,
      "capex": -117000000,
      "gross_margin": 0.14214046822742474,
      "op_margin": 0.04619565217391304,
      "fcf_margin": 0.07796822742474917,
      "incr_op_margin_yoy": 0.47017045454545453,
      "rev_growth_yoy": -0.1282798833819242,
      "rev_growth_yoy_accel": -0.08564276843075966,
      "fcf_margin_change": 0.07443673831350726
    },
    {
      "date": "2022-12-31T00:00:00",
      "quarter_label": "2022-12 (Q4)",
      "revenue": 4923000000,
      "gross_profit": 645000000,
      "operating_income": -1432000000,
      "net_income": -1604000000,
      "opex": 2077000000,
      "cogs": 4278000000,
      "rd": null,
      "sga": 537000000,
      "fcf": 844000000,
      "ocf": 1080000000,
      "capex": -236000000,
      "gross_margin": 0.13101767215112736,
      "op_margin": -0.29087954499289054,
      "fcf_margin": 0.17144017875279302,
      "incr_op_margin_yoy": 2.1591928251121075,
      "rev_growth_yoy": -0.153396388650043,
      "rev_growth_yoy_accel": -0.02511650526811879,
      "op_leverage_ratio": 0.008242478016958052,
      "fcf_margin_change": 0.09347195132804385
    },
    {
      "date": "2023-03-31T00:00:00",
      "quarter_label": "2023-03 (Q1)",
      "revenue": 4649000000,
      "gross_profit": 763000000,
      "operating_income": 43000000,
      "net_income": -179000000,
      "opex": 720000000,
      "cogs": 3886000000,
      "rd": null,
      "sga": 487000000,
      "fcf": -573000000,
      "ocf": -477000000,
      "capex": -96000000,
      "gross_margin": 0.16412131641213165,
      "op_margin": 0.009249300924930093,
      "fcf_margin": -0.12325231232523123,
      "incr_op_margin_yoy": 1.5424354243542435,
      "rev_growth_yoy": -0.05508130081300813,
      "rev_growth_yoy_accel": 0.09831508783703485,
      "fcf_margin_change": -0.29469249107802425
    },
    {
      "date": "2023-06-30T00:00:00",
      "quarter_label": "2023-06 (Q2)",
      "revenue": 4792000000,
      "gross_profit": 816000000,
      "operating_income": 303000000,
      "net_income": 85000000,
      "opex": 513000000,
      "cogs": 3976000000,
      "rd": null,
      "sga": 476000000,
      "fcf": -14000000,
      "ocf": 107000000,
      "capex": -121000000,
      "gross_margin": 0.17028380634390652,
      "op_margin": 0.06323038397328881,
      "fcf_margin": -0.002921535893155259,
      "incr_op_margin_yoy": -1.9967213114754099,
      "rev_growth_yoy": -0.05983912105159898,
      "rev_growth_yoy_accel": -0.004757820238590844,
      "op_leverage_ratio": Infinity,
      "fcf_margin_change": 0.12033077643207597
    },
    {
      "date": "2023-09-30T00:00:00",
      "quarter_label": "2023-09 (Q3)",
      "revenue": 4926000000,
      "gross_profit": 799000000,
      "operating_income": 257000000,
      "net_income": 83000000,
      "opex": 542000000,
      "cogs": 4127000000,
      "rd": null,
      "sga": 473000000,
      "fcf": -73000000,
      "ocf": 48000000,
      "capex": -121000000,
      "gross_margin": 0.16220056841250508,
      "op_margin": 0.05217214778725132,
      "fcf_margin": -0.014819326025172554,
      "incr_op_margin_yoy": 0.2535211267605634,
      "rev_growth_yoy": 0.02968227424749164,
      "rev_growth_yoy_accel": 0.08952139529909062,
      "op_leverage_ratio": 0.4946606412987163,
      "fcf_margin_change": -0.011897790132017295
    },
    {
      "date": "2023-12-31T00:00:00",
      "quarter_label": "2023-12 (Q4)",
      "revenue": 5088000000,
      "gross_profit": 792000000,
      "operating_income": 412000000,
      "net_income": 491000000,
      "opex": 380000000,
      "cogs": 4296000000,
      "rd": null,
      "sga": 557000000,
      "fcf": 1026000000,
      "ocf": 1237000000,
      "capex": -211000000,
      "gross_margin": 0.15566037735849056,
      "op_margin": 0.0809748427672956,
      "fcf_margin": 0.2016509433962264,
      "incr_op_margin_yoy": 11.175757575757576,
      "rev_growth_yoy": 0.03351614868982328,
      "rev_growth_yoy_accel": 0.0038338744423316376,
      "op_leverage_ratio": Infinity,
      "fcf_margin_change": 0.21647026942139896
    },
    {
      "date": "2024-03-31T00:00:00",
      "quarter_label": "2024-03 (Q1)",
      "revenue": 4490000000,
      "gross_profit": 642000000,
      "operating_income": -116000000,
      "net_income": -259000000,
      "opex": 758000000,
      "cogs": 3848000000,
      "rd": null,
      "sga": 477000000,
      "fcf": -988000000,
      "ocf": -873000000,
      "capex": -115000000,
      "gross_margin": 0.14298440979955457,
      "op_margin": -0.025835189309576838,
      "fcf_margin": -0.22004454342984409,
      "incr_op_margin_yoy": 1.0,
      "rev_growth_yoy": -0.03420090342009034,
      "rev_growth_yoy_accel": -0.06771705210991362,
      "fcf_margin_change": -0.4216954868260705
    },
    {
      "date": "2024-06-30T00:00:00",
      "quarter_label": "2024-06 (Q2)",
      "revenue": 3989000000,
      "gross_profit": 626000000,
      "operating_income": 130000000,
      "net_income": 219000000,
      "opex": 496000000,
      "cogs": 3363000000,
      "rd": null,
      "sga": 394000000,
      "fcf": 275000000,
      "ocf": 388000000,
      "capex": -113000000,
      "gross_margin": 0.1569315617949361,
      "op_margin": 0.032589621459012286,
      "fcf_margin": 0.0689395838556029,
      "incr_op_margin_yoy": 0.21544209215442092,
      "rev_growth_yoy": -0.16757095158597662,
      "rev_growth_yoy_accel": -0.13337004816588627,
      "fcf_margin_change": 0.288984127285447
    },
    {
      "date": "2024-09-30T00:00:00",
      "quarter_label": "2024-09 (Q3)",
      "revenue": 3993000000,
      "gross_profit": 643000000,
      "operating_income": 265000000,
      "net_income": 109000000,
      "opex": 378000000,
      "cogs": 3350000000,
      "rd": null,
      "sga": 395000000,
      "fcf": 127000000,
      "ocf": 214000000,
      "capex": -87000000,
      "gross_margin": 0.16103180565990483,
      "op_margin": 0.06636614074630603,
      "fcf_margin": 0.03180565990483346,
      "incr_op_margin_yoy": -0.00857449088960343,
      "rev_growth_yoy": -0.18940316686967112,
      "rev_growth_yoy_accel": -0.0218322152836945,
      "fcf_margin_change": -0.03713392395076945
    },
    {
      "date": "2024-12-31T00:00:00",
      "quarter_label": "2024-12 (Q4)",
      "revenue": 4136000000,
      "gross_profit": 671000000,
      "operating_income": -136000000,
      "net_income": -392000000,
      "opex": 807000000,
      "cogs": 3465000000,
      "rd": null,
      "sga": 418000000,
      "fcf": 970000000,
      "ocf": 1106000000,
      "capex": -136000000,
      "gross_margin": 0.1622340425531915,
      "op_margin": -0.03288201160541586,
      "fcf_margin": 0.23452611218568664,
      "incr_op_margin_yoy": 0.5756302521008403,
      "rev_growth_yoy": -0.1871069182389937,
      "rev_growth_yoy_accel": 0.0022962486306774277,
      "op_leverage_ratio": 0.03155522163786627,
      "fcf_margin_change": 0.20272045228085317
    },
    {
      "date": "2025-03-31T00:00:00",
      "quarter_label": "2025-03 (Q1)",
      "revenue": 3621000000,
      "gross_profit": 607000000,
      "operating_income": 184000000,
      "net_income": 71000000,
      "opex": 423000000,
      "cogs": 3014000000,
      "rd": null,
      "sga": 406000000,
      "fcf": -793000000,
      "ocf": -721000000,
      "capex": -72000000,
      "gross_margin": 0.16763325048329192,
      "op_margin": 0.0508146920740127,
      "fcf_margin": -0.21900027616680476,
      "incr_op_margin_yoy": -0.34522439585730724,
      "rev_growth_yoy": -0.1935412026726058,
      "rev_growth_yoy_accel": -0.006434284433612103,
      "fcf_margin_change": -0.45352638835249137
    },
    {
      "date": "2025-06-30T00:00:00",
      "quarter_label": "2025-06 (Q2)",
      "revenue": 3773000000,
      "gross_profit": 610000000,
      "operating_income": 204000000,
      "net_income": 65000000,
      "opex": 406000000,
      "cogs": 3162000000,
      "rd": null,
      "sga": 397000000,
      "fcf": -63000000,
      "ocf": 19000000,
      "capex": -82000000,
      "gross_margin": 0.1616750596342433,
      "op_margin": 0.05406838059899284,
      "fcf_margin": -0.016697588126159554,
      "incr_op_margin_yoy": -0.3425925925925926,
      "rev_growth_yoy": -0.0541489095011281,
      "rev_growth_yoy_accel": 0.1393922931714777,
      "op_leverage_ratio": Infinity,
      "fcf_margin_change": 0.20230268804064522
    },
    {
      "date": "2025-09-30T00:00:00",
      "quarter_label": "2025-09 (Q3)",
      "revenue": 4033000000,
      "gross_profit": 594000000,
      "operating_income": 206000000,
      "net_income": 73000000,
      "opex": 388000000,
      "cogs": 3439000000,
      "rd": null,
      "sga": 405000000,
      "fcf": -52000000,
      "ocf": 33000000,
      "capex": -85000000,
      "gross_margin": 0.14728489957847757,
      "op_margin": 0.051078601537317136,
      "fcf_margin": -0.012893627572526656,
      "incr_op_margin_yoy": -1.475,
      "rev_growth_yoy": 0.010017530678687703,
      "rev_growth_yoy_accel": 0.0641664401798158,
      "op_leverage_ratio": Infinity,
      "fcf_margin_change": 0.0038039605536328985
    }
  ],
  "signals": [
    {
      "quarter": "2025-09 (Q3)",
      "signal": "YoY REVENUE GROWTH ACCELERATION",
      "detail": "YoY growth: +1.0% vs prior quarter YoY: -5.4% (accel: +6.4%)",
      "severity": "MEDIUM"
    },
    {
      "quarter": "2025-06 (Q2)",
      "signal": "FCF MARGIN EXPANSION",
      "detail": "FCF margin: -21.9% -> -1.7% (+20.2%)",
      "severity": "MEDIUM"
    },
    {
      "quarter": "2025-06 (Q2)",
      "signal": "YoY REVENUE GROWTH ACCELERATION",
      "detail": "YoY growth: -5.4% vs prior quarter YoY: -19.4% (accel: +13.9%)",
      "severity": "MEDIUM"
    },
    {
      "quarter": "2025-03 (Q1)",
      "signal": "OP MARGIN TURNED POSITIVE (YoY)",
      "detail": "Op margin: -2.6% (year-ago) -> +5.1%",
      "severity": "HIGH"
    },
    {
      "quarter": "2025-03 (Q1)",
      "signal": "OP MARGIN TURNED POSITIVE (QoQ)",
      "detail": "Op margin: -3.3% -> +5.1%",
      "severity": "HIGH"
    },
    {
      "quarter": "2024-12 (Q4)",
      "signal": "FCF MARGIN EXPANSION",
      "detail": "FCF margin: +3.2% -> +23.5% (+20.3%)",
      "severity": "MEDIUM"
    },
    {
      "quarter": "2024-06 (Q2)",
      "signal": "FCF TURNED POSITIVE",
      "detail": "FCF margin: -22.0% -> +6.9%",
      "severity": "HIGH"
    },
    {
      "quarter": "2024-06 (Q2)",
      "signal": "YoY REVENUE GROWTH DECELERATION",
      "detail": "YoY growth: -16.8% vs prior quarter YoY: -3.4% (decel: -13.3%)",
      "severity": "WARNING"
    },
    {
      "quarter": "2024-06 (Q2)",
      "signal": "INCREMENTAL MARGIN (YoY)",
      "detail": "YoY Incr OPM: +21.5% vs year-ago OPM: +6.3%",
      "severity": "MEDIUM"
    },
    {
      "quarter": "2024-06 (Q2)",
      "signal": "OP MARGIN TURNED POSITIVE (QoQ)",
      "detail": "Op margin: -2.6% -> +3.3%",
      "severity": "HIGH"
    },
    {
      "quarter": "2024-03 (Q1)",
      "signal": "YoY REVENUE GROWTH DECELERATION",
      "detail": "YoY growth: -3.4% vs prior quarter YoY: +3.4% (decel: -6.8%)",
      "severity": "WARNING"
    },
    {
      "quarter": "2023-12 (Q4)",
      "signal": "FCF TURNED POSITIVE",
      "detail": "FCF margin: -1.5% -> +20.2%",
      "severity": "HIGH"
    },
    {
      "quarter": "2023-12 (Q4)",
      "signal": "OP MARGIN TURNED POSITIVE (YoY)",
      "detail": "Op margin: -29.1% (year-ago) -> +8.1%",
      "severity": "HIGH"
    },
    {
      "quarter": "2023-09 (Q3)",
      "signal": "YoY REVENUE GROWTH ACCELERATION",
      "detail": "YoY growth: +3.0% vs prior quarter YoY: -6.0% (accel: +9.0%)",
      "severity": "MEDIUM"
    },
    {
      "quarter": "2023-09 (Q3)",
      "signal": "INCREMENTAL MARGIN (YoY)",
      "detail": "YoY Incr OPM: +25.4% vs year-ago OPM: +4.6%",
      "severity": "HIGH"
    },
    {
      "quarter": "2023-06 (Q2)",
      "signal": "FCF MARGIN EXPANSION",
      "detail": "FCF margin: -12.3% -> -0.3% (+12.0%)",
      "severity": "MEDIUM"
    },
    {
      "quarter": "2023-06 (Q2)",
      "signal": "OP MARGIN TURNED POSITIVE (YoY)",
      "detail": "Op margin: -6.0% (year-ago) -> +6.3%",
      "severity": "HIGH"
    },
    {
      "quarter": "2023-03 (Q1)",
      "signal": "GROSS MARGIN INFLECTION",
      "detail": "GM: +14.2% -> +13.1% -> +16.4% (reversal +3.3%)",
      "severity": "MEDIUM"
    },
    {
      "quarter": "2023-03 (Q1)",
      "signal": "YoY REVENUE GROWTH ACCELERATION",
      "detail": "YoY growth: -5.5% vs prior quarter YoY: -15.3% (accel: +9.8%)",
      "severity": "MEDIUM"
    },
    {
      "quarter": "2023-03 (Q1)",
      "signal": "INCREMENTAL MARGIN (YoY)",
      "detail": "YoY Incr OPM: +154.2% vs year-ago OPM: +9.4%",
      "severity": "HIGH"
    },
    {
      "quarter": "2023-03 (Q1)",
      "signal": "OP MARGIN TURNED POSITIVE (QoQ)",
      "detail": "Op margin: -29.1% -> +0.9%",
      "severity": "HIGH"
    },
    {
      "quarter": "2022-12 (Q4)",
      "signal": "FCF MARGIN EXPANSION",
      "detail": "FCF margin: +7.8% -> +17.1% (+9.3%)",
      "severity": "MEDIUM"
    },
    {
      "quarter": "2022-09 (Q3)",
      "signal": "FCF MARGIN EXPANSION",
      "detail": "FCF margin: +0.4% -> +7.8% (+7.4%)",
      "severity": "MEDIUM"
    },
    {
      "quarter": "2022-09 (Q3)",
      "signal": "YoY REVENUE GROWTH DECELERATION",
      "detail": "YoY growth: -12.8% vs prior quarter YoY: -4.3% (decel: -8.6%)",
      "severity": "WARNING"
    },
    {
      "quarter": "2022-09 (Q3)",
      "signal": "INCREMENTAL MARGIN (YoY)",
      "detail": "YoY Incr OPM: +47.0% vs year-ago OPM: +10.1%",
      "severity": "HIGH"
    },
    {
      "quarter": "2022-09 (Q3)",
      "signal": "OP MARGIN TURNED POSITIVE (QoQ)",
      "detail": "Op margin: -6.0% -> +4.6%",
      "severity": "HIGH"
    },
    {
      "quarter": "2022-06 (Q2)",
      "signal": "FCF TURNED POSITIVE",
      "detail": "FCF margin: -8.4% -> +0.4%",
      "severity": "HIGH"
    },
    {
      "quarter": "2022-03 (Q1)",
      "signal": "YoY REVENUE GROWTH DECELERATION",
      "detail": "YoY growth: -8.2% vs prior quarter YoY: +0.3% (decel: -8.5%)",
      "severity": "WARNING"
    },
    {
      "quarter": "2022-03 (Q1)",
      "signal": "INCREMENTAL MARGIN (YoY)",
      "detail": "YoY Incr OPM: +35.8% vs year-ago OPM: +11.5%",
      "severity": "HIGH"
    },
    {
      "quarter": "2021-12 (Q4)",
      "signal": "OPERATING LEVERAGE",
      "detail": "Rev growth +6.0% vs OpEx growth +2.2% (leverage: 2.8x)",
      "severity": "MEDIUM"
    }
  ],
  "data_quality": {
    "n_quarters": 20,
    "coverage": {
      "revenue": [
        20,
        20
      ],
      "gross_profit": [
        20,
        20
      ],
      "op_income": [
        20,
        20
      ],
      "fcf": [
        20,
        20
      ]
    },
    "gaps": [],
    "warnings": []
  },
  "market_cap": null,
  "source": "SEC EDGAR",
  "last_updated": "2026-02-02T21:07:18.239431"
}