{
  "ticker": "WHWK",
  "name": "WHITEHAWK THERAPEUTICS, INC.",
  "quarters": [
    {
      "date": "2020-12-31T00:00:00",
      "quarter_label": "2020-12 (Q4)",
      "revenue": 0,
      "gross_profit": null,
      "operating_income": -5636622,
      "net_income": -4717669,
      "opex": 5636622,
      "cogs": null,
      "rd": 3231221,
      "sga": null,
      "fcf": -3275000,
      "ocf": -3275000,
      "capex": null,
      "gross_margin": null,
      "op_margin": null,
      "fcf_margin": null
    },
    {
      "date": "2021-03-31T00:00:00",
      "quarter_label": "2021-03 (Q1)",
      "revenue": 120000,
      "gross_profit": null,
      "operating_income": -5602863,
      "net_income": -4441739,
      "opex": 5602863,
      "cogs": null,
      "rd": 2228002,
      "sga": 563000,
      "fcf": 10563000,
      "ocf": 10563000,
      "capex": null,
      "gross_margin": null,
      "op_margin": -46.690525,
      "fcf_margin": 88.025
    },
    {
      "date": "2021-06-30T00:00:00",
      "quarter_label": "2021-06 (Q2)",
      "revenue": 0,
      "gross_profit": 0,
      "operating_income": -4771361,
      "net_income": -4407935,
      "opex": 4771361,
      "cogs": 0,
      "rd": 719637,
      "sga": 830000,
      "fcf": -3185000,
      "ocf": -3185000,
      "capex": null,
      "gross_margin": null,
      "op_margin": null,
      "fcf_margin": null
    },
    {
      "date": "2021-09-30T00:00:00",
      "quarter_label": "2021-09 (Q3)",
      "revenue": 0,
      "gross_profit": 0,
      "operating_income": -87311000,
      "net_income": -87088000,
      "opex": 87311000,
      "cogs": 0,
      "rd": 5754000,
      "sga": 7401000,
      "fcf": -17373000,
      "ocf": -17373000,
      "capex": null,
      "gross_margin": null,
      "op_margin": null,
      "fcf_margin": null
    },
    {
      "date": "2021-12-31T00:00:00",
      "quarter_label": "2021-12 (Q4)",
      "revenue": 1000000,
      "gross_profit": 1000000,
      "operating_income": -15945000,
      "net_income": -15990000,
      "opex": 16945000,
      "cogs": 0,
      "rd": 7227000,
      "sga": 9718000,
      "fcf": -12474000,
      "ocf": -12428000,
      "capex": -46000,
      "gross_margin": 1.0,
      "op_margin": -15.945,
      "fcf_margin": -12.474
    },
    {
      "date": "2022-03-31T00:00:00",
      "quarter_label": "2022-03 (Q1)",
      "revenue": 2307000,
      "gross_profit": 2128000,
      "operating_income": -13814000,
      "net_income": -13857000,
      "opex": 16121000,
      "cogs": 179000,
      "rd": 6794000,
      "sga": 9148000,
      "fcf": -19438000,
      "ocf": -19415000,
      "capex": -23000,
      "gross_margin": 0.9224100563502384,
      "op_margin": -5.987863025574339,
      "fcf_margin": -8.425661031642827,
      "incr_op_margin_yoy": -3.754520804755373,
      "rev_growth_yoy": 18.225,
      "op_leverage_ratio": Infinity,
      "fcf_margin_change": 4.048338968357173
    },
    {
      "date": "2022-06-30T00:00:00",
      "quarter_label": "2022-06 (Q2)",
      "revenue": 3437000,
      "gross_profit": 3096000,
      "operating_income": -18360000,
      "net_income": -18269000,
      "opex": 21797000,
      "cogs": 341000,
      "rd": 7726000,
      "sga": 10006000,
      "fcf": -10961000,
      "ocf": -10720000,
      "capex": -241000,
      "gross_margin": 0.9007855688100087,
      "op_margin": -5.3418679080593545,
      "fcf_margin": -3.1891184172243237,
      "incr_op_margin_yoy": -3.953633692173407,
      "op_leverage_ratio": 1.3911707573817835,
      "fcf_margin_change": 5.236542614418504
    },
    {
      "date": "2022-09-30T00:00:00",
      "quarter_label": "2022-09 (Q3)",
      "revenue": 4245000,
      "gross_profit": 3652000,
      "operating_income": -15036000,
      "net_income": -14474000,
      "opex": 19281000,
      "cogs": 593000,
      "rd": 8773000,
      "sga": 9915000,
      "fcf": -8297000,
      "ocf": -8195000,
      "capex": -102000,
      "gross_margin": 0.8603062426383982,
      "op_margin": -3.5420494699646645,
      "fcf_margin": -1.9545347467608951,
      "incr_op_margin_yoy": 17.025912838633687,
      "op_leverage_ratio": Infinity,
      "fcf_margin_change": 1.2345836704634285
    },
    {
      "date": "2022-12-31T00:00:00",
      "quarter_label": "2022-12 (Q4)",
      "revenue": 5227000,
      "gross_profit": 5005000,
      "operating_income": -15472000,
      "net_income": -13913000,
      "opex": 20699000,
      "cogs": 222000,
      "rd": 9370000,
      "sga": 11107000,
      "fcf": -11388000,
      "ocf": -11310000,
      "capex": -78000,
      "gross_margin": 0.9575282188635929,
      "op_margin": -2.9600153051463556,
      "fcf_margin": -2.178687583700019,
      "incr_op_margin_yoy": 0.11189969245327655,
      "rev_growth_yoy": 4.227,
      "op_leverage_ratio": 3.145481367775247,
      "fcf_margin_change": -0.2241528369391239
    },
    {
      "date": "2023-03-31T00:00:00",
      "quarter_label": "2023-03 (Q1)",
      "revenue": 5867000,
      "gross_profit": 5338000,
      "operating_income": -16825000,
      "net_income": -15223000,
      "opex": 22692000,
      "cogs": 529000,
      "rd": 10956000,
      "sga": 11207000,
      "fcf": -22679000,
      "ocf": -21310000,
      "capex": -1369000,
      "gross_margin": 0.9098346684847451,
      "op_margin": -2.867734787796148,
      "fcf_margin": -3.865519004602011,
      "incr_op_margin_yoy": -0.8457865168539326,
      "rev_growth_yoy": 1.5431296055483312,
      "rev_growth_yoy_accel": -2.6838703944516693,
      "op_leverage_ratio": 1.2716556925708318,
      "fcf_margin_change": -1.6868314209019921
    },
    {
      "date": "2023-06-30T00:00:00",
      "quarter_label": "2023-06 (Q2)",
      "revenue": 6202000,
      "gross_profit": 5546000,
      "operating_income": -19545000,
      "net_income": -17971000,
      "opex": 25747000,
      "cogs": 656000,
      "rd": 13315000,
      "sga": 11776000,
      "fcf": -17447000,
      "ocf": -16758000,
      "capex": -689000,
      "gross_margin": 0.8942276684940342,
      "op_margin": -3.151402773298936,
      "fcf_margin": -2.813124798452112,
      "incr_op_margin_yoy": -0.42857142857142855,
      "rev_growth_yoy": 0.8044806517311609,
      "rev_growth_yoy_accel": -0.7386489538171703,
      "op_leverage_ratio": 0.42412149064213084,
      "fcf_margin_change": 1.052394206149899
    },
    {
      "date": "2023-09-30T00:00:00",
      "quarter_label": "2023-09 (Q3)",
      "revenue": 5959000,
      "gross_profit": 5262000,
      "operating_income": -17849000,
      "net_income": -16302000,
      "opex": 23808000,
      "cogs": 697000,
      "rd": 11890000,
      "sga": 11221000,
      "fcf": -13049000,
      "ocf": -11951000,
      "capex": -1098000,
      "gross_margin": 0.8830340661184762,
      "op_margin": -2.995301225037758,
      "fcf_margin": -2.1897969457962745,
      "incr_op_margin_yoy": -1.6411901983663943,
      "rev_growth_yoy": 0.4037691401648999,
      "rev_growth_yoy_accel": -0.400711511566261,
      "fcf_margin_change": 0.6233278526558377
    },
    {
      "date": "2023-12-31T00:00:00",
      "quarter_label": "2023-12 (Q4)",
      "revenue": 6326000,
      "gross_profit": 5399000,
      "operating_income": -17714000,
      "net_income": -16269000,
      "opex": 24040000,
      "cogs": 927000,
      "rd": 12768000,
      "sga": 10345000,
      "fcf": -10460000,
      "ocf": -9644000,
      "capex": -816000,
      "gross_margin": 0.8534619032564021,
      "op_margin": -2.8001896933291177,
      "fcf_margin": -1.6534935188112552,
      "incr_op_margin_yoy": -2.040036396724295,
      "rev_growth_yoy": 0.21025444805815954,
      "rev_growth_yoy_accel": -0.19351469210674035,
      "op_leverage_ratio": 6.320153230986453,
      "fcf_margin_change": 0.5363034269850193
    },
    {
      "date": "2024-03-31T00:00:00",
      "quarter_label": "2024-03 (Q1)",
      "revenue": 5353000,
      "gross_profit": 4701000,
      "operating_income": -19512000,
      "net_income": -18289000,
      "opex": 24865000,
      "cogs": 652000,
      "rd": 13593000,
      "sga": 10620000,
      "fcf": -20392000,
      "ocf": -19653000,
      "capex": -739000,
      "gross_margin": 0.8781991406687839,
      "op_margin": -3.6450588455071924,
      "fcf_margin": -3.8094526433775453,
      "rev_growth_yoy": -0.08760865859894325,
      "rev_growth_yoy_accel": -0.2978631066571028,
      "fcf_margin_change": -2.15595912456629
    },
    {
      "date": "2024-06-30T00:00:00",
      "quarter_label": "2024-06 (Q2)",
      "revenue": 6179000,
      "gross_profit": 5401000,
      "operating_income": -15584000,
      "net_income": -14583000,
      "opex": 21763000,
      "cogs": 778000,
      "rd": 13093000,
      "sga": 7892000,
      "fcf": -9698000,
      "ocf": -9157000,
      "capex": -541000,
      "gross_margin": 0.8740896585207962,
      "op_margin": -2.5220909532286777,
      "fcf_margin": -1.569509629389869,
      "rev_growth_yoy": -0.003708481135117704,
      "rev_growth_yoy_accel": 0.08390017746382554,
      "op_leverage_ratio": Infinity,
      "fcf_margin_change": 2.239943013987676
    },
    {
      "date": "2024-09-30T00:00:00",
      "quarter_label": "2024-09 (Q3)",
      "revenue": 7212000,
      "gross_profit": 6408000,
      "operating_income": -13413000,
      "net_income": -12546000,
      "opex": 20625000,
      "cogs": 804000,
      "rd": 9997000,
      "sga": 7186000,
      "fcf": -15875000,
      "ocf": -15687000,
      "capex": -188000,
      "gross_margin": 0.8885191347753744,
      "op_margin": -1.8598169717138102,
      "fcf_margin": -2.2011924570160843,
      "incr_op_margin_yoy": 3.5403032721468475,
      "rev_growth_yoy": 0.21027017956032892,
      "rev_growth_yoy_accel": 0.21397866069544663,
      "op_leverage_ratio": Infinity,
      "fcf_margin_change": -0.6316828276262154
    },
    {
      "date": "2024-12-31T00:00:00",
      "quarter_label": "2024-12 (Q4)",
      "revenue": 7239000,
      "gross_profit": 6449000,
      "operating_income": -18949000,
      "net_income": -18273000,
      "opex": 26188000,
      "cogs": 790000,
      "rd": 14347000,
      "sga": 11051000,
      "fcf": -15239000,
      "ocf": -15053000,
      "capex": -186000,
      "gross_margin": 0.8908689045448266,
      "op_margin": -2.6176267440254177,
      "fcf_margin": -2.1051250172675786,
      "rev_growth_yoy": 0.14432500790388872,
      "rev_growth_yoy_accel": -0.0659451716564402,
      "fcf_margin_change": 0.09606743974850573
    },
    {
      "date": "2025-03-31T00:00:00",
      "quarter_label": "2025-03 (Q1)",
      "revenue": 7145000,
      "gross_profit": 6385000,
      "operating_income": -15218000,
      "net_income": 73016000,
      "opex": 22363000,
      "cogs": 760000,
      "rd": 8788000,
      "sga": 12815000,
      "fcf": -12415000,
      "ocf": -11864000,
      "capex": -551000,
      "gross_margin": 0.893631910426872,
      "op_margin": -2.1298810356892934,
      "fcf_margin": -1.7375787263820854,
      "incr_op_margin_yoy": 2.396205357142857,
      "rev_growth_yoy": 0.3347655520269008,
      "rev_growth_yoy_accel": 0.19044054412301206,
      "fcf_margin_change": 0.3675462908854932
    },
    {
      "date": "2025-06-30T00:00:00",
      "quarter_label": "2025-06 (Q2)",
      "revenue": 0,
      "gross_profit": 0,
      "operating_income": -54749000,
      "net_income": -52615000,
      "opex": 54749000,
      "cogs": 0,
      "rd": 48809000,
      "sga": 5940000,
      "fcf": -52958000,
      "ocf": -52957000,
      "capex": -1000,
      "gross_margin": null,
      "op_margin": null,
      "fcf_margin": null,
      "incr_op_margin_yoy": 6.3384042725360095,
      "rev_growth_yoy": -1.0,
      "rev_growth_yoy_accel": -1.3347655520269008
    },
    {
      "date": "2025-09-30T00:00:00",
      "quarter_label": "2025-09 (Q3)",
      "revenue": 0,
      "gross_profit": 0,
      "operating_income": -19546000,
      "net_income": -17746000,
      "opex": 19546000,
      "cogs": 0,
      "rd": 14345000,
      "sga": 5201000,
      "fcf": -15378000,
      "ocf": -15378000,
      "capex": null,
      "gross_margin": null,
      "op_margin": null,
      "fcf_margin": null,
      "incr_op_margin_yoy": 0.8503882418191903,
      "rev_growth_yoy": -1.0,
      "rev_growth_yoy_accel": 0.0
    }
  ],
  "signals": [
    {
      "quarter": "2025-06 (Q2)",
      "signal": "YoY REVENUE GROWTH DECELERATION",
      "detail": "YoY growth: -100.0% vs prior quarter YoY: +33.5% (decel: -133.5%)",
      "severity": "WARNING"
    },
    {
      "quarter": "2025-03 (Q1)",
      "signal": "FCF MARGIN EXPANSION",
      "detail": "FCF margin: -210.5% -> -173.8% (+36.8%)",
      "severity": "MEDIUM"
    },
    {
      "quarter": "2025-03 (Q1)",
      "signal": "YoY REVENUE GROWTH ACCELERATION",
      "detail": "YoY growth: +33.5% vs prior quarter YoY: +14.4% (accel: +19.0%)",
      "severity": "HIGH"
    },
    {
      "quarter": "2024-12 (Q4)",
      "signal": "FCF MARGIN EXPANSION",
      "detail": "FCF margin: -220.1% -> -210.5% (+9.6%)",
      "severity": "MEDIUM"
    },
    {
      "quarter": "2024-12 (Q4)",
      "signal": "YoY REVENUE GROWTH DECELERATION",
      "detail": "YoY growth: +14.4% vs prior quarter YoY: +21.0% (decel: -6.6%)",
      "severity": "WARNING"
    },
    {
      "quarter": "2024-09 (Q3)",
      "signal": "YoY REVENUE GROWTH ACCELERATION",
      "detail": "YoY growth: +21.0% vs prior quarter YoY: -0.4% (accel: +21.4%)",
      "severity": "HIGH"
    },
    {
      "quarter": "2024-06 (Q2)",
      "signal": "FCF MARGIN EXPANSION",
      "detail": "FCF margin: -380.9% -> -157.0% (+224.0%)",
      "severity": "MEDIUM"
    },
    {
      "quarter": "2024-06 (Q2)",
      "signal": "YoY REVENUE GROWTH ACCELERATION",
      "detail": "YoY growth: -0.4% vs prior quarter YoY: -8.8% (accel: +8.4%)",
      "severity": "MEDIUM"
    },
    {
      "quarter": "2024-03 (Q1)",
      "signal": "GROSS MARGIN INFLECTION",
      "detail": "GM: +88.3% -> +85.3% -> +87.8% (reversal +2.5%)",
      "severity": "MEDIUM"
    },
    {
      "quarter": "2024-03 (Q1)",
      "signal": "YoY REVENUE GROWTH DECELERATION",
      "detail": "YoY growth: -8.8% vs prior quarter YoY: +21.0% (decel: -29.8%)",
      "severity": "WARNING"
    },
    {
      "quarter": "2023-12 (Q4)",
      "signal": "FCF MARGIN EXPANSION",
      "detail": "FCF margin: -219.0% -> -165.3% (+53.6%)",
      "severity": "MEDIUM"
    },
    {
      "quarter": "2023-12 (Q4)",
      "signal": "OPERATING LEVERAGE",
      "detail": "Rev growth +6.2% vs OpEx growth +1.0% (leverage: 6.3x)",
      "severity": "MEDIUM"
    },
    {
      "quarter": "2023-12 (Q4)",
      "signal": "YoY REVENUE GROWTH DECELERATION",
      "detail": "YoY growth: +21.0% vs prior quarter YoY: +40.4% (decel: -19.4%)",
      "severity": "WARNING"
    },
    {
      "quarter": "2023-09 (Q3)",
      "signal": "FCF MARGIN EXPANSION",
      "detail": "FCF margin: -281.3% -> -219.0% (+62.3%)",
      "severity": "MEDIUM"
    },
    {
      "quarter": "2023-09 (Q3)",
      "signal": "YoY REVENUE GROWTH DECELERATION",
      "detail": "YoY growth: +40.4% vs prior quarter YoY: +80.4% (decel: -40.1%)",
      "severity": "WARNING"
    },
    {
      "quarter": "2023-06 (Q2)",
      "signal": "FCF MARGIN EXPANSION",
      "detail": "FCF margin: -386.6% -> -281.3% (+105.2%)",
      "severity": "MEDIUM"
    },
    {
      "quarter": "2023-06 (Q2)",
      "signal": "YoY REVENUE GROWTH DECELERATION",
      "detail": "YoY growth: +80.4% vs prior quarter YoY: +154.3% (decel: -73.9%)",
      "severity": "WARNING"
    },
    {
      "quarter": "2023-03 (Q1)",
      "signal": "YoY REVENUE GROWTH DECELERATION",
      "detail": "YoY growth: +154.3% vs prior quarter YoY: +422.7% (decel: -268.4%)",
      "severity": "WARNING"
    },
    {
      "quarter": "2022-12 (Q4)",
      "signal": "OPERATING LEVERAGE",
      "detail": "Rev growth +23.1% vs OpEx growth +7.4% (leverage: 3.1x)",
      "severity": "MEDIUM"
    },
    {
      "quarter": "2022-12 (Q4)",
      "signal": "GROSS MARGIN INFLECTION",
      "detail": "GM: +90.1% -> +86.0% -> +95.8% (reversal +9.7%)",
      "severity": "HIGH"
    },
    {
      "quarter": "2022-09 (Q3)",
      "signal": "FCF MARGIN EXPANSION",
      "detail": "FCF margin: -318.9% -> -195.5% (+123.5%)",
      "severity": "MEDIUM"
    },
    {
      "quarter": "2022-06 (Q2)",
      "signal": "FCF MARGIN EXPANSION",
      "detail": "FCF margin: -842.6% -> -318.9% (+523.7%)",
      "severity": "MEDIUM"
    },
    {
      "quarter": "2022-03 (Q1)",
      "signal": "FCF MARGIN EXPANSION",
      "detail": "FCF margin: -1247.4% -> -842.6% (+404.8%)",
      "severity": "MEDIUM"
    }
  ],
  "data_quality": {
    "n_quarters": 20,
    "coverage": {
      "revenue": [
        20,
        20
      ],
      "gross_profit": [
        18,
        20
      ],
      "op_income": [
        20,
        20
      ],
      "fcf": [
        20,
        20
      ]
    },
    "gaps": [],
    "warnings": []
  },
  "market_cap": null,
  "source": "SEC EDGAR",
  "last_updated": "2026-02-02T23:14:08.844466"
}