{
  "ticker": "WING",
  "name": "WINGSTOP INC.",
  "quarters": [
    {
      "date": "2020-12-26T00:00:00",
      "quarter_label": "2020-12 (Q4)",
      "revenue": 63282000,
      "gross_profit": 51066000,
      "operating_income": 10081000,
      "net_income": -6410000,
      "opex": 40985000,
      "cogs": 12216000,
      "rd": null,
      "sga": 24199000,
      "fcf": 16428000,
      "ocf": 18751000,
      "capex": -2323000,
      "gross_margin": 0.8069593249265193,
      "op_margin": 0.1593028033248001,
      "fcf_margin": 0.25959988622357066
    },
    {
      "date": "2021-03-27T00:00:00",
      "quarter_label": "2021-03 (Q1)",
      "revenue": 70690000,
      "gross_profit": 57411000,
      "operating_income": 19803000,
      "net_income": 13160000,
      "opex": 37608000,
      "cogs": 13279000,
      "rd": null,
      "sga": 13786000,
      "fcf": 10947000,
      "ocf": 13788000,
      "capex": -2841000,
      "gross_margin": 0.8121516480407412,
      "op_margin": 0.2801386334700806,
      "fcf_margin": 0.1548592445890508,
      "op_leverage_ratio": Infinity,
      "fcf_margin_change": -0.10474064163451988
    },
    {
      "date": "2021-06-26T00:00:00",
      "quarter_label": "2021-06 (Q2)",
      "revenue": 74000000,
      "gross_profit": 59793000,
      "operating_income": 18903000,
      "net_income": 11312000,
      "opex": 40890000,
      "cogs": 14207000,
      "rd": null,
      "sga": 16066000,
      "fcf": 12407000,
      "ocf": 17824000,
      "capex": -5417000,
      "gross_margin": 0.8080135135135135,
      "op_margin": 0.25544594594594594,
      "fcf_margin": 0.16766216216216215,
      "op_leverage_ratio": 0.5365518215200751,
      "fcf_margin_change": 0.012802917573111361
    },
    {
      "date": "2021-09-25T00:00:00",
      "quarter_label": "2021-09 (Q3)",
      "revenue": 65784000,
      "gross_profit": 50578000,
      "operating_income": 20832000,
      "net_income": 11290000,
      "opex": 29746000,
      "cogs": 15206000,
      "rd": null,
      "sga": 15020000,
      "fcf": 14148000,
      "ocf": 22433000,
      "capex": -8285000,
      "gross_margin": 0.7688495682840812,
      "op_margin": 0.3166727471725648,
      "fcf_margin": 0.2150674936154688,
      "fcf_margin_change": 0.047405331453306665
    },
    {
      "date": "2021-12-25T00:00:00",
      "quarter_label": "2021-12 (Q4)",
      "revenue": 72028000,
      "gross_profit": 57304000,
      "operating_income": 14218000,
      "net_income": 6896000,
      "opex": 43086000,
      "cogs": 14724000,
      "rd": null,
      "sga": 18023000,
      "fcf": -16645000,
      "ocf": -5167000,
      "capex": -11478000,
      "gross_margin": 0.7955794968623313,
      "op_margin": 0.1973954573221525,
      "fcf_margin": -0.23109068695507304,
      "incr_op_margin_yoy": 0.4730162359935971,
      "rev_growth_yoy": 0.13820675705571886,
      "op_leverage_ratio": 0.21164858103600515,
      "fcf_margin_change": -0.44615818057054185
    },
    {
      "date": "2022-03-26T00:00:00",
      "quarter_label": "2022-03 (Q1)",
      "revenue": 76205000,
      "gross_profit": 60531000,
      "operating_income": 16607000,
      "net_income": 8676000,
      "opex": 43924000,
      "cogs": 15674000,
      "rd": null,
      "sga": 18086000,
      "fcf": 14073000,
      "ocf": 20366000,
      "capex": -6293000,
      "gross_margin": 0.7943179581392297,
      "op_margin": 0.21792533298340003,
      "fcf_margin": 0.1846729217242963,
      "incr_op_margin_yoy": -0.5795104261106074,
      "rev_growth_yoy": 0.0780166926014995,
      "rev_growth_yoy_accel": -0.06019006445421936,
      "op_leverage_ratio": 2.981640493030223,
      "fcf_margin_change": 0.41576360867936935
    },
    {
      "date": "2022-06-25T00:00:00",
      "quarter_label": "2022-06 (Q2)",
      "revenue": 83777000,
      "gross_profit": 68878000,
      "operating_income": 22374000,
      "net_income": 13307000,
      "opex": 46504000,
      "cogs": 14899000,
      "rd": null,
      "sga": 13949000,
      "fcf": 2696000,
      "ocf": 9098000,
      "capex": -6402000,
      "gross_margin": 0.8221588264082027,
      "op_margin": 0.26706613987132505,
      "fcf_margin": 0.032180670112322,
      "incr_op_margin_yoy": 0.35501687634243634,
      "rev_growth_yoy": 0.1321216216216216,
      "rev_growth_yoy_accel": 0.05410492902012211,
      "op_leverage_ratio": 1.691645332434086,
      "fcf_margin_change": -0.1524922516119743
    },
    {
      "date": "2022-09-24T00:00:00",
      "quarter_label": "2022-09 (Q3)",
      "revenue": 92672000,
      "gross_profit": 76948000,
      "operating_income": 24081000,
      "net_income": 13368000,
      "opex": 52867000,
      "cogs": 15724000,
      "rd": null,
      "sga": 16686000,
      "fcf": 17428000,
      "ocf": 23694000,
      "capex": -6266000,
      "gross_margin": 0.8303263121546961,
      "op_margin": 0.2598519509668508,
      "fcf_margin": 0.18806111878453038,
      "incr_op_margin_yoy": 0.12083457304373699,
      "rev_growth_yoy": 0.4087316064696583,
      "rev_growth_yoy_accel": 0.27660998484803667,
      "op_leverage_ratio": 0.7759782251682426,
      "fcf_margin_change": 0.15588044867220838
    },
    {
      "date": "2022-12-31T00:00:00",
      "quarter_label": "2022-12 (Q4)",
      "revenue": 104867000,
      "gross_profit": 87769000,
      "operating_income": 28871000,
      "net_income": 17596000,
      "opex": 58898000,
      "cogs": 17098000,
      "rd": null,
      "sga": 18340000,
      "fcf": 18101000,
      "ocf": 23080000,
      "capex": -4979000,
      "gross_margin": 0.836955381578571,
      "op_margin": 0.2753106315618831,
      "fcf_margin": 0.17260911440205212,
      "incr_op_margin_yoy": 0.44620725357044977,
      "rev_growth_yoy": 0.455919920031099,
      "rev_growth_yoy_accel": 0.04718831356144071,
      "op_leverage_ratio": 1.153529238051032,
      "fcf_margin_change": -0.015452004382478263
    },
    {
      "date": "2023-04-01T00:00:00",
      "quarter_label": "2023-04 (Q2)",
      "revenue": 108721000,
      "gross_profit": 92026000,
      "operating_income": 25672000,
      "net_income": 15669000,
      "opex": 66354000,
      "cogs": 16695000,
      "rd": null,
      "sga": 23645000,
      "fcf": 31379000,
      "ocf": 35698000,
      "capex": -4319000,
      "gross_margin": 0.8464418097699616,
      "op_margin": 0.23612733510545342,
      "fcf_margin": 0.2886194939340146,
      "incr_op_margin_yoy": 0.2787858285151925,
      "rev_growth_yoy": 0.4266911619972443,
      "rev_growth_yoy_accel": -0.029228758033854718,
      "op_leverage_ratio": 0.29031368918512807,
      "fcf_margin_change": 0.11601037953196247
    },
    {
      "date": "2023-07-01T00:00:00",
      "quarter_label": "2023-07 (Q3)",
      "revenue": 107173000,
      "gross_profit": 90531000,
      "operating_income": 26456000,
      "net_income": 16181000,
      "opex": 64075000,
      "cogs": 16642000,
      "rd": null,
      "sga": 22128000,
      "fcf": -414000,
      "ocf": 12269000,
      "capex": -12683000,
      "gross_margin": 0.8447183525701436,
      "op_margin": 0.24685321862782603,
      "fcf_margin": -0.0038629132337435735,
      "incr_op_margin_yoy": 0.17447426910583005,
      "rev_growth_yoy": 0.2792651921171682,
      "rev_growth_yoy_accel": -0.14742596988007606,
      "fcf_margin_change": -0.29248240716775814
    },
    {
      "date": "2023-09-30T00:00:00",
      "quarter_label": "2023-09 (Q3)",
      "revenue": 117104000,
      "gross_profit": 99482000,
      "operating_income": 30652000,
      "net_income": 19511000,
      "opex": 68830000,
      "cogs": 17622000,
      "rd": null,
      "sga": 23047000,
      "fcf": 24487000,
      "ocf": 35780000,
      "capex": -11293000,
      "gross_margin": 0.8495183768274355,
      "op_margin": 0.2617502391037027,
      "fcf_margin": 0.20910472742177894,
      "incr_op_margin_yoy": 0.2689505566470203,
      "rev_growth_yoy": 0.2636395027624309,
      "rev_growth_yoy_accel": -0.015625689354737293,
      "op_leverage_ratio": 1.2486642786921462,
      "fcf_margin_change": 0.2129676406555225
    },
    {
      "date": "2023-12-30T00:00:00",
      "quarter_label": "2023-12 (Q4)",
      "revenue": 127057000,
      "gross_profit": 107370000,
      "operating_income": 29814000,
      "net_income": 18814000,
      "opex": 77556000,
      "cogs": 19687000,
      "rd": null,
      "sga": 28078000,
      "fcf": 25316000,
      "ocf": 37854000,
      "capex": -12538000,
      "gross_margin": 0.8450537947535358,
      "op_margin": 0.2346505898927253,
      "fcf_margin": 0.19924915589066325,
      "incr_op_margin_yoy": 0.04249662009914376,
      "rev_growth_yoy": 0.21160136172485147,
      "rev_growth_yoy_accel": -0.05203814103757945,
      "op_leverage_ratio": 0.6704167172546771,
      "fcf_margin_change": -0.009855571531115687
    },
    {
      "date": "2024-03-30T00:00:00",
      "quarter_label": "2024-03 (Q1)",
      "revenue": 145789000,
      "gross_profit": 124518000,
      "operating_income": 42738000,
      "net_income": 28747000,
      "opex": 81780000,
      "cogs": 21271000,
      "rd": null,
      "sga": 25178000,
      "fcf": 33501000,
      "ocf": 44659000,
      "capex": -11158000,
      "gross_margin": 0.8540973598831187,
      "op_margin": 0.2931496889340074,
      "fcf_margin": 0.2297909993209364,
      "incr_op_margin_yoy": 0.46039710801769723,
      "rev_growth_yoy": 0.3409460913714922,
      "rev_growth_yoy_accel": 0.1293447296466407,
      "op_leverage_ratio": 2.706930121556038,
      "fcf_margin_change": 0.030541843430273163
    },
    {
      "date": "2024-06-29T00:00:00",
      "quarter_label": "2024-06 (Q2)",
      "revenue": 155699000,
      "gross_profit": 133026000,
      "operating_income": 41220000,
      "net_income": 27485000,
      "opex": 91806000,
      "cogs": 22673000,
      "rd": null,
      "sga": 28097000,
      "fcf": 25877000,
      "ocf": 36178000,
      "capex": -10301000,
      "gross_margin": 0.8543792831039377,
      "op_margin": 0.26474158472437204,
      "fcf_margin": 0.16619888374363356,
      "incr_op_margin_yoy": 0.30424926843341715,
      "rev_growth_yoy": 0.45278195067787597,
      "rev_growth_yoy_accel": 0.11183585930638379,
      "op_leverage_ratio": 0.5544575522746553,
      "fcf_margin_change": -0.06359211557730285
    },
    {
      "date": "2024-09-28T00:00:00",
      "quarter_label": "2024-09 (Q3)",
      "revenue": 162498000,
      "gross_profit": 138131000,
      "operating_income": 39818000,
      "net_income": 25732000,
      "opex": 98313000,
      "cogs": 24367000,
      "rd": null,
      "sga": 32294000,
      "fcf": 54915000,
      "ocf": 69031000,
      "capex": -14116000,
      "gross_margin": 0.850047385198587,
      "op_margin": 0.2450368619921476,
      "fcf_margin": 0.3379426208322564,
      "incr_op_margin_yoy": 0.20192095871701105,
      "rev_growth_yoy": 0.387638338570843,
      "rev_growth_yoy_accel": -0.06514361210703296,
      "op_leverage_ratio": 0.6160975428435018,
      "fcf_margin_change": 0.17174373708862284
    },
    {
      "date": "2024-12-28T00:00:00",
      "quarter_label": "2024-12 (Q4)",
      "revenue": 161821000,
      "gross_profit": 138500000,
      "operating_income": 41840000,
      "net_income": 26753000,
      "opex": 96660000,
      "cogs": 23321000,
      "rd": null,
      "sga": 31232000,
      "fcf": -8612000,
      "ocf": 7742000,
      "capex": -16354000,
      "gross_margin": 0.8558839705600633,
      "op_margin": 0.2585572947886863,
      "fcf_margin": -0.05321929786616076,
      "incr_op_margin_yoy": 0.34593257392705096,
      "rev_growth_yoy": 0.2736094823583116,
      "rev_growth_yoy_accel": -0.1140288562125314,
      "fcf_margin_change": -0.39116191869841715
    },
    {
      "date": "2025-03-29T00:00:00",
      "quarter_label": "2025-03 (Q1)",
      "revenue": 171094000,
      "gross_profit": 148259000,
      "operating_income": 38261000,
      "net_income": 92265000,
      "opex": 109998000,
      "cogs": 22835000,
      "rd": null,
      "sga": 31440000,
      "fcf": 17272000,
      "ocf": 25294000,
      "capex": -8022000,
      "gross_margin": 0.8665353548341848,
      "op_margin": 0.22362560931417816,
      "fcf_margin": 0.10095035477573731,
      "incr_op_margin_yoy": -0.17692155700454457,
      "rev_growth_yoy": 0.17357276612090075,
      "rev_growth_yoy_accel": -0.10003671623741087,
      "op_leverage_ratio": 0.41528042168450885,
      "fcf_margin_change": 0.15416965264189808
    },
    {
      "date": "2025-06-28T00:00:00",
      "quarter_label": "2025-06 (Q2)",
      "revenue": 174329000,
      "gross_profit": 149924000,
      "operating_income": 45234000,
      "net_income": 26763000,
      "opex": 104690000,
      "cogs": 24405000,
      "rd": null,
      "sga": 32937000,
      "fcf": -7777000,
      "ocf": 6582000,
      "capex": -14359000,
      "gross_margin": 0.8600060804570668,
      "op_margin": 0.25947490090575864,
      "fcf_margin": -0.04461105151753294,
      "incr_op_margin_yoy": 0.21545893719806763,
      "rev_growth_yoy": 0.11965394768110264,
      "rev_growth_yoy_accel": -0.05391881843979811,
      "op_leverage_ratio": Infinity,
      "fcf_margin_change": -0.14556140629327025
    },
    {
      "date": "2025-09-27T00:00:00",
      "quarter_label": "2025-09 (Q3)",
      "revenue": 175736000,
      "gross_profit": 151394000,
      "operating_income": 48961000,
      "net_income": 28478000,
      "opex": 102433000,
      "cogs": 24342000,
      "rd": null,
      "sga": 30659000,
      "fcf": 61654000,
      "ocf": 63874000,
      "capex": -2220000,
      "gross_margin": 0.8614854099330814,
      "op_margin": 0.2786054081121683,
      "fcf_margin": 0.35083306778349344,
      "incr_op_margin_yoy": 0.6906632421815985,
      "rev_growth_yoy": 0.08146561803837586,
      "rev_growth_yoy_accel": -0.03818832964272678,
      "fcf_margin_change": 0.39544411930102635
    }
  ],
  "signals": [
    {
      "quarter": "2025-09 (Q3)",
      "signal": "FCF TURNED POSITIVE",
      "detail": "FCF margin: -4.5% -> +35.1%",
      "severity": "HIGH"
    },
    {
      "quarter": "2025-09 (Q3)",
      "signal": "INCREMENTAL MARGIN (YoY)",
      "detail": "YoY Incr OPM: +69.1% vs year-ago OPM: +24.5%",
      "severity": "HIGH"
    },
    {
      "quarter": "2025-06 (Q2)",
      "signal": "YoY REVENUE GROWTH DECELERATION",
      "detail": "YoY growth: +12.0% vs prior quarter YoY: +17.4% (decel: -5.4%)",
      "severity": "WARNING"
    },
    {
      "quarter": "2025-03 (Q1)",
      "signal": "FCF TURNED POSITIVE",
      "detail": "FCF margin: -5.3% -> +10.1%",
      "severity": "HIGH"
    },
    {
      "quarter": "2025-03 (Q1)",
      "signal": "YoY REVENUE GROWTH DECELERATION",
      "detail": "YoY growth: +17.4% vs prior quarter YoY: +27.4% (decel: -10.0%)",
      "severity": "WARNING"
    },
    {
      "quarter": "2024-12 (Q4)",
      "signal": "YoY REVENUE GROWTH DECELERATION",
      "detail": "YoY growth: +27.4% vs prior quarter YoY: +38.8% (decel: -11.4%)",
      "severity": "WARNING"
    },
    {
      "quarter": "2024-12 (Q4)",
      "signal": "INCREMENTAL MARGIN (YoY)",
      "detail": "YoY Incr OPM: +34.6% vs year-ago OPM: +23.5%",
      "severity": "MEDIUM"
    },
    {
      "quarter": "2024-09 (Q3)",
      "signal": "FCF MARGIN EXPANSION",
      "detail": "FCF margin: +16.6% -> +33.8% (+17.2%)",
      "severity": "MEDIUM"
    },
    {
      "quarter": "2024-09 (Q3)",
      "signal": "YoY REVENUE GROWTH DECELERATION",
      "detail": "YoY growth: +38.8% vs prior quarter YoY: +45.3% (decel: -6.5%)",
      "severity": "WARNING"
    },
    {
      "quarter": "2024-06 (Q2)",
      "signal": "YoY REVENUE GROWTH ACCELERATION",
      "detail": "YoY growth: +45.3% vs prior quarter YoY: +34.1% (accel: +11.2%)",
      "severity": "MEDIUM"
    },
    {
      "quarter": "2024-03 (Q1)",
      "signal": "OPERATING LEVERAGE",
      "detail": "Rev growth +14.7% vs OpEx growth +5.4% (leverage: 2.7x)",
      "severity": "MEDIUM"
    },
    {
      "quarter": "2024-03 (Q1)",
      "signal": "YoY REVENUE GROWTH ACCELERATION",
      "detail": "YoY growth: +34.1% vs prior quarter YoY: +21.2% (accel: +12.9%)",
      "severity": "MEDIUM"
    },
    {
      "quarter": "2024-03 (Q1)",
      "signal": "INCREMENTAL MARGIN (YoY)",
      "detail": "YoY Incr OPM: +46.0% vs year-ago OPM: +23.6%",
      "severity": "HIGH"
    },
    {
      "quarter": "2023-12 (Q4)",
      "signal": "YoY REVENUE GROWTH DECELERATION",
      "detail": "YoY growth: +21.2% vs prior quarter YoY: +26.4% (decel: -5.2%)",
      "severity": "WARNING"
    },
    {
      "quarter": "2023-09 (Q3)",
      "signal": "FCF TURNED POSITIVE",
      "detail": "FCF margin: -0.4% -> +20.9%",
      "severity": "HIGH"
    },
    {
      "quarter": "2023-07 (Q3)",
      "signal": "YoY REVENUE GROWTH DECELERATION",
      "detail": "YoY growth: +27.9% vs prior quarter YoY: +42.7% (decel: -14.7%)",
      "severity": "WARNING"
    },
    {
      "quarter": "2023-04 (Q2)",
      "signal": "FCF MARGIN EXPANSION",
      "detail": "FCF margin: +17.3% -> +28.9% (+11.6%)",
      "severity": "MEDIUM"
    },
    {
      "quarter": "2022-12 (Q4)",
      "signal": "INCREMENTAL MARGIN (YoY)",
      "detail": "YoY Incr OPM: +44.6% vs year-ago OPM: +19.7%",
      "severity": "HIGH"
    },
    {
      "quarter": "2022-09 (Q3)",
      "signal": "FCF MARGIN EXPANSION",
      "detail": "FCF margin: +3.2% -> +18.8% (+15.6%)",
      "severity": "MEDIUM"
    },
    {
      "quarter": "2022-09 (Q3)",
      "signal": "YoY REVENUE GROWTH ACCELERATION",
      "detail": "YoY growth: +40.9% vs prior quarter YoY: +13.2% (accel: +27.7%)",
      "severity": "HIGH"
    },
    {
      "quarter": "2022-06 (Q2)",
      "signal": "OPERATING LEVERAGE",
      "detail": "Rev growth +9.9% vs OpEx growth +5.9% (leverage: 1.7x)",
      "severity": "MEDIUM"
    },
    {
      "quarter": "2022-06 (Q2)",
      "signal": "GROSS MARGIN INFLECTION",
      "detail": "GM: +79.6% -> +79.4% -> +82.2% (reversal +2.8%)",
      "severity": "MEDIUM"
    },
    {
      "quarter": "2022-06 (Q2)",
      "signal": "YoY REVENUE GROWTH ACCELERATION",
      "detail": "YoY growth: +13.2% vs prior quarter YoY: +7.8% (accel: +5.4%)",
      "severity": "MEDIUM"
    },
    {
      "quarter": "2022-03 (Q1)",
      "signal": "FCF TURNED POSITIVE",
      "detail": "FCF margin: -23.1% -> +18.5%",
      "severity": "HIGH"
    },
    {
      "quarter": "2022-03 (Q1)",
      "signal": "OPERATING LEVERAGE",
      "detail": "Rev growth +5.8% vs OpEx growth +1.9% (leverage: 3.0x)",
      "severity": "MEDIUM"
    },
    {
      "quarter": "2022-03 (Q1)",
      "signal": "YoY REVENUE GROWTH DECELERATION",
      "detail": "YoY growth: +7.8% vs prior quarter YoY: +13.8% (decel: -6.0%)",
      "severity": "WARNING"
    },
    {
      "quarter": "2021-12 (Q4)",
      "signal": "GROSS MARGIN INFLECTION",
      "detail": "GM: +80.8% -> +76.9% -> +79.6% (reversal +2.7%)",
      "severity": "MEDIUM"
    },
    {
      "quarter": "2021-12 (Q4)",
      "signal": "INCREMENTAL MARGIN (YoY)",
      "detail": "YoY Incr OPM: +47.3% vs year-ago OPM: +15.9%",
      "severity": "HIGH"
    }
  ],
  "data_quality": {
    "n_quarters": 20,
    "coverage": {
      "revenue": [
        20,
        20
      ],
      "gross_profit": [
        20,
        20
      ],
      "op_income": [
        20,
        20
      ],
      "fcf": [
        20,
        20
      ]
    },
    "gaps": [],
    "warnings": []
  },
  "market_cap": null,
  "source": "SEC EDGAR",
  "last_updated": "2026-02-02T20:47:40.274196"
}