{
  "ticker": "WKHS",
  "name": "WORKHORSE GROUP INC.",
  "quarters": [
    {
      "date": "2020-12-31T00:00:00",
      "quarter_label": "2020-12 (Q4)",
      "revenue": 651570,
      "gross_profit": -6340961,
      "operating_income": 307197745,
      "net_income": 280482439,
      "opex": 8708338,
      "cogs": 6992531,
      "rd": 4015606,
      "sga": 4692732,
      "fcf": -36725190,
      "ocf": -32636957,
      "capex": -4088233,
      "gross_margin": -9.731818530626027,
      "op_margin": 471.4731264484246,
      "fcf_margin": -56.36415120401492
    },
    {
      "date": "2021-03-31T00:00:00",
      "quarter_label": "2021-03 (Q1)",
      "revenue": 521060,
      "gross_profit": -5704239,
      "operating_income": -153059736,
      "net_income": -120506771,
      "opex": 10749545,
      "cogs": 6225299,
      "rd": 3863715,
      "sga": 6885830,
      "fcf": -36168411,
      "ocf": -34903644,
      "capex": -1264767,
      "gross_margin": -10.947374582581661,
      "op_margin": -293.74685448892643,
      "fcf_margin": -69.41314052124515,
      "fcf_margin_change": -13.048989317230237
    },
    {
      "date": "2021-06-30T00:00:00",
      "quarter_label": "2021-06 (Q2)",
      "revenue": 1202876,
      "gross_profit": -13593254,
      "operating_income": -34422317,
      "net_income": -43619087,
      "opex": 9129397,
      "cogs": 14796130,
      "rd": 2123860,
      "sga": 7005537,
      "fcf": -48380446,
      "ocf": -46364000,
      "capex": -2016446,
      "gross_margin": -11.300627828637365,
      "op_margin": -28.61667952473904,
      "fcf_margin": -40.22064285928059,
      "op_leverage_ratio": Infinity,
      "fcf_margin_change": 29.192497661964566
    },
    {
      "date": "2021-09-30T00:00:00",
      "quarter_label": "2021-09 (Q3)",
      "revenue": -576602,
      "gross_profit": -12125789,
      "operating_income": -25506769,
      "net_income": -81115414,
      "opex": 13380980,
      "cogs": 11549187,
      "rd": 2801394,
      "sga": 10579586,
      "fcf": -29302487,
      "ocf": -28779893,
      "capex": -522594,
      "gross_margin": 21.029738016864318,
      "op_margin": 44.23635193773175,
      "fcf_margin": 50.8192600788759,
      "fcf_margin_change": 91.03990293815649
    },
    {
      "date": "2021-12-31T00:00:00",
      "quarter_label": "2021-12 (Q4)",
      "revenue": -1999256,
      "gross_profit": -101920750,
      "operating_income": -120431650,
      "net_income": -156103541,
      "opex": 18510900,
      "cogs": 99921494,
      "rd": 2821058,
      "sga": 15689842,
      "fcf": -24039957,
      "ocf": -22529566,
      "capex": -1510391,
      "gross_margin": 50.979339314224895,
      "op_margin": 60.23823362290772,
      "fcf_margin": 12.02445159599371,
      "incr_op_margin_yoy": 161.3193000974036,
      "rev_growth_yoy": -4.068367174670412,
      "op_leverage_ratio": 6.435769392305869,
      "fcf_margin_change": -38.79480848288219
    },
    {
      "date": "2022-03-31T00:00:00",
      "quarter_label": "2022-03 (Q1)",
      "revenue": 14299,
      "gross_profit": -3909052,
      "operating_income": -19831245,
      "net_income": -22054535,
      "opex": 15922193,
      "cogs": 3923351,
      "rd": 4011934,
      "sga": 11910259,
      "fcf": -34338322,
      "ocf": -30742480,
      "capex": -3595842,
      "gross_margin": -273.3793971606406,
      "op_margin": -1386.8973354780055,
      "fcf_margin": -2401.4491922512066,
      "rev_growth_yoy": -0.9725578628181015,
      "rev_growth_yoy_accel": 3.0958093118523102,
      "fcf_margin_change": -2413.4736438472005
    },
    {
      "date": "2022-06-30T00:00:00",
      "quarter_label": "2022-06 (Q2)",
      "revenue": 12555,
      "gross_profit": -3007649,
      "operating_income": -21064853,
      "net_income": -21160272,
      "opex": 18057204,
      "cogs": 3020204,
      "rd": 5027061,
      "sga": 13030143,
      "fcf": -26782924,
      "ocf": -24719990,
      "capex": -2062934,
      "gross_margin": -239.55786539227398,
      "op_margin": -1677.8058940661092,
      "fcf_margin": -2133.247630426125,
      "incr_op_margin_yoy": -11.221732625065004,
      "rev_growth_yoy": -0.9895625151719711,
      "rev_growth_yoy_accel": -0.01700465235386961,
      "fcf_margin_change": 268.2015618250816
    },
    {
      "date": "2022-09-30T00:00:00",
      "quarter_label": "2022-09 (Q3)",
      "revenue": 1548798,
      "gross_profit": -7966749,
      "operating_income": -48846717,
      "net_income": -35405501,
      "opex": 40879968,
      "cogs": 9515547,
      "rd": 6126951,
      "sga": 34753017,
      "fcf": -14566801,
      "ocf": -10516878,
      "capex": -4049923,
      "gross_margin": -5.143827019404726,
      "op_margin": -31.538468541410822,
      "fcf_margin": -9.40522973299294,
      "incr_op_margin_yoy": -10.981437846993508,
      "op_leverage_ratio": 96.81116916049163,
      "fcf_margin_change": 2123.842400693132
    },
    {
      "date": "2022-12-31T00:00:00",
      "quarter_label": "2022-12 (Q4)",
      "revenue": 3447420,
      "gross_profit": -17765786,
      "operating_income": -39340049,
      "net_income": -38653910,
      "opex": 21574263,
      "cogs": 21213206,
      "rd": 8047594,
      "sga": 13526669,
      "fcf": -35627412,
      "ocf": -27839316,
      "capex": -7788096,
      "gross_margin": -5.153357003208196,
      "op_margin": -11.411446531029002,
      "fcf_margin": -10.334514506500513,
      "incr_op_margin_yoy": 14.888273324868232,
      "op_leverage_ratio": Infinity,
      "fcf_margin_change": -0.9292847735075735
    },
    {
      "date": "2023-03-31T00:00:00",
      "quarter_label": "2023-03 (Q1)",
      "revenue": 1693415,
      "gross_profit": -3634704,
      "operating_income": -25549396,
      "net_income": -24999037,
      "opex": 21914692,
      "cogs": 5328119,
      "rd": 7224849,
      "sga": 14689843,
      "fcf": -38154129,
      "ocf": -32749402,
      "capex": -5404727,
      "gross_margin": -2.14637522402955,
      "op_margin": -15.087498339154903,
      "fcf_margin": -22.530879317828177,
      "incr_op_margin_yoy": -3.4054532265787474,
      "rev_growth_yoy": 117.42891111266522,
      "fcf_margin_change": -12.196364811327664
    },
    {
      "date": "2023-06-30T00:00:00",
      "quarter_label": "2023-06 (Q2)",
      "revenue": 3966463,
      "gross_profit": -4460914,
      "operating_income": -23523176,
      "net_income": -23017676,
      "opex": 19062262,
      "cogs": 8427377,
      "rd": 5059745,
      "sga": 14002517,
      "fcf": -38118727,
      "ocf": -33050724,
      "capex": -5068003,
      "gross_margin": -1.1246579131079755,
      "op_margin": -5.930516936625906,
      "fcf_margin": -9.610256543424205,
      "incr_op_margin_yoy": -0.6217451190063097,
      "rev_growth_yoy": 314.9269613699721,
      "rev_growth_yoy_accel": 197.4980502573069,
      "op_leverage_ratio": Infinity,
      "fcf_margin_change": 12.920622774403972
    },
    {
      "date": "2023-09-30T00:00:00",
      "quarter_label": "2023-09 (Q3)",
      "revenue": 3028545,
      "gross_profit": -3528813,
      "operating_income": -21056692,
      "net_income": -30645712,
      "opex": 17527879,
      "cogs": 6557358,
      "rd": 5771588,
      "sga": 11756291,
      "fcf": -35801096,
      "ocf": -29746509,
      "capex": -6054587,
      "gross_margin": -1.1651842716552008,
      "op_margin": -6.952741993267394,
      "fcf_margin": -11.821219760644137,
      "incr_op_margin_yoy": 18.780254327259996,
      "rev_growth_yoy": 0.9554163938744755,
      "rev_growth_yoy_accel": -313.9715449760976,
      "fcf_margin_change": -2.2109632172199323
    },
    {
      "date": "2023-12-31T00:00:00",
      "quarter_label": "2023-12 (Q4)",
      "revenue": 4406329,
      "gross_profit": -13631362,
      "operating_income": -35169202,
      "net_income": -45256764,
      "opex": 21537840,
      "cogs": 18037691,
      "rd": 6411751,
      "sga": 15126089,
      "fcf": -29637548,
      "ocf": -27477414,
      "capex": -2160134,
      "gross_margin": -3.0935869745541016,
      "op_margin": -7.981519763957707,
      "fcf_margin": -6.726131435033562,
      "rev_growth_yoy": 0.2781526474871063,
      "rev_growth_yoy_accel": -0.6772637463873692,
      "op_leverage_ratio": 1.988549122526063,
      "fcf_margin_change": 5.0950883256105755
    },
    {
      "date": "2024-03-31T00:00:00",
      "quarter_label": "2024-03 (Q1)",
      "revenue": 1339295,
      "gross_profit": -6103483,
      "operating_income": -23726672,
      "net_income": -29155787,
      "opex": 17623189,
      "cogs": 7442778,
      "rd": 3527911,
      "sga": 14095278,
      "fcf": -20989353,
      "ocf": -17963578,
      "capex": -3025775,
      "gross_margin": -4.557235709832412,
      "op_margin": -17.715792263840303,
      "fcf_margin": -15.671941581205036,
      "rev_growth_yoy": -0.2091158989379449,
      "rev_growth_yoy_accel": -0.4872685464250512,
      "fcf_margin_change": -8.945810146171475
    },
    {
      "date": "2024-06-30T00:00:00",
      "quarter_label": "2024-06 (Q2)",
      "revenue": 842440,
      "gross_profit": -6458908,
      "operating_income": -20518240,
      "net_income": -26319999,
      "opex": 14059332,
      "cogs": 7301348,
      "rd": 1992779,
      "sga": 12066553,
      "fcf": -12833456,
      "ocf": -12099878,
      "capex": -733578,
      "gross_margin": -7.666905655002137,
      "op_margin": -24.35572859788234,
      "fcf_margin": -15.23367361473814,
      "incr_op_margin_yoy": -0.9618802422389335,
      "rev_growth_yoy": -0.7876092629629975,
      "rev_growth_yoy_accel": -0.5784933640250526,
      "fcf_margin_change": 0.4382679664668956
    },
    {
      "date": "2024-09-30T00:00:00",
      "quarter_label": "2024-09 (Q3)",
      "revenue": 2509717,
      "gross_profit": -4132832,
      "operating_income": -14168269,
      "net_income": -25135559,
      "opex": 10035437,
      "cogs": 6642549,
      "rd": 2313423,
      "sga": 7722014,
      "fcf": -10320549,
      "ocf": -10052337,
      "capex": -268212,
      "gross_margin": -1.6467322809703246,
      "op_margin": -5.645365194561777,
      "fcf_margin": -4.112236160491402,
      "rev_growth_yoy": -0.171312627020566,
      "rev_growth_yoy_accel": 0.6162966359424316,
      "op_leverage_ratio": Infinity,
      "fcf_margin_change": 11.121437454246738
    },
    {
      "date": "2024-12-31T00:00:00",
      "quarter_label": "2024-12 (Q4)",
      "revenue": 1924907,
      "gross_profit": -5530504,
      "operating_income": -15473730,
      "net_income": -21178947,
      "opex": 9943226,
      "cogs": 7455411,
      "rd": 1314942,
      "sga": 8628284,
      "fcf": -7510959,
      "ocf": -7474231,
      "capex": -36728,
      "gross_margin": -2.8731278965685094,
      "op_margin": -8.038689661370654,
      "fcf_margin": -3.901985394619065,
      "incr_op_margin_yoy": -7.937171508917064,
      "rev_growth_yoy": -0.5631495060854512,
      "rev_growth_yoy_accel": -0.39183687906488524,
      "fcf_margin_change": 0.21025076587233693
    },
    {
      "date": "2025-03-31T00:00:00",
      "quarter_label": "2025-03 (Q1)",
      "revenue": 640922,
      "gross_profit": -4523841,
      "operating_income": -12836771,
      "net_income": -20644134,
      "opex": 8312930,
      "cogs": 5164763,
      "rd": 1529019,
      "sga": 6783911,
      "fcf": -8171456,
      "ocf": -8153590,
      "capex": -17866,
      "gross_margin": -7.058333151303903,
      "op_margin": -20.028600984207127,
      "fcf_margin": -12.749532704447654,
      "rev_growth_yoy": -0.5214482246256426,
      "rev_growth_yoy_accel": 0.04170128145980867,
      "fcf_margin_change": -8.84754730982859
    },
    {
      "date": "2025-06-30T00:00:00",
      "quarter_label": "2025-06 (Q2)",
      "revenue": 5669469,
      "gross_profit": -7381887,
      "operating_income": -14472933,
      "net_income": -14780964,
      "opex": 7091046,
      "cogs": 13051356,
      "rd": 1246348,
      "sga": 5844698,
      "fcf": -5855857,
      "ocf": -5873723,
      "capex": 17866,
      "gross_margin": -1.302042043090808,
      "op_margin": -2.5527845729467784,
      "fcf_margin": -1.032875741978658,
      "incr_op_margin_yoy": 1.2523867165496623,
      "rev_growth_yoy": 5.72981933431461,
      "rev_growth_yoy_accel": 6.251267558940253,
      "op_leverage_ratio": Infinity,
      "fcf_margin_change": 11.716656962468996
    },
    {
      "date": "2025-09-30T00:00:00",
      "quarter_label": "2025-09 (Q3)",
      "revenue": 2384998,
      "gross_profit": -7707626,
      "operating_income": -16555890,
      "net_income": -7827902,
      "opex": 8848264,
      "cogs": 10092624,
      "rd": 1077631,
      "sga": 7770633,
      "fcf": -10987149,
      "ocf": -10987149,
      "capex": null,
      "gross_margin": -3.231711724705849,
      "op_margin": -6.9416787770891215,
      "fcf_margin": -4.606774932306023,
      "rev_growth_yoy": -0.04969444762098675,
      "rev_growth_yoy_accel": -5.779513781935597,
      "fcf_margin_change": -3.5738991903273654
    }
  ],
  "signals": [
    {
      "quarter": "2025-09 (Q3)",
      "signal": "YoY REVENUE GROWTH DECELERATION",
      "detail": "YoY growth: -5.0% vs prior quarter YoY: +573.0% (decel: -578.0%)",
      "severity": "WARNING"
    },
    {
      "quarter": "2025-06 (Q2)",
      "signal": "FCF MARGIN EXPANSION",
      "detail": "FCF margin: -1275.0% -> -103.3% (+1171.7%)",
      "severity": "MEDIUM"
    },
    {
      "quarter": "2025-06 (Q2)",
      "signal": "GROSS MARGIN INFLECTION",
      "detail": "GM: -287.3% -> -705.8% -> -130.2% (reversal +575.6%)",
      "severity": "HIGH"
    },
    {
      "quarter": "2025-06 (Q2)",
      "signal": "YoY REVENUE GROWTH ACCELERATION",
      "detail": "YoY growth: +573.0% vs prior quarter YoY: -52.1% (accel: +625.1%)",
      "severity": "HIGH"
    },
    {
      "quarter": "2024-12 (Q4)",
      "signal": "FCF MARGIN EXPANSION",
      "detail": "FCF margin: -411.2% -> -390.2% (+21.0%)",
      "severity": "MEDIUM"
    },
    {
      "quarter": "2024-12 (Q4)",
      "signal": "YoY REVENUE GROWTH DECELERATION",
      "detail": "YoY growth: -56.3% vs prior quarter YoY: -17.1% (decel: -39.2%)",
      "severity": "WARNING"
    },
    {
      "quarter": "2024-09 (Q3)",
      "signal": "FCF MARGIN EXPANSION",
      "detail": "FCF margin: -1523.4% -> -411.2% (+1112.1%)",
      "severity": "MEDIUM"
    },
    {
      "quarter": "2024-09 (Q3)",
      "signal": "GROSS MARGIN INFLECTION",
      "detail": "GM: -455.7% -> -766.7% -> -164.7% (reversal +602.0%)",
      "severity": "HIGH"
    },
    {
      "quarter": "2024-09 (Q3)",
      "signal": "YoY REVENUE GROWTH ACCELERATION",
      "detail": "YoY growth: -17.1% vs prior quarter YoY: -78.8% (accel: +61.6%)",
      "severity": "HIGH"
    },
    {
      "quarter": "2024-06 (Q2)",
      "signal": "FCF MARGIN EXPANSION",
      "detail": "FCF margin: -1567.2% -> -1523.4% (+43.8%)",
      "severity": "MEDIUM"
    },
    {
      "quarter": "2024-06 (Q2)",
      "signal": "YoY REVENUE GROWTH DECELERATION",
      "detail": "YoY growth: -78.8% vs prior quarter YoY: -20.9% (decel: -57.8%)",
      "severity": "WARNING"
    },
    {
      "quarter": "2024-03 (Q1)",
      "signal": "YoY REVENUE GROWTH DECELERATION",
      "detail": "YoY growth: -20.9% vs prior quarter YoY: +27.8% (decel: -48.7%)",
      "severity": "WARNING"
    },
    {
      "quarter": "2023-12 (Q4)",
      "signal": "FCF MARGIN EXPANSION",
      "detail": "FCF margin: -1182.1% -> -672.6% (+509.5%)",
      "severity": "MEDIUM"
    },
    {
      "quarter": "2023-12 (Q4)",
      "signal": "OPERATING LEVERAGE",
      "detail": "Rev growth +45.5% vs OpEx growth +22.9% (leverage: 2.0x)",
      "severity": "MEDIUM"
    },
    {
      "quarter": "2023-12 (Q4)",
      "signal": "YoY REVENUE GROWTH DECELERATION",
      "detail": "YoY growth: +27.8% vs prior quarter YoY: +95.5% (decel: -67.7%)",
      "severity": "WARNING"
    },
    {
      "quarter": "2023-09 (Q3)",
      "signal": "YoY REVENUE GROWTH DECELERATION",
      "detail": "YoY growth: +95.5% vs prior quarter YoY: +31492.7% (decel: -31397.2%)",
      "severity": "WARNING"
    },
    {
      "quarter": "2023-06 (Q2)",
      "signal": "FCF MARGIN EXPANSION",
      "detail": "FCF margin: -2253.1% -> -961.0% (+1292.1%)",
      "severity": "MEDIUM"
    },
    {
      "quarter": "2023-06 (Q2)",
      "signal": "YoY REVENUE GROWTH ACCELERATION",
      "detail": "YoY growth: +31492.7% vs prior quarter YoY: +11742.9% (accel: +19749.8%)",
      "severity": "HIGH"
    },
    {
      "quarter": "2023-03 (Q1)",
      "signal": "GROSS MARGIN INFLECTION",
      "detail": "GM: -514.4% -> -515.3% -> -214.6% (reversal +300.7%)",
      "severity": "HIGH"
    },
    {
      "quarter": "2022-09 (Q3)",
      "signal": "FCF MARGIN EXPANSION",
      "detail": "FCF margin: -213324.8% -> -940.5% (+212384.2%)",
      "severity": "MEDIUM"
    },
    {
      "quarter": "2022-09 (Q3)",
      "signal": "OPERATING LEVERAGE",
      "detail": "Rev growth +12236.1% vs OpEx growth +126.4% (leverage: 96.8x)",
      "severity": "MEDIUM"
    },
    {
      "quarter": "2022-06 (Q2)",
      "signal": "FCF MARGIN EXPANSION",
      "detail": "FCF margin: -240144.9% -> -213324.8% (+26820.2%)",
      "severity": "MEDIUM"
    },
    {
      "quarter": "2022-06 (Q2)",
      "signal": "GROSS MARGIN INFLECTION",
      "detail": "GM: +5097.9% -> -27337.9% -> -23955.8% (reversal +3382.2%)",
      "severity": "HIGH"
    },
    {
      "quarter": "2022-03 (Q1)",
      "signal": "YoY REVENUE GROWTH ACCELERATION",
      "detail": "YoY growth: -97.3% vs prior quarter YoY: -406.8% (accel: +309.6%)",
      "severity": "HIGH"
    },
    {
      "quarter": "2021-12 (Q4)",
      "signal": "OPERATING LEVERAGE",
      "detail": "Rev growth +246.7% vs OpEx growth +38.3% (leverage: 6.4x)",
      "severity": "MEDIUM"
    },
    {
      "quarter": "2021-09 (Q3)",
      "signal": "FCF TURNED POSITIVE",
      "detail": "FCF margin: -4022.1% -> +5081.9%",
      "severity": "HIGH"
    },
    {
      "quarter": "2021-09 (Q3)",
      "signal": "GROSS MARGIN INFLECTION",
      "detail": "GM: -1094.7% -> -1130.1% -> +2103.0% (reversal +3233.0%)",
      "severity": "HIGH"
    },
    {
      "quarter": "2021-09 (Q3)",
      "signal": "OP MARGIN TURNED POSITIVE (QoQ)",
      "detail": "Op margin: -2861.7% -> +4423.6%",
      "severity": "HIGH"
    },
    {
      "quarter": "2021-06 (Q2)",
      "signal": "FCF MARGIN EXPANSION",
      "detail": "FCF margin: -6941.3% -> -4022.1% (+2919.2%)",
      "severity": "MEDIUM"
    }
  ],
  "data_quality": {
    "n_quarters": 20,
    "coverage": {
      "revenue": [
        20,
        20
      ],
      "gross_profit": [
        20,
        20
      ],
      "op_income": [
        20,
        20
      ],
      "fcf": [
        20,
        20
      ]
    },
    "gaps": [],
    "warnings": []
  },
  "market_cap": null,
  "source": "SEC EDGAR",
  "last_updated": "2026-02-02T23:42:40.104399"
}