{
  "ticker": "WKSP",
  "name": "WORKSPORT LTD.",
  "quarters": [
    {
      "date": "2020-12-31T00:00:00",
      "quarter_label": "2020-12 (Q4)",
      "revenue": 122524,
      "gross_profit": 3556,
      "operating_income": -357894,
      "net_income": -238179,
      "opex": 361450,
      "cogs": 118968,
      "rd": null,
      "sga": null,
      "fcf": -312759,
      "ocf": -312759,
      "capex": null,
      "gross_margin": 0.02902288531226535,
      "op_margin": -2.921011393686135,
      "fcf_margin": -2.5526345858770525
    },
    {
      "date": "2021-03-31T00:00:00",
      "quarter_label": "2021-03 (Q1)",
      "revenue": 7650,
      "gross_profit": -52571,
      "operating_income": -1001826,
      "net_income": -1223519,
      "opex": 949255,
      "cogs": 60221,
      "rd": null,
      "sga": null,
      "fcf": -626100,
      "ocf": -506867,
      "capex": -119233,
      "gross_margin": -6.872026143790849,
      "op_margin": -130.95764705882354,
      "fcf_margin": -81.84313725490196,
      "fcf_margin_change": -79.2905026690249
    },
    {
      "date": "2021-06-30T00:00:00",
      "quarter_label": "2021-06 (Q2)",
      "revenue": 186239,
      "gross_profit": 48906,
      "operating_income": -802556,
      "net_income": -811659,
      "opex": 851462,
      "cogs": 137333,
      "rd": null,
      "sga": null,
      "fcf": -662194,
      "ocf": -524122,
      "capex": -138072,
      "gross_margin": 0.2625980594827077,
      "op_margin": -4.309280011168445,
      "fcf_margin": -3.5556140228416173,
      "op_leverage_ratio": Infinity,
      "fcf_margin_change": 78.28752323206034
    },
    {
      "date": "2021-09-30T00:00:00",
      "quarter_label": "2021-09 (Q3)",
      "revenue": 93408,
      "gross_profit": 11598,
      "operating_income": -2039965,
      "net_income": -2064281,
      "opex": 2051563,
      "cogs": 81810,
      "rd": null,
      "sga": null,
      "fcf": -1563894,
      "ocf": -1086316,
      "capex": -477578,
      "gross_margin": 0.12416495375128468,
      "op_margin": -21.839296420006853,
      "fcf_margin": -16.742613052415212,
      "fcf_margin_change": -13.186999029573595
    },
    {
      "date": "2021-12-31T00:00:00",
      "quarter_label": "2021-12 (Q4)",
      "revenue": 16453,
      "gross_profit": -54885,
      "operating_income": -3717384,
      "net_income": -3797626,
      "opex": 3662499,
      "cogs": 71338,
      "rd": null,
      "sga": null,
      "fcf": -2460219,
      "ocf": -2093318,
      "capex": -366901,
      "gross_margin": -3.335865799550234,
      "op_margin": -225.93958548592963,
      "fcf_margin": -149.5301160882514,
      "rev_growth_yoy": -0.8657161045999151,
      "fcf_margin_change": -132.78750303583618
    },
    {
      "date": "2022-03-31T00:00:00",
      "quarter_label": "2022-03 (Q1)",
      "revenue": 47784,
      "gross_profit": 9807,
      "operating_income": -2797780,
      "net_income": -2817609,
      "opex": 2807587,
      "cogs": 37977,
      "rd": null,
      "sga": null,
      "fcf": -2744230,
      "ocf": -2130184,
      "capex": -614046,
      "gross_margin": 0.20523606228026117,
      "op_margin": -58.55056085719069,
      "fcf_margin": -57.42989285116357,
      "rev_growth_yoy": 5.246274509803921,
      "rev_growth_yoy_accel": 6.111990614403837,
      "op_leverage_ratio": Infinity,
      "fcf_margin_change": 92.10022323708782
    },
    {
      "date": "2022-06-30T00:00:00",
      "quarter_label": "2022-06 (Q2)",
      "revenue": 11305,
      "gross_profit": 3318,
      "operating_income": -3308191,
      "net_income": -3372319,
      "opex": 3311509,
      "cogs": 7987,
      "rd": null,
      "sga": null,
      "fcf": -11350462,
      "ocf": -2912698,
      "capex": -8437764,
      "gross_margin": 0.2934984520123839,
      "op_margin": -292.63078283945157,
      "fcf_margin": -1004.0214064573198,
      "rev_growth_yoy": -0.9392984283635544,
      "rev_growth_yoy_accel": -6.185572938167476,
      "fcf_margin_change": -946.5915136061562
    },
    {
      "date": "2022-09-30T00:00:00",
      "quarter_label": "2022-09 (Q3)",
      "revenue": 18350,
      "gross_profit": 5748,
      "operating_income": -2942828,
      "net_income": -2877660,
      "opex": 2948576,
      "cogs": 12602,
      "rd": null,
      "sga": null,
      "fcf": -2479092,
      "ocf": -1318657,
      "capex": -1160435,
      "gross_margin": 0.3132425068119891,
      "op_margin": -160.37209809264306,
      "fcf_margin": -135.10038147138965,
      "rev_growth_yoy": -0.8035500171291539,
      "rev_growth_yoy_accel": 0.1357484112344005,
      "op_leverage_ratio": Infinity,
      "fcf_margin_change": 868.9210249859302
    },
    {
      "date": "2022-12-31T00:00:00",
      "quarter_label": "2022-12 (Q4)",
      "revenue": 39063,
      "gross_profit": 40662,
      "operating_income": -3724916,
      "net_income": -3466826,
      "opex": 3765578,
      "cogs": -1599,
      "rd": null,
      "sga": null,
      "fcf": -2451623,
      "ocf": -1616421,
      "capex": -835202,
      "gross_margin": 1.0409338760463867,
      "op_margin": -95.35662903514834,
      "fcf_margin": -62.76074546245808,
      "rev_growth_yoy": 1.3742174679389776,
      "rev_growth_yoy_accel": 2.1777674850681317,
      "op_leverage_ratio": 4.073766600126453,
      "fcf_margin_change": 72.33963600893156
    },
    {
      "date": "2023-03-31T00:00:00",
      "quarter_label": "2023-03 (Q1)",
      "revenue": 31925,
      "gross_profit": 12168,
      "operating_income": -3529948,
      "net_income": -3523270,
      "opex": 3542116,
      "cogs": 19757,
      "rd": null,
      "sga": null,
      "fcf": -4021331,
      "ocf": -2934410,
      "capex": -1086921,
      "gross_margin": 0.3811433046202036,
      "op_margin": -110.5700234925607,
      "fcf_margin": -125.96181675802663,
      "rev_growth_yoy": -0.331889335342374,
      "rev_growth_yoy_accel": -1.7061068032813516,
      "fcf_margin_change": -63.201071295568546
    },
    {
      "date": "2023-06-30T00:00:00",
      "quarter_label": "2023-06 (Q2)",
      "revenue": 199851,
      "gross_profit": 46563,
      "operating_income": -3738719,
      "net_income": -3797455,
      "opex": 3785282,
      "cogs": 153288,
      "rd": null,
      "sga": null,
      "fcf": -4594111,
      "ocf": -3084294,
      "capex": -1509817,
      "gross_margin": 0.23298857648948468,
      "op_margin": -18.70753211142301,
      "fcf_margin": -22.98768082221255,
      "rev_growth_yoy": 16.678107032286597,
      "rev_growth_yoy_accel": 17.009996367628972,
      "op_leverage_ratio": 76.62085010068594,
      "fcf_margin_change": 102.97413593581408
    },
    {
      "date": "2023-09-30T00:00:00",
      "quarter_label": "2023-09 (Q3)",
      "revenue": 458483,
      "gross_profit": 89687,
      "operating_income": -3919509,
      "net_income": -3949298,
      "opex": 4009196,
      "cogs": 368796,
      "rd": null,
      "sga": null,
      "fcf": -3025066,
      "ocf": -2175643,
      "capex": -849423,
      "gross_margin": 0.19561684947969718,
      "op_margin": -8.548864407186308,
      "fcf_margin": -6.59798945653383,
      "rev_growth_yoy": 23.985449591280656,
      "rev_growth_yoy_accel": 7.307342558994058,
      "op_leverage_ratio": 21.87725978079166,
      "fcf_margin_change": 16.38969136567872
    },
    {
      "date": "2023-12-31T00:00:00",
      "quarter_label": "2023-12 (Q4)",
      "revenue": 839373,
      "gross_profit": 92096,
      "operating_income": -3548485,
      "net_income": -3658935,
      "opex": 3640581,
      "cogs": 747277,
      "rd": null,
      "sga": null,
      "fcf": -3980128,
      "ocf": -3736233,
      "capex": -243895,
      "gross_margin": 0.10971999337600805,
      "op_margin": -4.227542463243397,
      "fcf_margin": -4.741787024362233,
      "rev_growth_yoy": 20.4876737577759,
      "rev_growth_yoy_accel": -3.497775833504754,
      "op_leverage_ratio": Infinity,
      "fcf_margin_change": 1.8562024321715977
    },
    {
      "date": "2024-03-31T00:00:00",
      "quarter_label": "2024-03 (Q1)",
      "revenue": 512637,
      "gross_profit": 37456,
      "operating_income": -3639466,
      "net_income": -3714657,
      "opex": 3676922,
      "cogs": 475181,
      "rd": 381000,
      "sga": 3293775,
      "fcf": -3007573,
      "ocf": -2794604,
      "capex": -212969,
      "gross_margin": 0.07306534643422148,
      "op_margin": -7.099499255808691,
      "fcf_margin": -5.866866808287345,
      "rev_growth_yoy": 15.057541111981205,
      "rev_growth_yoy_accel": -5.430132645794696,
      "fcf_margin_change": -1.1250797839251128
    },
    {
      "date": "2024-06-30T00:00:00",
      "quarter_label": "2024-06 (Q2)",
      "revenue": 1921539,
      "gross_profit": 296629,
      "operating_income": -3910748,
      "net_income": -4013399,
      "opex": 4207377,
      "cogs": 1624910,
      "rd": 1045864,
      "sga": 3974551,
      "fcf": -3749506,
      "ocf": -3626688,
      "capex": -122818,
      "gross_margin": 0.15437053320281297,
      "op_margin": -2.0352165633900743,
      "fcf_margin": -1.95130361652821,
      "incr_op_margin_yoy": -0.09991880061892747,
      "rev_growth_yoy": 8.614858069261599,
      "rev_growth_yoy_accel": -6.442683042719606,
      "op_leverage_ratio": 19.050514394678615,
      "fcf_margin_change": 3.9155631917591354
    },
    {
      "date": "2024-09-30T00:00:00",
      "quarter_label": "2024-09 (Q3)",
      "revenue": 3122359,
      "gross_profit": 247173,
      "operating_income": -3905216,
      "net_income": -4134917,
      "opex": 4152389,
      "cogs": 2875186,
      "rd": 396446,
      "sga": 3748495,
      "fcf": -1702893,
      "ocf": -1537920,
      "capex": -164973,
      "gross_margin": 0.07916226161053229,
      "op_margin": -1.2507261336700872,
      "fcf_margin": -0.5453866771886257,
      "incr_op_margin_yoy": 0.005365489985269585,
      "rev_growth_yoy": 5.810195797881273,
      "rev_growth_yoy_accel": -2.8046622713803258,
      "op_leverage_ratio": Infinity,
      "fcf_margin_change": 1.4059169393395843
    },
    {
      "date": "2024-12-31T00:00:00",
      "quarter_label": "2024-12 (Q4)",
      "revenue": 2927844,
      "gross_profit": 324392,
      "operating_income": -4010404,
      "net_income": -4300816,
      "opex": 4334796,
      "cogs": 2603452,
      "rd": 478029,
      "sga": 3601378,
      "fcf": -2207061,
      "ocf": -2179586,
      "capex": -27475,
      "gross_margin": 0.11079552052636685,
      "op_margin": -1.3697464755635889,
      "fcf_margin": -0.7538178263596012,
      "incr_op_margin_yoy": -0.22117568307149105,
      "rev_growth_yoy": 2.488132212973255,
      "rev_growth_yoy_accel": -3.3220635849080185,
      "fcf_margin_change": -0.2084311491709755
    },
    {
      "date": "2025-03-31T00:00:00",
      "quarter_label": "2025-03 (Q1)",
      "revenue": 2240005,
      "gross_profit": 396221,
      "operating_income": -4256306,
      "net_income": -4460464,
      "opex": 4652527,
      "cogs": 1843784,
      "rd": 369601,
      "sga": 4207561,
      "fcf": -4041377,
      "ocf": -3839918,
      "capex": -201459,
      "gross_margin": 0.17688398016968712,
      "op_margin": -1.9001323657759692,
      "fcf_margin": -1.8041821335220234,
      "incr_op_margin_yoy": -0.35709819795202874,
      "rev_growth_yoy": 3.369573401841849,
      "rev_growth_yoy_accel": 0.8814411888685942,
      "fcf_margin_change": -1.0503643071624222
    },
    {
      "date": "2025-06-30T00:00:00",
      "quarter_label": "2025-06 (Q2)",
      "revenue": 4104958,
      "gross_profit": 1082112,
      "operating_income": -3617631,
      "net_income": -3734484,
      "opex": 4699743,
      "cogs": 3022846,
      "rd": 304833,
      "sga": 4255841,
      "fcf": -3163501,
      "ocf": -3095115,
      "capex": -68386,
      "gross_margin": 0.26361097969820885,
      "op_margin": -0.8812833164188282,
      "fcf_margin": -0.7706536826929776,
      "incr_op_margin_yoy": 0.13424679367542372,
      "rev_growth_yoy": 1.1362865911126445,
      "rev_growth_yoy_accel": -2.2332868107292043,
      "op_leverage_ratio": 82.03867048077748,
      "fcf_margin_change": 1.0335284508290457
    },
    {
      "date": "2025-09-30T00:00:00",
      "quarter_label": "2025-09 (Q3)",
      "revenue": 5013872,
      "gross_profit": 1568784,
      "operating_income": -4792771,
      "net_income": -4928679,
      "opex": 6361555,
      "cogs": 3445088,
      "rd": 301095,
      "sga": 5890901,
      "fcf": -4619386,
      "ocf": -4255149,
      "capex": -364237,
      "gross_margin": 0.31288872153098446,
      "op_margin": -0.955902145088666,
      "fcf_margin": -0.9213210867768463,
      "incr_op_margin_yoy": -0.46923018768573094,
      "rev_growth_yoy": 0.6057961304257454,
      "rev_growth_yoy_accel": -0.5304904606868991,
      "op_leverage_ratio": 0.6261902394861275,
      "fcf_margin_change": -0.1506674040838687
    }
  ],
  "signals": [
    {
      "quarter": "2025-09 (Q3)",
      "signal": "YoY REVENUE GROWTH DECELERATION",
      "detail": "YoY growth: +60.6% vs prior quarter YoY: +113.6% (decel: -53.0%)",
      "severity": "WARNING"
    },
    {
      "quarter": "2025-06 (Q2)",
      "signal": "FCF MARGIN EXPANSION",
      "detail": "FCF margin: -180.4% -> -77.1% (+103.4%)",
      "severity": "MEDIUM"
    },
    {
      "quarter": "2025-06 (Q2)",
      "signal": "OPERATING LEVERAGE",
      "detail": "Rev growth +83.3% vs OpEx growth +1.0% (leverage: 82.0x)",
      "severity": "MEDIUM"
    },
    {
      "quarter": "2025-06 (Q2)",
      "signal": "YoY REVENUE GROWTH DECELERATION",
      "detail": "YoY growth: +113.6% vs prior quarter YoY: +337.0% (decel: -223.3%)",
      "severity": "WARNING"
    },
    {
      "quarter": "2025-03 (Q1)",
      "signal": "YoY REVENUE GROWTH ACCELERATION",
      "detail": "YoY growth: +337.0% vs prior quarter YoY: +248.8% (accel: +88.1%)",
      "severity": "HIGH"
    },
    {
      "quarter": "2024-12 (Q4)",
      "signal": "GROSS MARGIN INFLECTION",
      "detail": "GM: +15.4% -> +7.9% -> +11.1% (reversal +3.2%)",
      "severity": "MEDIUM"
    },
    {
      "quarter": "2024-12 (Q4)",
      "signal": "YoY REVENUE GROWTH DECELERATION",
      "detail": "YoY growth: +248.8% vs prior quarter YoY: +581.0% (decel: -332.2%)",
      "severity": "WARNING"
    },
    {
      "quarter": "2024-09 (Q3)",
      "signal": "FCF MARGIN EXPANSION",
      "detail": "FCF margin: -195.1% -> -54.5% (+140.6%)",
      "severity": "MEDIUM"
    },
    {
      "quarter": "2024-09 (Q3)",
      "signal": "YoY REVENUE GROWTH DECELERATION",
      "detail": "YoY growth: +581.0% vs prior quarter YoY: +861.5% (decel: -280.5%)",
      "severity": "WARNING"
    },
    {
      "quarter": "2024-06 (Q2)",
      "signal": "FCF MARGIN EXPANSION",
      "detail": "FCF margin: -586.7% -> -195.1% (+391.6%)",
      "severity": "MEDIUM"
    },
    {
      "quarter": "2024-06 (Q2)",
      "signal": "OPERATING LEVERAGE",
      "detail": "Rev growth +274.8% vs OpEx growth +14.4% (leverage: 19.1x)",
      "severity": "MEDIUM"
    },
    {
      "quarter": "2024-06 (Q2)",
      "signal": "GROSS MARGIN INFLECTION",
      "detail": "GM: +11.0% -> +7.3% -> +15.4% (reversal +8.1%)",
      "severity": "HIGH"
    },
    {
      "quarter": "2024-06 (Q2)",
      "signal": "YoY REVENUE GROWTH DECELERATION",
      "detail": "YoY growth: +861.5% vs prior quarter YoY: +1505.8% (decel: -644.3%)",
      "severity": "WARNING"
    },
    {
      "quarter": "2024-03 (Q1)",
      "signal": "YoY REVENUE GROWTH DECELERATION",
      "detail": "YoY growth: +1505.8% vs prior quarter YoY: +2048.8% (decel: -543.0%)",
      "severity": "WARNING"
    },
    {
      "quarter": "2023-12 (Q4)",
      "signal": "FCF MARGIN EXPANSION",
      "detail": "FCF margin: -659.8% -> -474.2% (+185.6%)",
      "severity": "MEDIUM"
    },
    {
      "quarter": "2023-12 (Q4)",
      "signal": "YoY REVENUE GROWTH DECELERATION",
      "detail": "YoY growth: +2048.8% vs prior quarter YoY: +2398.5% (decel: -349.8%)",
      "severity": "WARNING"
    },
    {
      "quarter": "2023-09 (Q3)",
      "signal": "FCF MARGIN EXPANSION",
      "detail": "FCF margin: -2298.8% -> -659.8% (+1639.0%)",
      "severity": "MEDIUM"
    },
    {
      "quarter": "2023-09 (Q3)",
      "signal": "OPERATING LEVERAGE",
      "detail": "Rev growth +129.4% vs OpEx growth +5.9% (leverage: 21.9x)",
      "severity": "MEDIUM"
    },
    {
      "quarter": "2023-09 (Q3)",
      "signal": "YoY REVENUE GROWTH ACCELERATION",
      "detail": "YoY growth: +2398.5% vs prior quarter YoY: +1667.8% (accel: +730.7%)",
      "severity": "HIGH"
    },
    {
      "quarter": "2023-06 (Q2)",
      "signal": "FCF MARGIN EXPANSION",
      "detail": "FCF margin: -12596.2% -> -2298.8% (+10297.4%)",
      "severity": "MEDIUM"
    },
    {
      "quarter": "2023-06 (Q2)",
      "signal": "OPERATING LEVERAGE",
      "detail": "Rev growth +526.0% vs OpEx growth +6.9% (leverage: 76.6x)",
      "severity": "MEDIUM"
    },
    {
      "quarter": "2023-06 (Q2)",
      "signal": "YoY REVENUE GROWTH ACCELERATION",
      "detail": "YoY growth: +1667.8% vs prior quarter YoY: -33.2% (accel: +1701.0%)",
      "severity": "HIGH"
    },
    {
      "quarter": "2023-03 (Q1)",
      "signal": "YoY REVENUE GROWTH DECELERATION",
      "detail": "YoY growth: -33.2% vs prior quarter YoY: +137.4% (decel: -170.6%)",
      "severity": "WARNING"
    },
    {
      "quarter": "2022-12 (Q4)",
      "signal": "FCF MARGIN EXPANSION",
      "detail": "FCF margin: -13510.0% -> -6276.1% (+7234.0%)",
      "severity": "MEDIUM"
    },
    {
      "quarter": "2022-12 (Q4)",
      "signal": "OPERATING LEVERAGE",
      "detail": "Rev growth +112.9% vs OpEx growth +27.7% (leverage: 4.1x)",
      "severity": "MEDIUM"
    },
    {
      "quarter": "2022-12 (Q4)",
      "signal": "YoY REVENUE GROWTH ACCELERATION",
      "detail": "YoY growth: +137.4% vs prior quarter YoY: -80.4% (accel: +217.8%)",
      "severity": "HIGH"
    },
    {
      "quarter": "2022-09 (Q3)",
      "signal": "FCF MARGIN EXPANSION",
      "detail": "FCF margin: -100402.1% -> -13510.0% (+86892.1%)",
      "severity": "MEDIUM"
    },
    {
      "quarter": "2022-09 (Q3)",
      "signal": "YoY REVENUE GROWTH ACCELERATION",
      "detail": "YoY growth: -80.4% vs prior quarter YoY: -93.9% (accel: +13.6%)",
      "severity": "MEDIUM"
    },
    {
      "quarter": "2022-06 (Q2)",
      "signal": "YoY REVENUE GROWTH DECELERATION",
      "detail": "YoY growth: -93.9% vs prior quarter YoY: +524.6% (decel: -618.6%)",
      "severity": "WARNING"
    },
    {
      "quarter": "2022-03 (Q1)",
      "signal": "FCF MARGIN EXPANSION",
      "detail": "FCF margin: -14953.0% -> -5743.0% (+9210.0%)",
      "severity": "MEDIUM"
    },
    {
      "quarter": "2022-03 (Q1)",
      "signal": "GROSS MARGIN INFLECTION",
      "detail": "GM: +12.4% -> -333.6% -> +20.5% (reversal +354.1%)",
      "severity": "HIGH"
    },
    {
      "quarter": "2022-03 (Q1)",
      "signal": "YoY REVENUE GROWTH ACCELERATION",
      "detail": "YoY growth: +524.6% vs prior quarter YoY: -86.6% (accel: +611.2%)",
      "severity": "HIGH"
    },
    {
      "quarter": "2021-06 (Q2)",
      "signal": "FCF MARGIN EXPANSION",
      "detail": "FCF margin: -8184.3% -> -355.6% (+7828.8%)",
      "severity": "MEDIUM"
    },
    {
      "quarter": "2021-06 (Q2)",
      "signal": "GROSS MARGIN INFLECTION",
      "detail": "GM: +2.9% -> -687.2% -> +26.3% (reversal +713.5%)",
      "severity": "HIGH"
    }
  ],
  "data_quality": {
    "n_quarters": 20,
    "coverage": {
      "revenue": [
        20,
        20
      ],
      "gross_profit": [
        20,
        20
      ],
      "op_income": [
        20,
        20
      ],
      "fcf": [
        20,
        20
      ]
    },
    "gaps": [],
    "warnings": []
  },
  "market_cap": null,
  "source": "SEC EDGAR",
  "last_updated": "2026-02-02T23:59:32.571650"
}