{
  "ticker": "WLDN",
  "name": "WILLDAN GROUP,\u00a0INC.",
  "quarters": [
    {
      "date": "2021-01-01T00:00:00",
      "quarter_label": "2021-01 (Q1)",
      "revenue": 96897000,
      "gross_profit": 34502000,
      "operating_income": -5718000,
      "net_income": null,
      "opex": 40220000,
      "cogs": 62395000,
      "rd": null,
      "sga": null,
      "fcf": 19048000,
      "ocf": 20148000,
      "capex": -1100000,
      "gross_margin": 0.35606881534000023,
      "op_margin": -0.059011114895197996,
      "fcf_margin": 0.19657987347389497
    },
    {
      "date": "2021-04-02T00:00:00",
      "quarter_label": "2021-04 (Q2)",
      "revenue": 79086000,
      "gross_profit": 32132000,
      "operating_income": -4189000,
      "net_income": -3766000,
      "opex": 36321000,
      "cogs": 46954000,
      "rd": null,
      "sga": null,
      "fcf": 4318000,
      "ocf": 5645000,
      "capex": -1327000,
      "gross_margin": 0.40629188478365325,
      "op_margin": -0.05296765546367246,
      "fcf_margin": 0.05459879118933819,
      "fcf_margin_change": -0.14198108228455678
    },
    {
      "date": "2021-07-02T00:00:00",
      "quarter_label": "2021-07 (Q3)",
      "revenue": 84154000,
      "gross_profit": 30886000,
      "operating_income": -7072000,
      "net_income": -4601000,
      "opex": 37958000,
      "cogs": 53268000,
      "rd": null,
      "sga": null,
      "fcf": -8126000,
      "ocf": -6353000,
      "capex": -1773000,
      "gross_margin": 0.36701761057109583,
      "op_margin": -0.08403640943983649,
      "fcf_margin": -0.09656106661596597,
      "op_leverage_ratio": 1.4218248930809083,
      "fcf_margin_change": -0.15115985780530417
    },
    {
      "date": "2021-10-01T00:00:00",
      "quarter_label": "2021-10 (Q4)",
      "revenue": 98297000,
      "gross_profit": 38127000,
      "operating_income": 1443000,
      "net_income": 840000,
      "opex": 36684000,
      "cogs": 60170000,
      "rd": null,
      "sga": null,
      "fcf": -2800000,
      "ocf": -1002000,
      "capex": -1798000,
      "gross_margin": 0.38787552010742954,
      "op_margin": 0.014680000406930018,
      "fcf_margin": -0.028485101274708283,
      "op_leverage_ratio": Infinity,
      "fcf_margin_change": 0.06807596534125769
    },
    {
      "date": "2021-12-31T00:00:00",
      "quarter_label": "2021-12 (Q4)",
      "revenue": 92218000,
      "gross_profit": 34729000,
      "operating_income": 1127000,
      "net_income": -890000,
      "opex": 33602000,
      "cogs": 57489000,
      "rd": null,
      "sga": null,
      "fcf": 7912000,
      "ocf": 11514000,
      "capex": -3602000,
      "gross_margin": 0.37659675985165586,
      "op_margin": 0.012221041445270989,
      "fcf_margin": 0.08579669912598407,
      "incr_op_margin_yoy": -1.4629194272280401,
      "rev_growth_yoy": -0.04828838870140458,
      "fcf_margin_change": 0.11428180040069236
    },
    {
      "date": "2022-04-01T00:00:00",
      "quarter_label": "2022-04 (Q2)",
      "revenue": 91838000,
      "gross_profit": 31360000,
      "operating_income": -5608000,
      "net_income": -3773000,
      "opex": 36968000,
      "cogs": 60478000,
      "rd": null,
      "sga": null,
      "fcf": -9857000,
      "ocf": -7754000,
      "capex": -2103000,
      "gross_margin": 0.341470850846055,
      "op_margin": -0.06106404756201137,
      "fcf_margin": -0.10733029900476927,
      "incr_op_margin_yoy": -0.11127666248431618,
      "rev_growth_yoy": 0.1612421920441039,
      "rev_growth_yoy_accel": 0.20953058074550848,
      "fcf_margin_change": -0.19312699813075335
    },
    {
      "date": "2022-07-01T00:00:00",
      "quarter_label": "2022-07 (Q3)",
      "revenue": 102645000,
      "gross_profit": 31590000,
      "operating_income": -5298000,
      "net_income": -4326000,
      "opex": 36888000,
      "cogs": 71055000,
      "rd": null,
      "sga": null,
      "fcf": 1944000,
      "ocf": 4185000,
      "capex": -2241000,
      "gross_margin": 0.3077597544936431,
      "op_margin": -0.05161478883530615,
      "fcf_margin": 0.018939061814993424,
      "incr_op_margin_yoy": 0.09593856470715484,
      "rev_growth_yoy": 0.2197281174988711,
      "rev_growth_yoy_accel": 0.05848592545476722,
      "op_leverage_ratio": Infinity,
      "fcf_margin_change": 0.1262693608197627
    },
    {
      "date": "2022-09-30T00:00:00",
      "quarter_label": "2022-09 (Q3)",
      "revenue": 121399000,
      "gross_profit": 37522000,
      "operating_income": -755000,
      "net_income": 76000,
      "opex": 38277000,
      "cogs": 83877000,
      "rd": null,
      "sga": null,
      "fcf": 5447000,
      "ocf": 8072000,
      "capex": -2625000,
      "gross_margin": 0.3090799759470836,
      "op_margin": -0.006219161607591496,
      "fcf_margin": 0.04486857387622633,
      "incr_op_margin_yoy": -0.09514327763829972,
      "rev_growth_yoy": 0.23502243201725384,
      "rev_growth_yoy_accel": 0.015294314518382729,
      "op_leverage_ratio": 4.852203157373013,
      "fcf_margin_change": 0.025929512061232906
    },
    {
      "date": "2022-12-30T00:00:00",
      "quarter_label": "2022-12 (Q4)",
      "revenue": 113256000,
      "gross_profit": 43107000,
      "operating_income": 4598000,
      "net_income": -425000,
      "opex": 38509000,
      "cogs": 70149000,
      "rd": null,
      "sga": null,
      "fcf": 2297000,
      "ocf": 4930000,
      "capex": -2633000,
      "gross_margin": 0.38061559652468746,
      "op_margin": 0.0405982905982906,
      "fcf_margin": 0.0202814861905771,
      "incr_op_margin_yoy": 0.1649871660804259,
      "rev_growth_yoy": 0.22813333622503199,
      "rev_growth_yoy_accel": -0.006889095792221855,
      "fcf_margin_change": -0.02458708768564923
    },
    {
      "date": "2023-03-31T00:00:00",
      "quarter_label": "2023-03 (Q1)",
      "revenue": 102603000,
      "gross_profit": 41281000,
      "operating_income": 4014000,
      "net_income": 932000,
      "opex": 37267000,
      "cogs": 61322000,
      "rd": null,
      "sga": null,
      "fcf": 13804000,
      "ocf": 17292000,
      "capex": -3488000,
      "gross_margin": 0.40233716363069305,
      "op_margin": 0.03912166310926581,
      "fcf_margin": 0.13453797647242283,
      "incr_op_margin_yoy": 0.8938225731537389,
      "rev_growth_yoy": 0.11721727389533744,
      "rev_growth_yoy_accel": -0.11091606232969455,
      "fcf_margin_change": 0.11425649028184573
    },
    {
      "date": "2023-06-30T00:00:00",
      "quarter_label": "2023-06 (Q2)",
      "revenue": 119077000,
      "gross_profit": 40633000,
      "operating_income": 2474000,
      "net_income": 397000,
      "opex": 38159000,
      "cogs": 78444000,
      "rd": null,
      "sga": null,
      "fcf": -657000,
      "ocf": 1617000,
      "capex": -2274000,
      "gross_margin": 0.34123298369962296,
      "op_margin": 0.02077647236661992,
      "fcf_margin": -0.005517438296228491,
      "incr_op_margin_yoy": 0.47297955209347614,
      "rev_growth_yoy": 0.1600857323785864,
      "rev_growth_yoy_accel": 0.04286845848324895,
      "op_leverage_ratio": 6.708085376221965,
      "fcf_margin_change": -0.14005541476865133
    },
    {
      "date": "2023-09-29T00:00:00",
      "quarter_label": "2023-09 (Q3)",
      "revenue": 132738000,
      "gross_profit": 43428000,
      "operating_income": 3837000,
      "net_income": 1566000,
      "opex": 39591000,
      "cogs": 89310000,
      "rd": null,
      "sga": null,
      "fcf": 3382000,
      "ocf": 5203000,
      "capex": -1821000,
      "gross_margin": 0.3271708177010351,
      "op_margin": 0.028906567825340145,
      "fcf_margin": 0.025478762675345417,
      "incr_op_margin_yoy": 0.40497398359643705,
      "rev_growth_yoy": 0.09340274631586751,
      "rev_growth_yoy_accel": -0.06668298606271889,
      "op_leverage_ratio": 3.0570924590224537,
      "fcf_margin_change": 0.030996200971573906
    },
    {
      "date": "2023-12-29T00:00:00",
      "quarter_label": "2023-12 (Q4)",
      "revenue": 155677000,
      "gross_profit": 54425000,
      "operating_income": 11749000,
      "net_income": 8031000,
      "opex": 42676000,
      "cogs": 101252000,
      "rd": null,
      "sga": null,
      "fcf": 12760000,
      "ocf": 15102000,
      "capex": -2342000,
      "gross_margin": 0.3496020606769144,
      "op_margin": 0.07547036492224285,
      "fcf_margin": 0.08196458050964497,
      "incr_op_margin_yoy": 0.16857216944437897,
      "rev_growth_yoy": 0.374558522285795,
      "rev_growth_yoy_accel": 0.28115577596992747,
      "op_leverage_ratio": 2.217790479059503,
      "fcf_margin_change": 0.056485817834299554
    },
    {
      "date": "2024-03-29T00:00:00",
      "quarter_label": "2024-03 (Q1)",
      "revenue": 122489000,
      "gross_profit": 47418000,
      "operating_income": 5361000,
      "net_income": 2942000,
      "opex": 42057000,
      "cogs": 75071000,
      "rd": null,
      "sga": null,
      "fcf": 24978000,
      "ocf": 26949000,
      "capex": -1971000,
      "gross_margin": 0.38712047612438666,
      "op_margin": 0.0437671954216297,
      "fcf_margin": 0.203920352031611,
      "incr_op_margin_yoy": 0.06773609574575078,
      "rev_growth_yoy": 0.19381499566289484,
      "rev_growth_yoy_accel": -0.18074352662290016,
      "fcf_margin_change": 0.12195577152196602
    },
    {
      "date": "2024-06-28T00:00:00",
      "quarter_label": "2024-06 (Q2)",
      "revenue": 140996000,
      "gross_profit": 48804000,
      "operating_income": 6448000,
      "net_income": 4594000,
      "opex": 42356000,
      "cogs": 92192000,
      "rd": null,
      "sga": null,
      "fcf": -1265000,
      "ocf": 889000,
      "capex": -2154000,
      "gross_margin": 0.34613747907742065,
      "op_margin": 0.045731793809753465,
      "fcf_margin": -0.008971885727254674,
      "incr_op_margin_yoy": 0.1813038916008942,
      "rev_growth_yoy": 0.1840741704947219,
      "rev_growth_yoy_accel": -0.009740825168172929,
      "op_leverage_ratio": 21.252304902896064,
      "fcf_margin_change": -0.21289223775886568
    },
    {
      "date": "2024-09-27T00:00:00",
      "quarter_label": "2024-09 (Q3)",
      "revenue": 158252000,
      "gross_profit": 51601000,
      "operating_income": 8674000,
      "net_income": 7346000,
      "opex": 42927000,
      "cogs": 106651000,
      "rd": null,
      "sga": null,
      "fcf": 8824000,
      "ocf": 10773000,
      "capex": -1949000,
      "gross_margin": 0.3260685488966964,
      "op_margin": 0.05481131360109193,
      "fcf_margin": 0.05575916892045598,
      "incr_op_margin_yoy": 0.1895821901701027,
      "rev_growth_yoy": 0.19221323208124275,
      "rev_growth_yoy_accel": 0.008139061586520835,
      "op_leverage_ratio": 9.078459728509396,
      "fcf_margin_change": 0.06473105464771066
    },
    {
      "date": "2024-12-27T00:00:00",
      "quarter_label": "2024-12 (Q4)",
      "revenue": 144061000,
      "gross_profit": 54959000,
      "operating_income": 10870000,
      "net_income": 7688000,
      "opex": 44089000,
      "cogs": 89102000,
      "rd": null,
      "sga": null,
      "fcf": 31123000,
      "ocf": 33462000,
      "capex": -2339000,
      "gross_margin": 0.3814981153816786,
      "op_margin": 0.07545414789568308,
      "fcf_margin": 0.21604042731898293,
      "incr_op_margin_yoy": 0.07567148760330579,
      "rev_growth_yoy": -0.07461603191222853,
      "rev_growth_yoy_accel": -0.2668292639934713,
      "fcf_margin_change": 0.16028125839852694
    },
    {
      "date": "2025-04-04T00:00:00",
      "quarter_label": "2025-04 (Q2)",
      "revenue": 152386000,
      "gross_profit": 57661000,
      "operating_income": 7036000,
      "net_income": 4687000,
      "opex": 50625000,
      "cogs": 94725000,
      "rd": null,
      "sga": null,
      "fcf": 1001000,
      "ocf": 3311000,
      "capex": -2310000,
      "gross_margin": 0.37838777840484034,
      "op_margin": 0.04617222054519444,
      "fcf_margin": 0.0065688449070124555,
      "incr_op_margin_yoy": 0.05602568819614008,
      "rev_growth_yoy": 0.2440790601605042,
      "rev_growth_yoy_accel": 0.3186950920727327,
      "op_leverage_ratio": 0.3898127339842278,
      "fcf_margin_change": -0.20947158241197048
    },
    {
      "date": "2025-07-04T00:00:00",
      "quarter_label": "2025-07 (Q3)",
      "revenue": 173473000,
      "gross_profit": 68325000,
      "operating_income": 11816000,
      "net_income": 15436000,
      "opex": 56509000,
      "cogs": 105148000,
      "rd": null,
      "sga": null,
      "fcf": 23206000,
      "ocf": 25413000,
      "capex": -2207000,
      "gross_margin": 0.3938653277455281,
      "op_margin": 0.0681143463247883,
      "fcf_margin": 0.13377297908031796,
      "incr_op_margin_yoy": 0.16528620254333837,
      "rev_growth_yoy": 0.23033986779766802,
      "rev_growth_yoy_accel": -0.013739192362836189,
      "op_leverage_ratio": 1.1905896445592035,
      "fcf_margin_change": 0.1272041341733055
    },
    {
      "date": "2025-10-03T00:00:00",
      "quarter_label": "2025-10 (Q4)",
      "revenue": 182006000,
      "gross_profit": 67089000,
      "operating_income": 14862000,
      "net_income": 13721000,
      "opex": 52227000,
      "cogs": 114917000,
      "rd": null,
      "sga": null,
      "fcf": 9773000,
      "ocf": 12180000,
      "capex": -2407000,
      "gross_margin": 0.3686087271848181,
      "op_margin": 0.08165664868191158,
      "fcf_margin": 0.05369603199894509,
      "incr_op_margin_yoy": 0.26050349414835394,
      "rev_growth_yoy": 0.1501023683744913,
      "rev_growth_yoy_accel": -0.0802374994231767,
      "op_leverage_ratio": Infinity,
      "fcf_margin_change": -0.08007694708137286
    }
  ],
  "signals": [
    {
      "quarter": "2025-10 (Q4)",
      "signal": "YoY REVENUE GROWTH DECELERATION",
      "detail": "YoY growth: +15.0% vs prior quarter YoY: +23.0% (decel: -8.0%)",
      "severity": "WARNING"
    },
    {
      "quarter": "2025-10 (Q4)",
      "signal": "INCREMENTAL MARGIN (YoY)",
      "detail": "YoY Incr OPM: +26.1% vs year-ago OPM: +5.5%",
      "severity": "HIGH"
    },
    {
      "quarter": "2025-07 (Q3)",
      "signal": "FCF MARGIN EXPANSION",
      "detail": "FCF margin: +0.7% -> +13.4% (+12.7%)",
      "severity": "MEDIUM"
    },
    {
      "quarter": "2025-07 (Q3)",
      "signal": "INCREMENTAL MARGIN (YoY)",
      "detail": "YoY Incr OPM: +16.5% vs year-ago OPM: +4.6%",
      "severity": "MEDIUM"
    },
    {
      "quarter": "2025-04 (Q2)",
      "signal": "YoY REVENUE GROWTH ACCELERATION",
      "detail": "YoY growth: +24.4% vs prior quarter YoY: -7.5% (accel: +31.9%)",
      "severity": "HIGH"
    },
    {
      "quarter": "2024-12 (Q4)",
      "signal": "FCF MARGIN EXPANSION",
      "detail": "FCF margin: +5.6% -> +21.6% (+16.0%)",
      "severity": "MEDIUM"
    },
    {
      "quarter": "2024-12 (Q4)",
      "signal": "GROSS MARGIN INFLECTION",
      "detail": "GM: +34.6% -> +32.6% -> +38.1% (reversal +5.5%)",
      "severity": "HIGH"
    },
    {
      "quarter": "2024-12 (Q4)",
      "signal": "YoY REVENUE GROWTH DECELERATION",
      "detail": "YoY growth: -7.5% vs prior quarter YoY: +19.2% (decel: -26.7%)",
      "severity": "WARNING"
    },
    {
      "quarter": "2024-09 (Q3)",
      "signal": "FCF TURNED POSITIVE",
      "detail": "FCF margin: -0.9% -> +5.6%",
      "severity": "HIGH"
    },
    {
      "quarter": "2024-09 (Q3)",
      "signal": "OPERATING LEVERAGE",
      "detail": "Rev growth +12.2% vs OpEx growth +1.3% (leverage: 9.1x)",
      "severity": "MEDIUM"
    },
    {
      "quarter": "2024-09 (Q3)",
      "signal": "INCREMENTAL MARGIN (YoY)",
      "detail": "YoY Incr OPM: +19.0% vs year-ago OPM: +2.9%",
      "severity": "MEDIUM"
    },
    {
      "quarter": "2024-06 (Q2)",
      "signal": "OPERATING LEVERAGE",
      "detail": "Rev growth +15.1% vs OpEx growth +0.7% (leverage: 21.3x)",
      "severity": "MEDIUM"
    },
    {
      "quarter": "2024-06 (Q2)",
      "signal": "INCREMENTAL MARGIN (YoY)",
      "detail": "YoY Incr OPM: +18.1% vs year-ago OPM: +2.1%",
      "severity": "MEDIUM"
    },
    {
      "quarter": "2024-03 (Q1)",
      "signal": "FCF MARGIN EXPANSION",
      "detail": "FCF margin: +8.2% -> +20.4% (+12.2%)",
      "severity": "MEDIUM"
    },
    {
      "quarter": "2024-03 (Q1)",
      "signal": "YoY REVENUE GROWTH DECELERATION",
      "detail": "YoY growth: +19.4% vs prior quarter YoY: +37.5% (decel: -18.1%)",
      "severity": "WARNING"
    },
    {
      "quarter": "2023-12 (Q4)",
      "signal": "FCF MARGIN EXPANSION",
      "detail": "FCF margin: +2.5% -> +8.2% (+5.6%)",
      "severity": "MEDIUM"
    },
    {
      "quarter": "2023-12 (Q4)",
      "signal": "OPERATING LEVERAGE",
      "detail": "Rev growth +17.3% vs OpEx growth +7.8% (leverage: 2.2x)",
      "severity": "MEDIUM"
    },
    {
      "quarter": "2023-12 (Q4)",
      "signal": "GROSS MARGIN INFLECTION",
      "detail": "GM: +34.1% -> +32.7% -> +35.0% (reversal +2.2%)",
      "severity": "MEDIUM"
    },
    {
      "quarter": "2023-12 (Q4)",
      "signal": "YoY REVENUE GROWTH ACCELERATION",
      "detail": "YoY growth: +37.5% vs prior quarter YoY: +9.3% (accel: +28.1%)",
      "severity": "HIGH"
    },
    {
      "quarter": "2023-12 (Q4)",
      "signal": "INCREMENTAL MARGIN (YoY)",
      "detail": "YoY Incr OPM: +16.9% vs year-ago OPM: +4.1%",
      "severity": "MEDIUM"
    },
    {
      "quarter": "2023-09 (Q3)",
      "signal": "FCF TURNED POSITIVE",
      "detail": "FCF margin: -0.6% -> +2.5%",
      "severity": "HIGH"
    },
    {
      "quarter": "2023-09 (Q3)",
      "signal": "OPERATING LEVERAGE",
      "detail": "Rev growth +11.5% vs OpEx growth +3.8% (leverage: 3.1x)",
      "severity": "MEDIUM"
    },
    {
      "quarter": "2023-09 (Q3)",
      "signal": "YoY REVENUE GROWTH DECELERATION",
      "detail": "YoY growth: +9.3% vs prior quarter YoY: +16.0% (decel: -6.7%)",
      "severity": "WARNING"
    },
    {
      "quarter": "2023-09 (Q3)",
      "signal": "OP MARGIN TURNED POSITIVE (YoY)",
      "detail": "Op margin: -0.6% (year-ago) -> +2.9%",
      "severity": "HIGH"
    },
    {
      "quarter": "2023-06 (Q2)",
      "signal": "OPERATING LEVERAGE",
      "detail": "Rev growth +16.1% vs OpEx growth +2.4% (leverage: 6.7x)",
      "severity": "MEDIUM"
    },
    {
      "quarter": "2023-06 (Q2)",
      "signal": "OP MARGIN TURNED POSITIVE (YoY)",
      "detail": "Op margin: -5.2% (year-ago) -> +2.1%",
      "severity": "HIGH"
    },
    {
      "quarter": "2023-03 (Q1)",
      "signal": "FCF MARGIN EXPANSION",
      "detail": "FCF margin: +2.0% -> +13.5% (+11.4%)",
      "severity": "MEDIUM"
    },
    {
      "quarter": "2023-03 (Q1)",
      "signal": "YoY REVENUE GROWTH DECELERATION",
      "detail": "YoY growth: +11.7% vs prior quarter YoY: +22.8% (decel: -11.1%)",
      "severity": "WARNING"
    },
    {
      "quarter": "2023-03 (Q1)",
      "signal": "OP MARGIN TURNED POSITIVE (YoY)",
      "detail": "Op margin: -6.1% (year-ago) -> +3.9%",
      "severity": "HIGH"
    },
    {
      "quarter": "2022-12 (Q4)",
      "signal": "INCREMENTAL MARGIN (YoY)",
      "detail": "YoY Incr OPM: +16.5% vs year-ago OPM: +1.2%",
      "severity": "MEDIUM"
    },
    {
      "quarter": "2022-12 (Q4)",
      "signal": "OP MARGIN TURNED POSITIVE (QoQ)",
      "detail": "Op margin: -0.6% -> +4.1%",
      "severity": "HIGH"
    },
    {
      "quarter": "2022-09 (Q3)",
      "signal": "OPERATING LEVERAGE",
      "detail": "Rev growth +18.3% vs OpEx growth +3.8% (leverage: 4.9x)",
      "severity": "MEDIUM"
    },
    {
      "quarter": "2022-07 (Q3)",
      "signal": "FCF TURNED POSITIVE",
      "detail": "FCF margin: -10.7% -> +1.9%",
      "severity": "HIGH"
    },
    {
      "quarter": "2022-07 (Q3)",
      "signal": "YoY REVENUE GROWTH ACCELERATION",
      "detail": "YoY growth: +22.0% vs prior quarter YoY: +16.1% (accel: +5.8%)",
      "severity": "MEDIUM"
    },
    {
      "quarter": "2022-04 (Q2)",
      "signal": "YoY REVENUE GROWTH ACCELERATION",
      "detail": "YoY growth: +16.1% vs prior quarter YoY: -4.8% (accel: +21.0%)",
      "severity": "HIGH"
    },
    {
      "quarter": "2021-12 (Q4)",
      "signal": "FCF TURNED POSITIVE",
      "detail": "FCF margin: -2.8% -> +8.6%",
      "severity": "HIGH"
    },
    {
      "quarter": "2021-12 (Q4)",
      "signal": "OP MARGIN TURNED POSITIVE (YoY)",
      "detail": "Op margin: -5.9% (year-ago) -> +1.2%",
      "severity": "HIGH"
    },
    {
      "quarter": "2021-10 (Q4)",
      "signal": "FCF MARGIN EXPANSION",
      "detail": "FCF margin: -9.7% -> -2.8% (+6.8%)",
      "severity": "MEDIUM"
    },
    {
      "quarter": "2021-10 (Q4)",
      "signal": "GROSS MARGIN INFLECTION",
      "detail": "GM: +40.6% -> +36.7% -> +38.8% (reversal +2.1%)",
      "severity": "MEDIUM"
    },
    {
      "quarter": "2021-10 (Q4)",
      "signal": "OP MARGIN TURNED POSITIVE (QoQ)",
      "detail": "Op margin: -8.4% -> +1.5%",
      "severity": "HIGH"
    }
  ],
  "data_quality": {
    "n_quarters": 20,
    "coverage": {
      "revenue": [
        20,
        20
      ],
      "gross_profit": [
        20,
        20
      ],
      "op_income": [
        20,
        20
      ],
      "fcf": [
        20,
        20
      ]
    },
    "gaps": [],
    "warnings": []
  },
  "market_cap": null,
  "source": "SEC EDGAR",
  "last_updated": "2026-02-02T21:37:10.438977"
}