{
  "ticker": "WLK",
  "name": "Westlake Corporation",
  "quarters": [
    {
      "date": "2020-12-31T00:00:00",
      "quarter_label": "2020-12 (Q4)",
      "revenue": 1965000000,
      "gross_profit": 323000000,
      "operating_income": 178000000,
      "net_income": 113000000,
      "opex": 145000000,
      "cogs": 1642000000,
      "rd": null,
      "sga": 117000000,
      "fcf": 309000000,
      "ocf": 431000000,
      "capex": -122000000,
      "gross_margin": 0.1643765903307888,
      "op_margin": 0.0905852417302799,
      "fcf_margin": 0.15725190839694655
    },
    {
      "date": "2021-03-31T00:00:00",
      "quarter_label": "2021-03 (Q1)",
      "revenue": 2357000000,
      "gross_profit": 509000000,
      "operating_income": 346000000,
      "net_income": 242000000,
      "opex": 163000000,
      "cogs": 1848000000,
      "rd": null,
      "sga": 136000000,
      "fcf": 124000000,
      "ocf": 265000000,
      "capex": -141000000,
      "gross_margin": 0.21595248196860417,
      "op_margin": 0.14679677556215528,
      "fcf_margin": 0.05260924904539669,
      "op_leverage_ratio": 1.6070115917444163,
      "fcf_margin_change": -0.10464265935154987
    },
    {
      "date": "2021-06-30T00:00:00",
      "quarter_label": "2021-06 (Q2)",
      "revenue": 2859000000,
      "gross_profit": 872000000,
      "operating_income": 720000000,
      "net_income": 522000000,
      "opex": 152000000,
      "cogs": 1987000000,
      "rd": null,
      "sga": 125000000,
      "fcf": 488000000,
      "ocf": 617000000,
      "capex": -129000000,
      "gross_margin": 0.3050017488632389,
      "op_margin": 0.2518363064008394,
      "fcf_margin": 0.1706890521161245,
      "op_leverage_ratio": Infinity,
      "fcf_margin_change": 0.11807980307072782
    },
    {
      "date": "2021-09-30T00:00:00",
      "quarter_label": "2021-09 (Q3)",
      "revenue": 3055000000,
      "gross_profit": 1018000000,
      "operating_income": 861000000,
      "net_income": 607000000,
      "opex": 157000000,
      "cogs": 2037000000,
      "rd": null,
      "sga": 122000000,
      "fcf": 611000000,
      "ocf": 755000000,
      "capex": -144000000,
      "gross_margin": 0.3332242225859247,
      "op_margin": 0.2818330605564648,
      "fcf_margin": 0.2,
      "op_leverage_ratio": 2.0840853445260583,
      "fcf_margin_change": 0.029310947883875504
    },
    {
      "date": "2021-12-31T00:00:00",
      "quarter_label": "2021-12 (Q4)",
      "revenue": 3507000000,
      "gross_profit": 1096000000,
      "operating_income": 873000000,
      "net_income": 644000000,
      "opex": 223000000,
      "cogs": 2411000000,
      "rd": null,
      "sga": 168000000,
      "fcf": 513000000,
      "ocf": 757000000,
      "capex": -244000000,
      "gross_margin": 0.3125178214998574,
      "op_margin": 0.24893071000855432,
      "fcf_margin": 0.14627887082976904,
      "incr_op_margin_yoy": 0.45071335927367057,
      "rev_growth_yoy": 0.7847328244274809,
      "op_leverage_ratio": 0.35195159450478597,
      "fcf_margin_change": -0.053721129170230975
    },
    {
      "date": "2022-03-31T00:00:00",
      "quarter_label": "2022-03 (Q1)",
      "revenue": 4056000000,
      "gross_profit": 1285000000,
      "operating_income": 1032000000,
      "net_income": 756000000,
      "opex": 253000000,
      "cogs": 2771000000,
      "rd": null,
      "sga": 200000000,
      "fcf": 437000000,
      "ocf": 700000000,
      "capex": -263000000,
      "gross_margin": 0.3168145956607495,
      "op_margin": 0.25443786982248523,
      "fcf_margin": 0.10774161735700197,
      "incr_op_margin_yoy": 0.403766921718658,
      "rev_growth_yoy": 0.7208315655494273,
      "rev_growth_yoy_accel": -0.06390125887805365,
      "op_leverage_ratio": 1.1636441402908468,
      "fcf_margin_change": -0.03853725347276707
    },
    {
      "date": "2022-06-30T00:00:00",
      "quarter_label": "2022-06 (Q2)",
      "revenue": 4483000000,
      "gross_profit": 1445000000,
      "operating_income": 1175000000,
      "net_income": 858000000,
      "opex": 270000000,
      "cogs": 3038000000,
      "rd": null,
      "sga": 220000000,
      "fcf": 683000000,
      "ocf": 913000000,
      "capex": -230000000,
      "gross_margin": 0.3223287976801249,
      "op_margin": 0.2621012714699978,
      "fcf_margin": 0.15235333482043276,
      "incr_op_margin_yoy": 0.2801724137931034,
      "rev_growth_yoy": 0.5680307799930046,
      "rev_growth_yoy_accel": -0.15280078555642274,
      "op_leverage_ratio": 1.566756584290521,
      "fcf_margin_change": 0.04461171746343079
    },
    {
      "date": "2022-09-30T00:00:00",
      "quarter_label": "2022-09 (Q3)",
      "revenue": 3956000000,
      "gross_profit": 776000000,
      "operating_income": 516000000,
      "net_income": 401000000,
      "opex": 260000000,
      "cogs": 3180000000,
      "rd": null,
      "sga": 215000000,
      "fcf": 629000000,
      "ocf": 947000000,
      "capex": -318000000,
      "gross_margin": 0.1961577350859454,
      "op_margin": 0.13043478260869565,
      "fcf_margin": 0.1589989888776542,
      "incr_op_margin_yoy": -0.38290788013318533,
      "rev_growth_yoy": 0.2949263502454992,
      "rev_growth_yoy_accel": -0.2731044297475054,
      "fcf_margin_change": 0.006645654057221451
    },
    {
      "date": "2022-12-31T00:00:00",
      "quarter_label": "2022-12 (Q4)",
      "revenue": 3299000000,
      "gross_profit": 567000000,
      "operating_income": 327000000,
      "net_income": 232000000,
      "opex": 240000000,
      "cogs": 2732000000,
      "rd": null,
      "sga": 200000000,
      "fcf": 538000000,
      "ocf": 835000000,
      "capex": -297000000,
      "gross_margin": 0.17187026371627767,
      "op_margin": 0.09912094574113367,
      "fcf_margin": 0.16307972112761443,
      "incr_op_margin_yoy": 2.625,
      "rev_growth_yoy": -0.05930995152552039,
      "rev_growth_yoy_accel": -0.35423630177101956,
      "fcf_margin_change": 0.004080732249960223
    },
    {
      "date": "2023-03-31T00:00:00",
      "quarter_label": "2023-03 (Q1)",
      "revenue": 3356000000,
      "gross_profit": 792000000,
      "operating_income": 536000000,
      "net_income": 394000000,
      "opex": 256000000,
      "cogs": 2564000000,
      "rd": null,
      "sga": 222000000,
      "fcf": 245000000,
      "ocf": 512000000,
      "capex": -267000000,
      "gross_margin": 0.2359952324195471,
      "op_margin": 0.15971394517282478,
      "fcf_margin": 0.07300357568533969,
      "incr_op_margin_yoy": 0.7085714285714285,
      "rev_growth_yoy": -0.17258382642998027,
      "rev_growth_yoy_accel": -0.11327387490445988,
      "op_leverage_ratio": 0.2591694452864505,
      "fcf_margin_change": -0.09007614544227474
    },
    {
      "date": "2023-06-30T00:00:00",
      "quarter_label": "2023-06 (Q2)",
      "revenue": 3251000000,
      "gross_profit": 642000000,
      "operating_income": 396000000,
      "net_income": 297000000,
      "opex": 246000000,
      "cogs": 2609000000,
      "rd": null,
      "sga": 213000000,
      "fcf": 315000000,
      "ocf": 555000000,
      "capex": -240000000,
      "gross_margin": 0.19747769916948632,
      "op_margin": 0.12180867425407567,
      "fcf_margin": 0.09689326361119656,
      "incr_op_margin_yoy": 0.6323051948051948,
      "rev_growth_yoy": -0.27481597144769127,
      "rev_growth_yoy_accel": -0.102232145017711,
      "fcf_margin_change": 0.02388968792585687
    },
    {
      "date": "2023-09-30T00:00:00",
      "quarter_label": "2023-09 (Q3)",
      "revenue": 3115000000,
      "gross_profit": 586000000,
      "operating_income": 349000000,
      "net_income": 285000000,
      "opex": 237000000,
      "cogs": 2529000000,
      "rd": null,
      "sga": 206000000,
      "fcf": 451000000,
      "ocf": 696000000,
      "capex": -245000000,
      "gross_margin": 0.18812199036918137,
      "op_margin": 0.11203852327447833,
      "fcf_margin": 0.1447833065810594,
      "incr_op_margin_yoy": 0.1985731272294887,
      "rev_growth_yoy": -0.21258847320525784,
      "rev_growth_yoy_accel": 0.06222749824243343,
      "fcf_margin_change": 0.04789004296986284
    },
    {
      "date": "2023-12-31T00:00:00",
      "quarter_label": "2023-12 (Q4)",
      "revenue": 2826000000,
      "gross_profit": 199000000,
      "operating_income": -552000000,
      "net_income": -497000000,
      "opex": 751000000,
      "cogs": 2627000000,
      "rd": null,
      "sga": 224000000,
      "fcf": 291000000,
      "ocf": 573000000,
      "capex": -282000000,
      "gross_margin": 0.07041755130927105,
      "op_margin": -0.19532908704883228,
      "fcf_margin": 0.1029723991507431,
      "incr_op_margin_yoy": 1.8583509513742071,
      "rev_growth_yoy": -0.1433767808426796,
      "rev_growth_yoy_accel": 0.06921169236257824,
      "fcf_margin_change": -0.04181090743031629
    },
    {
      "date": "2024-03-31T00:00:00",
      "quarter_label": "2024-03 (Q1)",
      "revenue": 2975000000,
      "gross_profit": 466000000,
      "operating_income": 223000000,
      "net_income": 174000000,
      "opex": 243000000,
      "cogs": 2509000000,
      "rd": null,
      "sga": 209000000,
      "fcf": -103000000,
      "ocf": 169000000,
      "capex": -272000000,
      "gross_margin": 0.15663865546218486,
      "op_margin": 0.07495798319327732,
      "fcf_margin": -0.0346218487394958,
      "incr_op_margin_yoy": 0.821522309711286,
      "rev_growth_yoy": -0.1135280095351609,
      "rev_growth_yoy_accel": 0.0298487713075187,
      "op_leverage_ratio": Infinity,
      "fcf_margin_change": -0.1375942478902389
    },
    {
      "date": "2024-06-30T00:00:00",
      "quarter_label": "2024-06 (Q2)",
      "revenue": 3207000000,
      "gross_profit": 664000000,
      "operating_income": 406000000,
      "net_income": 313000000,
      "opex": 258000000,
      "cogs": 2543000000,
      "rd": null,
      "sga": 224000000,
      "fcf": 6000000,
      "ocf": 237000000,
      "capex": -231000000,
      "gross_margin": 0.20704708450265044,
      "op_margin": 0.12659806672903023,
      "fcf_margin": 0.0018709073900841909,
      "incr_op_margin_yoy": -0.22727272727272727,
      "rev_growth_yoy": -0.01353429713934174,
      "rev_growth_yoy_accel": 0.09999371239581917,
      "op_leverage_ratio": 1.2633277310924371,
      "fcf_margin_change": 0.036492756129579994
    },
    {
      "date": "2024-09-30T00:00:00",
      "quarter_label": "2024-09 (Q3)",
      "revenue": 3117000000,
      "gross_profit": 499000000,
      "operating_income": 180000000,
      "net_income": 108000000,
      "opex": 319000000,
      "cogs": 2618000000,
      "rd": null,
      "sga": 215000000,
      "fcf": 254000000,
      "ocf": 474000000,
      "capex": -220000000,
      "gross_margin": 0.16008982996470966,
      "op_margin": 0.05774783445620789,
      "fcf_margin": 0.08148861084376002,
      "incr_op_margin_yoy": -84.5,
      "rev_growth_yoy": 0.0006420545746388443,
      "rev_growth_yoy_accel": 0.014176351713980585,
      "fcf_margin_change": 0.07961770345367583
    },
    {
      "date": "2024-12-31T00:00:00",
      "quarter_label": "2024-12 (Q4)",
      "revenue": 2843000000,
      "gross_profit": 328000000,
      "operating_income": 66000000,
      "net_income": 7000000,
      "opex": 262000000,
      "cogs": 2515000000,
      "rd": null,
      "sga": 226000000,
      "fcf": 149000000,
      "ocf": 434000000,
      "capex": -285000000,
      "gross_margin": 0.11537108688005628,
      "op_margin": 0.02321491382342596,
      "fcf_margin": 0.05240942666197679,
      "incr_op_margin_yoy": 36.35294117647059,
      "rev_growth_yoy": 0.006015569709837226,
      "rev_growth_yoy_accel": 0.005373515135198381,
      "fcf_margin_change": -0.029079184181783235
    },
    {
      "date": "2025-03-31T00:00:00",
      "quarter_label": "2025-03 (Q1)",
      "revenue": 2846000000,
      "gross_profit": 232000000,
      "operating_income": -32000000,
      "net_income": -40000000,
      "opex": 264000000,
      "cogs": 2614000000,
      "rd": null,
      "sga": 227000000,
      "fcf": -325000000,
      "ocf": -77000000,
      "capex": -248000000,
      "gross_margin": 0.08151791988756149,
      "op_margin": -0.011243851018973999,
      "fcf_margin": -0.11419536191145467,
      "incr_op_margin_yoy": 1.9767441860465116,
      "rev_growth_yoy": -0.04336134453781513,
      "rev_growth_yoy_accel": -0.04937691424765235,
      "fcf_margin_change": -0.16660478857343147
    },
    {
      "date": "2025-06-30T00:00:00",
      "quarter_label": "2025-06 (Q2)",
      "revenue": 2953000000,
      "gross_profit": 258000000,
      "operating_income": -109000000,
      "net_income": -142000000,
      "opex": 367000000,
      "cogs": 2695000000,
      "rd": null,
      "sga": 221000000,
      "fcf": -132000000,
      "ocf": 135000000,
      "capex": -267000000,
      "gross_margin": 0.08736877751439215,
      "op_margin": -0.036911615306468,
      "fcf_margin": -0.044700304774805286,
      "incr_op_margin_yoy": 2.02755905511811,
      "rev_growth_yoy": -0.07920174618023075,
      "rev_growth_yoy_accel": -0.03584040164241562,
      "op_leverage_ratio": 0.09636416977669221,
      "fcf_margin_change": 0.06949505713664939
    },
    {
      "date": "2025-09-30T00:00:00",
      "quarter_label": "2025-09 (Q3)",
      "revenue": 2838000000,
      "gross_profit": 236000000,
      "operating_income": -766000000,
      "net_income": -782000000,
      "opex": 1002000000,
      "cogs": 2602000000,
      "rd": null,
      "sga": 228000000,
      "fcf": -57000000,
      "ocf": 182000000,
      "capex": -239000000,
      "gross_margin": 0.08315715292459479,
      "op_margin": -0.26990838618745594,
      "fcf_margin": -0.0200845665961945,
      "incr_op_margin_yoy": 3.390681003584229,
      "rev_growth_yoy": -0.08950914340712224,
      "rev_growth_yoy_accel": -0.010307397226891488,
      "fcf_margin_change": 0.024615738178610784
    }
  ],
  "signals": [
    {
      "quarter": "2025-06 (Q2)",
      "signal": "FCF MARGIN EXPANSION",
      "detail": "FCF margin: -11.4% -> -4.5% (+6.9%)",
      "severity": "MEDIUM"
    },
    {
      "quarter": "2024-12 (Q4)",
      "signal": "OP MARGIN TURNED POSITIVE (YoY)",
      "detail": "Op margin: -19.5% (year-ago) -> +2.3%",
      "severity": "HIGH"
    },
    {
      "quarter": "2024-09 (Q3)",
      "signal": "FCF MARGIN EXPANSION",
      "detail": "FCF margin: +0.2% -> +8.1% (+8.0%)",
      "severity": "MEDIUM"
    },
    {
      "quarter": "2024-06 (Q2)",
      "signal": "FCF TURNED POSITIVE",
      "detail": "FCF margin: -3.5% -> +0.2%",
      "severity": "HIGH"
    },
    {
      "quarter": "2024-06 (Q2)",
      "signal": "YoY REVENUE GROWTH ACCELERATION",
      "detail": "YoY growth: -1.4% vs prior quarter YoY: -11.4% (accel: +10.0%)",
      "severity": "MEDIUM"
    },
    {
      "quarter": "2024-03 (Q1)",
      "signal": "GROSS MARGIN INFLECTION",
      "detail": "GM: +18.8% -> +7.0% -> +15.7% (reversal +8.6%)",
      "severity": "HIGH"
    },
    {
      "quarter": "2024-03 (Q1)",
      "signal": "INCREMENTAL MARGIN (YoY)",
      "detail": "YoY Incr OPM: +82.2% vs year-ago OPM: +16.0%",
      "severity": "HIGH"
    },
    {
      "quarter": "2024-03 (Q1)",
      "signal": "OP MARGIN TURNED POSITIVE (QoQ)",
      "detail": "Op margin: -19.5% -> +7.5%",
      "severity": "HIGH"
    },
    {
      "quarter": "2023-12 (Q4)",
      "signal": "YoY REVENUE GROWTH ACCELERATION",
      "detail": "YoY growth: -14.3% vs prior quarter YoY: -21.3% (accel: +6.9%)",
      "severity": "MEDIUM"
    },
    {
      "quarter": "2023-09 (Q3)",
      "signal": "YoY REVENUE GROWTH ACCELERATION",
      "detail": "YoY growth: -21.3% vs prior quarter YoY: -27.5% (accel: +6.2%)",
      "severity": "MEDIUM"
    },
    {
      "quarter": "2023-06 (Q2)",
      "signal": "YoY REVENUE GROWTH DECELERATION",
      "detail": "YoY growth: -27.5% vs prior quarter YoY: -17.3% (decel: -10.2%)",
      "severity": "WARNING"
    },
    {
      "quarter": "2023-06 (Q2)",
      "signal": "INCREMENTAL MARGIN (YoY)",
      "detail": "YoY Incr OPM: +63.2% vs year-ago OPM: +26.2%",
      "severity": "HIGH"
    },
    {
      "quarter": "2023-03 (Q1)",
      "signal": "GROSS MARGIN INFLECTION",
      "detail": "GM: +19.6% -> +17.2% -> +23.6% (reversal +6.4%)",
      "severity": "HIGH"
    },
    {
      "quarter": "2023-03 (Q1)",
      "signal": "YoY REVENUE GROWTH DECELERATION",
      "detail": "YoY growth: -17.3% vs prior quarter YoY: -5.9% (decel: -11.3%)",
      "severity": "WARNING"
    },
    {
      "quarter": "2023-03 (Q1)",
      "signal": "INCREMENTAL MARGIN (YoY)",
      "detail": "YoY Incr OPM: +70.9% vs year-ago OPM: +25.4%",
      "severity": "HIGH"
    },
    {
      "quarter": "2022-12 (Q4)",
      "signal": "YoY REVENUE GROWTH DECELERATION",
      "detail": "YoY growth: -5.9% vs prior quarter YoY: +29.5% (decel: -35.4%)",
      "severity": "WARNING"
    },
    {
      "quarter": "2022-12 (Q4)",
      "signal": "INCREMENTAL MARGIN (YoY)",
      "detail": "YoY Incr OPM: +262.5% vs year-ago OPM: +24.9%",
      "severity": "HIGH"
    },
    {
      "quarter": "2022-09 (Q3)",
      "signal": "YoY REVENUE GROWTH DECELERATION",
      "detail": "YoY growth: +29.5% vs prior quarter YoY: +56.8% (decel: -27.3%)",
      "severity": "WARNING"
    },
    {
      "quarter": "2022-06 (Q2)",
      "signal": "OPERATING LEVERAGE",
      "detail": "Rev growth +10.5% vs OpEx growth +6.7% (leverage: 1.6x)",
      "severity": "MEDIUM"
    },
    {
      "quarter": "2022-06 (Q2)",
      "signal": "YoY REVENUE GROWTH DECELERATION",
      "detail": "YoY growth: +56.8% vs prior quarter YoY: +72.1% (decel: -15.3%)",
      "severity": "WARNING"
    },
    {
      "quarter": "2022-03 (Q1)",
      "signal": "YoY REVENUE GROWTH DECELERATION",
      "detail": "YoY growth: +72.1% vs prior quarter YoY: +78.5% (decel: -6.4%)",
      "severity": "WARNING"
    },
    {
      "quarter": "2022-03 (Q1)",
      "signal": "INCREMENTAL MARGIN (YoY)",
      "detail": "YoY Incr OPM: +40.4% vs year-ago OPM: +14.7%",
      "severity": "HIGH"
    },
    {
      "quarter": "2021-12 (Q4)",
      "signal": "INCREMENTAL MARGIN (YoY)",
      "detail": "YoY Incr OPM: +45.1% vs year-ago OPM: +9.1%",
      "severity": "HIGH"
    },
    {
      "quarter": "2021-09 (Q3)",
      "signal": "OPERATING LEVERAGE",
      "detail": "Rev growth +6.9% vs OpEx growth +3.3% (leverage: 2.1x)",
      "severity": "MEDIUM"
    },
    {
      "quarter": "2021-06 (Q2)",
      "signal": "FCF MARGIN EXPANSION",
      "detail": "FCF margin: +5.3% -> +17.1% (+11.8%)",
      "severity": "MEDIUM"
    },
    {
      "quarter": "2021-03 (Q1)",
      "signal": "OPERATING LEVERAGE",
      "detail": "Rev growth +19.9% vs OpEx growth +12.4% (leverage: 1.6x)",
      "severity": "MEDIUM"
    }
  ],
  "data_quality": {
    "n_quarters": 20,
    "coverage": {
      "revenue": [
        20,
        20
      ],
      "gross_profit": [
        20,
        20
      ],
      "op_income": [
        20,
        20
      ],
      "fcf": [
        20,
        20
      ]
    },
    "gaps": [],
    "warnings": []
  },
  "market_cap": null,
  "source": "SEC EDGAR",
  "last_updated": "2026-02-02T20:36:40.258202"
}