{
  "ticker": "WLKP",
  "name": "Westlake Chemical Partners LP",
  "quarters": [
    {
      "date": "2020-12-31T00:00:00",
      "quarter_label": "2020-12 (Q4)",
      "revenue": 245652000,
      "gross_profit": 84914000,
      "operating_income": 77609000,
      "net_income": 15025000,
      "opex": 7305000,
      "cogs": 160738000,
      "rd": null,
      "sga": 7305000,
      "fcf": 24723000,
      "ocf": 32521000,
      "capex": -7798000,
      "gross_margin": 0.3456678553400746,
      "op_margin": 0.31593066614560433,
      "fcf_margin": 0.10064237213619266
    },
    {
      "date": "2021-03-31T00:00:00",
      "quarter_label": "2021-03 (Q1)",
      "revenue": 268207000,
      "gross_profit": 87699000,
      "operating_income": 79026000,
      "net_income": 15146000,
      "opex": 8673000,
      "cogs": 180508000,
      "rd": null,
      "sga": 8673000,
      "fcf": 142660000,
      "ocf": 155408000,
      "capex": -12748000,
      "gross_margin": 0.32698251723482236,
      "op_margin": 0.2946455536208973,
      "fcf_margin": 0.5319025976204946,
      "op_leverage_ratio": 0.4902940806149678,
      "fcf_margin_change": 0.431260225484302
    },
    {
      "date": "2021-06-30T00:00:00",
      "quarter_label": "2021-06 (Q2)",
      "revenue": 322229000,
      "gross_profit": 131029000,
      "operating_income": 122760000,
      "net_income": 25099000,
      "opex": 8269000,
      "cogs": 191200000,
      "rd": null,
      "sga": 8269000,
      "fcf": 117169000,
      "ocf": 131710000,
      "capex": -14541000,
      "gross_margin": 0.40663317081951034,
      "op_margin": 0.3809712968106533,
      "fcf_margin": 0.36362028246992045,
      "op_leverage_ratio": Infinity,
      "fcf_margin_change": -0.16828231515057418
    },
    {
      "date": "2021-09-30T00:00:00",
      "quarter_label": "2021-09 (Q3)",
      "revenue": 293966000,
      "gross_profit": 75928000,
      "operating_income": 68136000,
      "net_income": 12790000,
      "opex": 7792000,
      "cogs": 218038000,
      "rd": null,
      "sga": 7792000,
      "fcf": 88258000,
      "ocf": 99459000,
      "capex": -11201000,
      "gross_margin": 0.25828837348536904,
      "op_margin": 0.23178190675112087,
      "fcf_margin": 0.30023199961900354,
      "fcf_margin_change": -0.06338828285091691
    },
    {
      "date": "2021-12-31T00:00:00",
      "quarter_label": "2021-12 (Q4)",
      "revenue": 330456000,
      "gross_profit": 147050000,
      "operating_income": 140766000,
      "net_income": 29512000,
      "opex": 6284000,
      "cogs": 183406000,
      "rd": null,
      "sga": 6284000,
      "fcf": -20819000,
      "ocf": 21862000,
      "capex": -42681000,
      "gross_margin": 0.4449911637252766,
      "op_margin": 0.425975016341056,
      "fcf_margin": -0.06300082310504272,
      "incr_op_margin_yoy": 0.7447408141125419,
      "rev_growth_yoy": 0.3452200674124371,
      "op_leverage_ratio": Infinity,
      "fcf_margin_change": -0.3632328227240463
    },
    {
      "date": "2022-03-31T00:00:00",
      "quarter_label": "2022-03 (Q1)",
      "revenue": 362400000,
      "gross_profit": 91439000,
      "operating_income": 83212000,
      "net_income": 16194000,
      "opex": 8227000,
      "cogs": 270961000,
      "rd": null,
      "sga": 8227000,
      "fcf": 84468000,
      "ocf": 104810000,
      "capex": -20342000,
      "gross_margin": 0.25231512141280354,
      "op_margin": 0.22961368653421635,
      "fcf_margin": 0.2330794701986755,
      "incr_op_margin_yoy": 0.04444066968883038,
      "rev_growth_yoy": 0.35119515896303977,
      "rev_growth_yoy_accel": 0.0059750915506026625,
      "op_leverage_ratio": 0.31263603296013515,
      "fcf_margin_change": 0.2960802933037182
    },
    {
      "date": "2022-06-30T00:00:00",
      "quarter_label": "2022-06 (Q2)",
      "revenue": 448785000,
      "gross_profit": 97302000,
      "operating_income": 87383000,
      "net_income": 16438000,
      "opex": 9919000,
      "cogs": 351483000,
      "rd": null,
      "sga": 9919000,
      "fcf": 108865000,
      "ocf": 120857000,
      "capex": -11992000,
      "gross_margin": 0.21681205922657842,
      "op_margin": 0.19471016188152457,
      "fcf_margin": 0.24257718060986888,
      "incr_op_margin_yoy": -0.2795363317424697,
      "rev_growth_yoy": 0.39275173867032454,
      "rev_growth_yoy_accel": 0.04155657970728477,
      "op_leverage_ratio": 1.1590209527108482,
      "fcf_margin_change": 0.009497710411193377
    },
    {
      "date": "2022-09-30T00:00:00",
      "quarter_label": "2022-09 (Q3)",
      "revenue": 415123000,
      "gross_profit": 90494000,
      "operating_income": 81816000,
      "net_income": 14757000,
      "opex": 8678000,
      "cogs": 324629000,
      "rd": null,
      "sga": 8678000,
      "fcf": 102371000,
      "ocf": 115495000,
      "capex": -13124000,
      "gross_margin": 0.2179932212862212,
      "op_margin": 0.19708857374802166,
      "fcf_margin": 0.2466040185679907,
      "incr_op_margin_yoy": 0.11291134643479123,
      "rev_growth_yoy": 0.4121463026336379,
      "rev_growth_yoy_accel": 0.01939456396331335,
      "fcf_margin_change": 0.0040268379581218094
    },
    {
      "date": "2022-12-31T00:00:00",
      "quarter_label": "2022-12 (Q4)",
      "revenue": 366839000,
      "gross_profit": 98130000,
      "operating_income": 95276000,
      "net_income": 16784000,
      "opex": 2854000,
      "cogs": 268709000,
      "rd": null,
      "sga": 2854000,
      "fcf": 113914000,
      "ocf": 122574000,
      "capex": -8660000,
      "gross_margin": 0.26750154700018264,
      "op_margin": 0.25972156722703965,
      "fcf_margin": 0.3105285970139489,
      "incr_op_margin_yoy": -1.250309210345491,
      "rev_growth_yoy": 0.11009937782942358,
      "rev_growth_yoy_accel": -0.3020469248042143,
      "fcf_margin_change": 0.06392457844595822
    },
    {
      "date": "2023-03-31T00:00:00",
      "quarter_label": "2023-03 (Q1)",
      "revenue": 307677000,
      "gross_profit": 106073000,
      "operating_income": 98159000,
      "net_income": 14892000,
      "opex": 7914000,
      "cogs": 201604000,
      "rd": null,
      "sga": 7914000,
      "fcf": 132204000,
      "ocf": 144860000,
      "capex": -12656000,
      "gross_margin": 0.3447544015314762,
      "op_margin": 0.3190326218729382,
      "fcf_margin": 0.4296843767977457,
      "incr_op_margin_yoy": -0.27313926502567476,
      "rev_growth_yoy": -0.1510016556291391,
      "rev_growth_yoy_accel": -0.26110103345856267,
      "fcf_margin_change": 0.11915577978379677
    },
    {
      "date": "2023-06-30T00:00:00",
      "quarter_label": "2023-06 (Q2)",
      "revenue": 264177000,
      "gross_profit": 87722000,
      "operating_income": 80493000,
      "net_income": 11886000,
      "opex": 7229000,
      "cogs": 176455000,
      "rd": null,
      "sga": 7229000,
      "fcf": 94030000,
      "ocf": 98543000,
      "capex": -4513000,
      "gross_margin": 0.3320576734537829,
      "op_margin": 0.30469344416811456,
      "fcf_margin": 0.35593560378079847,
      "incr_op_margin_yoy": 0.03732232622638239,
      "rev_growth_yoy": -0.4113506467462148,
      "rev_growth_yoy_accel": -0.2603489911170757,
      "fcf_margin_change": -0.07374877301694721
    },
    {
      "date": "2023-09-30T00:00:00",
      "quarter_label": "2023-09 (Q3)",
      "revenue": 321664000,
      "gross_profit": 92981000,
      "operating_income": 86240000,
      "net_income": 13206000,
      "opex": 6741000,
      "cogs": 228683000,
      "rd": null,
      "sga": 6741000,
      "fcf": 84115000,
      "ocf": 100925000,
      "capex": -16810000,
      "gross_margin": 0.2890625,
      "op_margin": 0.2681058495821727,
      "fcf_margin": 0.2614995771985674,
      "incr_op_margin_yoy": -0.04733626510020437,
      "rev_growth_yoy": -0.22513568267718242,
      "rev_growth_yoy_accel": 0.18621496406903237,
      "op_leverage_ratio": Infinity,
      "fcf_margin_change": -0.09443602658223105
    },
    {
      "date": "2023-12-31T00:00:00",
      "quarter_label": "2023-12 (Q4)",
      "revenue": 297273000,
      "gross_profit": 100683000,
      "operating_income": 92816000,
      "net_income": 14299000,
      "opex": 7867000,
      "cogs": 196590000,
      "rd": null,
      "sga": 7867000,
      "fcf": 94829000,
      "ocf": 107671000,
      "capex": -12842000,
      "gross_margin": 0.3386886801021283,
      "op_margin": 0.3122247900078379,
      "fcf_margin": 0.3189963434284311,
      "incr_op_margin_yoy": 0.03536210217635052,
      "rev_growth_yoy": -0.1896363254724825,
      "rev_growth_yoy_accel": 0.03549935720469993,
      "fcf_margin_change": 0.05749676622986366
    },
    {
      "date": "2024-03-31T00:00:00",
      "quarter_label": "2024-03 (Q1)",
      "revenue": 284673000,
      "gross_profit": 102180000,
      "operating_income": 95103000,
      "net_income": 14833000,
      "opex": 7077000,
      "cogs": 182493000,
      "rd": null,
      "sga": 7077000,
      "fcf": 94792000,
      "ocf": 104565000,
      "capex": -9773000,
      "gross_margin": 0.3589381500879957,
      "op_margin": 0.33407804744390934,
      "fcf_margin": 0.33298556589490397,
      "incr_op_margin_yoy": 0.13284646148495913,
      "rev_growth_yoy": -0.0747667196443023,
      "rev_growth_yoy_accel": 0.11486960582818019,
      "fcf_margin_change": 0.013989222466472884
    },
    {
      "date": "2024-06-30T00:00:00",
      "quarter_label": "2024-06 (Q2)",
      "revenue": 284168000,
      "gross_profit": 101232000,
      "operating_income": 93627000,
      "net_income": 14427000,
      "opex": 7605000,
      "cogs": 182936000,
      "rd": null,
      "sga": 7605000,
      "fcf": 111718000,
      "ocf": 121896000,
      "capex": -10178000,
      "gross_margin": 0.356239970721545,
      "op_margin": 0.3294776329495228,
      "fcf_margin": 0.39314067734579544,
      "incr_op_margin_yoy": 0.6569956480416187,
      "rev_growth_yoy": 0.07567274970947509,
      "rev_growth_yoy_accel": 0.1504394693537774,
      "fcf_margin_change": 0.060155111450891474
    },
    {
      "date": "2024-09-30T00:00:00",
      "quarter_label": "2024-09 (Q3)",
      "revenue": 276995000,
      "gross_profit": 116943000,
      "operating_income": 109689000,
      "net_income": 18136000,
      "opex": 7254000,
      "cogs": 160052000,
      "rd": null,
      "sga": 7254000,
      "fcf": 110525000,
      "ocf": 126071000,
      "capex": -15546000,
      "gross_margin": 0.42218451596599216,
      "op_margin": 0.3959963176230618,
      "fcf_margin": 0.399014422643008,
      "incr_op_margin_yoy": -0.5249501891692225,
      "rev_growth_yoy": -0.13886850875447673,
      "rev_growth_yoy_accel": -0.21454125846395183,
      "fcf_margin_change": 0.005873745297212574
    },
    {
      "date": "2024-12-31T00:00:00",
      "quarter_label": "2024-12 (Q4)",
      "revenue": 290060000,
      "gross_profit": 98584000,
      "operating_income": 92025000,
      "net_income": 14996000,
      "opex": 6559000,
      "cogs": 191476000,
      "rd": null,
      "sga": 6559000,
      "fcf": 118995000,
      "ocf": 132469000,
      "capex": -13474000,
      "gross_margin": 0.3398745087223333,
      "op_margin": 0.3172619458043163,
      "fcf_margin": 0.41024270840515753,
      "incr_op_margin_yoy": 0.10966310827672258,
      "rev_growth_yoy": -0.024263892112637204,
      "rev_growth_yoy_accel": 0.11460461664183953,
      "op_leverage_ratio": Infinity,
      "fcf_margin_change": 0.011228285762149515
    },
    {
      "date": "2025-03-31T00:00:00",
      "quarter_label": "2025-03 (Q1)",
      "revenue": 237629000,
      "gross_profit": 54081000,
      "operating_income": 46607000,
      "net_income": 4948000,
      "opex": 7474000,
      "cogs": 183548000,
      "rd": null,
      "sga": 7474000,
      "fcf": 29825000,
      "ocf": 45781000,
      "capex": -15956000,
      "gross_margin": 0.22758585862836606,
      "op_margin": 0.19613346855813052,
      "fcf_margin": 0.12551077519999662,
      "incr_op_margin_yoy": 1.030864722387552,
      "rev_growth_yoy": -0.16525627649970318,
      "rev_growth_yoy_accel": -0.14099238438706596,
      "fcf_margin_change": -0.2847319332051609
    },
    {
      "date": "2025-06-30T00:00:00",
      "quarter_label": "2025-06 (Q2)",
      "revenue": 297119000,
      "gross_profit": 97532000,
      "operating_income": 91232000,
      "net_income": 14558000,
      "opex": 6300000,
      "cogs": 199587000,
      "rd": null,
      "sga": 6300000,
      "fcf": -15309000,
      "ocf": 9071000,
      "capex": -24380000,
      "gross_margin": 0.32825904772161996,
      "op_margin": 0.3070554222382278,
      "fcf_margin": -0.051524809924642985,
      "incr_op_margin_yoy": -0.18492780480271795,
      "rev_growth_yoy": 0.04557515272655612,
      "rev_growth_yoy_accel": 0.2108314292262593,
      "op_leverage_ratio": Infinity,
      "fcf_margin_change": -0.1770355851246396
    },
    {
      "date": "2025-09-30T00:00:00",
      "quarter_label": "2025-09 (Q3)",
      "revenue": 308898000,
      "gross_profit": 99423000,
      "operating_income": 91979000,
      "net_income": 14653000,
      "opex": 7444000,
      "cogs": 209475000,
      "rd": null,
      "sga": 7444000,
      "fcf": 75586000,
      "ocf": 105238000,
      "capex": -29652000,
      "gross_margin": 0.32186352776644717,
      "op_margin": 0.29776495801202985,
      "fcf_margin": 0.2446956600560703,
      "incr_op_margin_yoy": -0.5551202081308968,
      "rev_growth_yoy": 0.11517536417624867,
      "rev_growth_yoy_accel": 0.06960021144969256,
      "op_leverage_ratio": 0.21831949700076614,
      "fcf_margin_change": 0.2962204699807133
    }
  ],
  "signals": [
    {
      "quarter": "2025-09 (Q3)",
      "signal": "FCF TURNED POSITIVE",
      "detail": "FCF margin: -5.2% -> +24.5%",
      "severity": "HIGH"
    },
    {
      "quarter": "2025-09 (Q3)",
      "signal": "YoY REVENUE GROWTH ACCELERATION",
      "detail": "YoY growth: +11.5% vs prior quarter YoY: +4.6% (accel: +7.0%)",
      "severity": "MEDIUM"
    },
    {
      "quarter": "2025-06 (Q2)",
      "signal": "GROSS MARGIN INFLECTION",
      "detail": "GM: +34.0% -> +22.8% -> +32.8% (reversal +10.1%)",
      "severity": "HIGH"
    },
    {
      "quarter": "2025-06 (Q2)",
      "signal": "YoY REVENUE GROWTH ACCELERATION",
      "detail": "YoY growth: +4.6% vs prior quarter YoY: -16.5% (accel: +21.1%)",
      "severity": "HIGH"
    },
    {
      "quarter": "2025-03 (Q1)",
      "signal": "YoY REVENUE GROWTH DECELERATION",
      "detail": "YoY growth: -16.5% vs prior quarter YoY: -2.4% (decel: -14.1%)",
      "severity": "WARNING"
    },
    {
      "quarter": "2025-03 (Q1)",
      "signal": "INCREMENTAL MARGIN (YoY)",
      "detail": "YoY Incr OPM: +103.1% vs year-ago OPM: +33.4%",
      "severity": "HIGH"
    },
    {
      "quarter": "2024-12 (Q4)",
      "signal": "YoY REVENUE GROWTH ACCELERATION",
      "detail": "YoY growth: -2.4% vs prior quarter YoY: -13.9% (accel: +11.5%)",
      "severity": "MEDIUM"
    },
    {
      "quarter": "2024-09 (Q3)",
      "signal": "GROSS MARGIN INFLECTION",
      "detail": "GM: +35.9% -> +35.6% -> +42.2% (reversal +6.6%)",
      "severity": "HIGH"
    },
    {
      "quarter": "2024-09 (Q3)",
      "signal": "YoY REVENUE GROWTH DECELERATION",
      "detail": "YoY growth: -13.9% vs prior quarter YoY: +7.6% (decel: -21.5%)",
      "severity": "WARNING"
    },
    {
      "quarter": "2024-06 (Q2)",
      "signal": "FCF MARGIN EXPANSION",
      "detail": "FCF margin: +33.3% -> +39.3% (+6.0%)",
      "severity": "MEDIUM"
    },
    {
      "quarter": "2024-06 (Q2)",
      "signal": "YoY REVENUE GROWTH ACCELERATION",
      "detail": "YoY growth: +7.6% vs prior quarter YoY: -7.5% (accel: +15.0%)",
      "severity": "HIGH"
    },
    {
      "quarter": "2024-06 (Q2)",
      "signal": "INCREMENTAL MARGIN (YoY)",
      "detail": "YoY Incr OPM: +65.7% vs year-ago OPM: +30.5%",
      "severity": "HIGH"
    },
    {
      "quarter": "2024-03 (Q1)",
      "signal": "YoY REVENUE GROWTH ACCELERATION",
      "detail": "YoY growth: -7.5% vs prior quarter YoY: -19.0% (accel: +11.5%)",
      "severity": "MEDIUM"
    },
    {
      "quarter": "2023-12 (Q4)",
      "signal": "FCF MARGIN EXPANSION",
      "detail": "FCF margin: +26.1% -> +31.9% (+5.7%)",
      "severity": "MEDIUM"
    },
    {
      "quarter": "2023-12 (Q4)",
      "signal": "GROSS MARGIN INFLECTION",
      "detail": "GM: +33.2% -> +28.9% -> +33.9% (reversal +5.0%)",
      "severity": "MEDIUM"
    },
    {
      "quarter": "2023-09 (Q3)",
      "signal": "YoY REVENUE GROWTH ACCELERATION",
      "detail": "YoY growth: -22.5% vs prior quarter YoY: -41.1% (accel: +18.6%)",
      "severity": "HIGH"
    },
    {
      "quarter": "2023-06 (Q2)",
      "signal": "YoY REVENUE GROWTH DECELERATION",
      "detail": "YoY growth: -41.1% vs prior quarter YoY: -15.1% (decel: -26.0%)",
      "severity": "WARNING"
    },
    {
      "quarter": "2023-03 (Q1)",
      "signal": "FCF MARGIN EXPANSION",
      "detail": "FCF margin: +31.1% -> +43.0% (+11.9%)",
      "severity": "MEDIUM"
    },
    {
      "quarter": "2023-03 (Q1)",
      "signal": "YoY REVENUE GROWTH DECELERATION",
      "detail": "YoY growth: -15.1% vs prior quarter YoY: +11.0% (decel: -26.1%)",
      "severity": "WARNING"
    },
    {
      "quarter": "2022-12 (Q4)",
      "signal": "FCF MARGIN EXPANSION",
      "detail": "FCF margin: +24.7% -> +31.1% (+6.4%)",
      "severity": "MEDIUM"
    },
    {
      "quarter": "2022-12 (Q4)",
      "signal": "YoY REVENUE GROWTH DECELERATION",
      "detail": "YoY growth: +11.0% vs prior quarter YoY: +41.2% (decel: -30.2%)",
      "severity": "WARNING"
    },
    {
      "quarter": "2022-03 (Q1)",
      "signal": "FCF TURNED POSITIVE",
      "detail": "FCF margin: -6.3% -> +23.3%",
      "severity": "HIGH"
    },
    {
      "quarter": "2021-12 (Q4)",
      "signal": "GROSS MARGIN INFLECTION",
      "detail": "GM: +40.7% -> +25.8% -> +44.5% (reversal +18.7%)",
      "severity": "HIGH"
    },
    {
      "quarter": "2021-12 (Q4)",
      "signal": "INCREMENTAL MARGIN (YoY)",
      "detail": "YoY Incr OPM: +74.5% vs year-ago OPM: +31.6%",
      "severity": "HIGH"
    },
    {
      "quarter": "2021-06 (Q2)",
      "signal": "GROSS MARGIN INFLECTION",
      "detail": "GM: +34.6% -> +32.7% -> +40.7% (reversal +8.0%)",
      "severity": "HIGH"
    },
    {
      "quarter": "2021-03 (Q1)",
      "signal": "FCF MARGIN EXPANSION",
      "detail": "FCF margin: +10.1% -> +53.2% (+43.1%)",
      "severity": "MEDIUM"
    }
  ],
  "data_quality": {
    "n_quarters": 20,
    "coverage": {
      "revenue": [
        20,
        20
      ],
      "gross_profit": [
        20,
        20
      ],
      "op_income": [
        20,
        20
      ],
      "fcf": [
        20,
        20
      ]
    },
    "gaps": [],
    "warnings": []
  },
  "market_cap": null,
  "source": "SEC EDGAR",
  "last_updated": "2026-02-02T22:11:24.630520"
}