{
  "ticker": "WLY",
  "name": "JOHN WILEY & SONS, INC.",
  "quarters": [
    {
      "date": "2021-01-31T00:00:00",
      "quarter_label": "2021-01 (Q1)",
      "revenue": 482912000,
      "gross_profit": 325300000,
      "operating_income": 34327000,
      "net_income": 22161000,
      "opex": 448585000,
      "cogs": 157636000,
      "rd": null,
      "sga": 251242000,
      "fcf": 209702000,
      "ocf": 231448000,
      "capex": -21746000,
      "gross_margin": 0.6736216950500298,
      "op_margin": 0.07108334437744351,
      "fcf_margin": 0.4342447485256113
    },
    {
      "date": "2021-04-30T00:00:00",
      "quarter_label": "2021-04 (Q2)",
      "revenue": 536300000,
      "gross_profit": 368200000,
      "operating_income": 51200000,
      "net_income": 41400000,
      "opex": 485012000,
      "cogs": 168037000,
      "rd": null,
      "sga": 286882000,
      "fcf": 185866000,
      "ocf": 205097000,
      "capex": -19231000,
      "gross_margin": 0.6865560320716018,
      "op_margin": 0.09546895394368823,
      "fcf_margin": 0.3465709490956554,
      "op_leverage_ratio": 1.3614352653355215,
      "fcf_margin_change": -0.0876737994299559
    },
    {
      "date": "2021-07-31T00:00:00",
      "quarter_label": "2021-07 (Q3)",
      "revenue": 488388000,
      "gross_profit": 322432000,
      "operating_income": 40968000,
      "net_income": 13830000,
      "opex": 447420000,
      "cogs": 165956000,
      "rd": null,
      "sga": 260589000,
      "fcf": -102684000,
      "ocf": -84774000,
      "capex": -17910000,
      "gross_margin": 0.6601964012219792,
      "op_margin": 0.08388412491707413,
      "fcf_margin": -0.21025086611464655,
      "fcf_margin_change": -0.5568218152103019
    },
    {
      "date": "2021-10-31T00:00:00",
      "quarter_label": "2021-10 (Q4)",
      "revenue": 533003000,
      "gross_profit": 358221000,
      "operating_income": 73888000,
      "net_income": 55967000,
      "opex": 459115000,
      "cogs": 174782000,
      "rd": null,
      "sga": 264190000,
      "fcf": -10614000,
      "ocf": 9152000,
      "capex": -19766000,
      "gross_margin": 0.6720806449494656,
      "op_margin": 0.13862586139290023,
      "fcf_margin": -0.01991358397607518,
      "op_leverage_ratio": 3.494870437522423,
      "fcf_margin_change": 0.19033728213857137
    },
    {
      "date": "2022-01-31T00:00:00",
      "quarter_label": "2022-01 (Q1)",
      "revenue": 515884000,
      "gross_profit": 342968000,
      "operating_income": 45989000,
      "net_income": 35366000,
      "opex": 469895000,
      "cogs": 172916000,
      "rd": null,
      "sga": 275475000,
      "fcf": 211114000,
      "ocf": 234106000,
      "capex": -22992000,
      "gross_margin": 0.6648161214536601,
      "op_margin": 0.08914600956804243,
      "fcf_margin": 0.40922765582960513,
      "incr_op_margin_yoy": 0.35369404343078975,
      "rev_growth_yoy": 0.06827745013584255,
      "fcf_margin_change": 0.4291412398056803
    },
    {
      "date": "2022-04-30T00:00:00",
      "quarter_label": "2022-04 (Q2)",
      "revenue": 545653000,
      "gross_profit": 358649000,
      "operating_income": 58431000,
      "net_income": 43146000,
      "opex": 487222000,
      "cogs": 187004000,
      "rd": null,
      "sga": 279331000,
      "fcf": 152441000,
      "ocf": 180616000,
      "capex": -28175000,
      "gross_margin": 0.6572840248289664,
      "op_margin": 0.10708453907519981,
      "fcf_margin": 0.27937352126717896,
      "incr_op_margin_yoy": 0.7731209237677751,
      "rev_growth_yoy": 0.017439865746783516,
      "rev_growth_yoy_accel": -0.05083758438905903,
      "op_leverage_ratio": 1.564910973692442,
      "fcf_margin_change": -0.12985413456242617
    },
    {
      "date": "2022-07-31T00:00:00",
      "quarter_label": "2022-07 (Q3)",
      "revenue": 487569000,
      "gross_profit": 313538000,
      "operating_income": -16965000,
      "net_income": -17835000,
      "opex": 504534000,
      "cogs": 174031000,
      "rd": null,
      "sga": 282751000,
      "fcf": -107862000,
      "ocf": -89939000,
      "capex": -17923000,
      "gross_margin": 0.6430638535263726,
      "op_margin": -0.03479507515859294,
      "fcf_margin": -0.221224072900451,
      "rev_growth_yoy": -0.0016769453794933536,
      "rev_growth_yoy_accel": -0.01911681112627687,
      "fcf_margin_change": -0.50059759416763
    },
    {
      "date": "2022-10-31T00:00:00",
      "quarter_label": "2022-10 (Q4)",
      "revenue": 514836000,
      "gross_profit": 344534000,
      "operating_income": 57439000,
      "net_income": 38193000,
      "opex": 457397000,
      "cogs": 170302000,
      "rd": null,
      "sga": 253029000,
      "fcf": -6864000,
      "ocf": 13743000,
      "capex": -20607000,
      "gross_margin": 0.6692111662743088,
      "op_margin": 0.11156756714759651,
      "fcf_margin": -0.013332400997599235,
      "incr_op_margin_yoy": 0.9054329278361865,
      "rev_growth_yoy": -0.034084235923625195,
      "rev_growth_yoy_accel": -0.03240729054413184,
      "op_leverage_ratio": Infinity,
      "fcf_margin_change": 0.20789167190285177
    },
    {
      "date": "2023-01-31T00:00:00",
      "quarter_label": "2023-01 (Q1)",
      "revenue": 491368000,
      "gross_profit": 317317000,
      "operating_income": -67056000,
      "net_income": -71469000,
      "opex": 558424000,
      "cogs": 174051000,
      "rd": null,
      "sga": 255798000,
      "fcf": 110828000,
      "ocf": 129914000,
      "capex": -19086000,
      "gross_margin": 0.6457827941583497,
      "op_margin": -0.13646798326305334,
      "fcf_margin": 0.2255498933589489,
      "incr_op_margin_yoy": 4.611070321422744,
      "rev_growth_yoy": -0.04752231121725039,
      "rev_growth_yoy_accel": -0.013438075293625194,
      "fcf_margin_change": 0.23888229435654815
    },
    {
      "date": "2023-04-30T00:00:00",
      "quarter_label": "2023-04 (Q2)",
      "revenue": 526127000,
      "gross_profit": 351970000,
      "operating_income": 82472000,
      "net_income": 68344000,
      "opex": 443655000,
      "cogs": 174157000,
      "rd": null,
      "sga": 245821000,
      "fcf": 199814000,
      "ocf": 223353000,
      "capex": -23539000,
      "gross_margin": 0.6689829641892547,
      "op_margin": 0.1567530273108964,
      "fcf_margin": 0.3797828281004396,
      "incr_op_margin_yoy": -1.2312301546655742,
      "rev_growth_yoy": -0.03578464701925949,
      "rev_growth_yoy_accel": 0.011737664197990896,
      "op_leverage_ratio": Infinity,
      "fcf_margin_change": 0.15423293474149072
    },
    {
      "date": "2023-07-31T00:00:00",
      "quarter_label": "2023-07 (Q3)",
      "revenue": 451013000,
      "gross_profit": 293912000,
      "operating_income": -16355000,
      "net_income": -92264000,
      "opex": 467368000,
      "cogs": 157101000,
      "rd": null,
      "sga": 255801000,
      "fcf": -102421000,
      "ocf": -82335000,
      "capex": -20086000,
      "gross_margin": 0.6516707944116911,
      "op_margin": -0.03626281282357715,
      "fcf_margin": -0.22709101511486365,
      "incr_op_margin_yoy": -0.016686727213043002,
      "rev_growth_yoy": -0.07497605467123628,
      "rev_growth_yoy_accel": -0.03919140765197678,
      "fcf_margin_change": -0.6068738432153032
    },
    {
      "date": "2023-10-31T00:00:00",
      "quarter_label": "2023-10 (Q4)",
      "revenue": 492808000,
      "gross_profit": 337194000,
      "operating_income": 46245000,
      "net_income": -19445000,
      "opex": 446563000,
      "cogs": 155614000,
      "rd": null,
      "sga": 252282000,
      "fcf": -21386000,
      "ocf": -1151000,
      "capex": -20235000,
      "gross_margin": 0.684229963799289,
      "op_margin": 0.0938397915618253,
      "fcf_margin": -0.04339621110046915,
      "incr_op_margin_yoy": 0.5081714181950245,
      "rev_growth_yoy": -0.04278644073064044,
      "rev_growth_yoy_accel": 0.032189613940595836,
      "op_leverage_ratio": Infinity,
      "fcf_margin_change": 0.1836948040143945
    },
    {
      "date": "2024-01-31T00:00:00",
      "quarter_label": "2024-01 (Q1)",
      "revenue": 460705000,
      "gross_profit": 317043000,
      "operating_income": -46411000,
      "net_income": -113875000,
      "opex": 507116000,
      "cogs": 143662000,
      "rd": null,
      "sga": 253375000,
      "fcf": 90884000,
      "ocf": 107838000,
      "capex": -16954000,
      "gross_margin": 0.6881692189144898,
      "op_margin": -0.1007390846637219,
      "fcf_margin": 0.1972715729154231,
      "incr_op_margin_yoy": -0.6732870234484558,
      "rev_growth_yoy": -0.06240333110825288,
      "rev_growth_yoy_accel": -0.01961689037761244,
      "fcf_margin_change": 0.24066778401589226
    },
    {
      "date": "2024-04-30T00:00:00",
      "quarter_label": "2024-04 (Q2)",
      "revenue": 468461000,
      "gross_profit": 345116000,
      "operating_income": 68782000,
      "net_income": 25265000,
      "opex": 399679000,
      "cogs": 123345000,
      "rd": null,
      "sga": 252062000,
      "fcf": 164481000,
      "ocf": 183286000,
      "capex": -18805000,
      "gross_margin": 0.7367016678015886,
      "op_margin": 0.14682545612121392,
      "fcf_margin": 0.3511092705689481,
      "incr_op_margin_yoy": 0.23740158845767004,
      "rev_growth_yoy": -0.1096047152113463,
      "rev_growth_yoy_accel": -0.04720138410309343,
      "op_leverage_ratio": Infinity,
      "fcf_margin_change": 0.15383769765352498
    },
    {
      "date": "2024-07-31T00:00:00",
      "quarter_label": "2024-07 (Q3)",
      "revenue": 403809000,
      "gross_profit": 294589000,
      "operating_income": 28973000,
      "net_income": -1436000,
      "opex": 374836000,
      "cogs": 109220000,
      "rd": null,
      "sga": 248819000,
      "fcf": -103214000,
      "ocf": -88712000,
      "capex": -14502000,
      "gross_margin": 0.7295255925449903,
      "op_margin": 0.07174926759928581,
      "fcf_margin": -0.2556010391051215,
      "incr_op_margin_yoy": -0.9602576052876874,
      "rev_growth_yoy": -0.10466217160037515,
      "rev_growth_yoy_accel": 0.004942543610971156,
      "fcf_margin_change": -0.6067103096740696
    },
    {
      "date": "2024-10-31T00:00:00",
      "quarter_label": "2024-10 (Q4)",
      "revenue": 426595000,
      "gross_profit": 319595000,
      "operating_income": 64133000,
      "net_income": 40458000,
      "opex": 362462000,
      "cogs": 107000000,
      "rd": null,
      "sga": 238891000,
      "fcf": -19808000,
      "ocf": -5280000,
      "capex": -14528000,
      "gross_margin": 0.7491766195103083,
      "op_margin": 0.15033697066304105,
      "fcf_margin": -0.046432799259250576,
      "incr_op_margin_yoy": -0.2701584281032426,
      "rev_growth_yoy": -0.13435861430820928,
      "rev_growth_yoy_accel": -0.029696442707834128,
      "op_leverage_ratio": Infinity,
      "fcf_margin_change": 0.2091682398458709
    },
    {
      "date": "2025-01-31T00:00:00",
      "quarter_label": "2025-01 (Q1)",
      "revenue": 404626000,
      "gross_profit": 300407000,
      "operating_income": 51831000,
      "net_income": -22954000,
      "opex": 352795000,
      "cogs": 104219000,
      "rd": null,
      "sga": 229960000,
      "fcf": 132925000,
      "ocf": 146242000,
      "capex": -13317000,
      "gross_margin": 0.7424312822211129,
      "op_margin": 0.12809606896244927,
      "fcf_margin": 0.32851324432933127,
      "incr_op_margin_yoy": -1.75185006865315,
      "rev_growth_yoy": -0.12172431382337938,
      "rev_growth_yoy_accel": 0.0126343004848299,
      "fcf_margin_change": 0.37494604358858186
    },
    {
      "date": "2025-04-30T00:00:00",
      "quarter_label": "2025-04 (Q2)",
      "revenue": 442579000,
      "gross_profit": 331638000,
      "operating_income": 76472000,
      "net_income": 68093000,
      "opex": 366107000,
      "cogs": 110941000,
      "rd": null,
      "sga": 229767000,
      "fcf": 131215000,
      "ocf": 150341000,
      "capex": -19126000,
      "gross_margin": 0.7493306279782819,
      "op_margin": 0.17278723120618014,
      "fcf_margin": 0.296478142885225,
      "incr_op_margin_yoy": -0.2971176879684723,
      "rev_growth_yoy": -0.055248996181112196,
      "rev_growth_yoy_accel": 0.06647531764226719,
      "op_leverage_ratio": 2.4858300702124523,
      "fcf_margin_change": -0.03203510144410626
    },
    {
      "date": "2025-07-31T00:00:00",
      "quarter_label": "2025-07 (Q3)",
      "revenue": 396800000,
      "gross_profit": 287541000,
      "operating_income": 30963000,
      "net_income": 11700000,
      "opex": 365837000,
      "cogs": 109259000,
      "rd": null,
      "sga": 240330000,
      "fcf": -97010000,
      "ocf": -85005000,
      "capex": -12005000,
      "gross_margin": 0.7246496975806451,
      "op_margin": 0.07803175403225807,
      "fcf_margin": -0.24448084677419354,
      "incr_op_margin_yoy": -0.2839206734198887,
      "rev_growth_yoy": -0.017357215911482905,
      "rev_growth_yoy_accel": 0.03789178026962929,
      "fcf_margin_change": -0.5409589896594186
    },
    {
      "date": "2025-10-31T00:00:00",
      "quarter_label": "2025-10 (Q4)",
      "revenue": 421751000,
      "gross_profit": 317363000,
      "operating_income": 72996000,
      "net_income": 44891000,
      "opex": 348755000,
      "cogs": 104388000,
      "rd": null,
      "sga": 225087000,
      "fcf": -4620000,
      "ocf": 8500000,
      "capex": -13120000,
      "gross_margin": 0.7524890278861224,
      "op_margin": 0.17307842779270233,
      "fcf_margin": -0.010954330872955843,
      "incr_op_margin_yoy": -1.8296862097440132,
      "rev_growth_yoy": -0.011355032290580058,
      "rev_growth_yoy_accel": 0.006002183620902848,
      "op_leverage_ratio": Infinity,
      "fcf_margin_change": 0.2335265159012377
    }
  ],
  "signals": [
    {
      "quarter": "2025-10 (Q4)",
      "signal": "FCF MARGIN EXPANSION",
      "detail": "FCF margin: -24.4% -> -1.1% (+23.4%)",
      "severity": "MEDIUM"
    },
    {
      "quarter": "2025-10 (Q4)",
      "signal": "GROSS MARGIN INFLECTION",
      "detail": "GM: +74.9% -> +72.5% -> +75.2% (reversal +2.8%)",
      "severity": "MEDIUM"
    },
    {
      "quarter": "2025-04 (Q2)",
      "signal": "OPERATING LEVERAGE",
      "detail": "Rev growth +9.4% vs OpEx growth +3.8% (leverage: 2.5x)",
      "severity": "MEDIUM"
    },
    {
      "quarter": "2025-04 (Q2)",
      "signal": "YoY REVENUE GROWTH ACCELERATION",
      "detail": "YoY growth: -5.5% vs prior quarter YoY: -12.2% (accel: +6.6%)",
      "severity": "MEDIUM"
    },
    {
      "quarter": "2025-01 (Q1)",
      "signal": "FCF TURNED POSITIVE",
      "detail": "FCF margin: -4.6% -> +32.9%",
      "severity": "HIGH"
    },
    {
      "quarter": "2025-01 (Q1)",
      "signal": "OP MARGIN TURNED POSITIVE (YoY)",
      "detail": "Op margin: -10.1% (year-ago) -> +12.8%",
      "severity": "HIGH"
    },
    {
      "quarter": "2024-10 (Q4)",
      "signal": "FCF MARGIN EXPANSION",
      "detail": "FCF margin: -25.6% -> -4.6% (+20.9%)",
      "severity": "MEDIUM"
    },
    {
      "quarter": "2024-07 (Q3)",
      "signal": "OP MARGIN TURNED POSITIVE (YoY)",
      "detail": "Op margin: -3.6% (year-ago) -> +7.2%",
      "severity": "HIGH"
    },
    {
      "quarter": "2024-04 (Q2)",
      "signal": "FCF MARGIN EXPANSION",
      "detail": "FCF margin: +19.7% -> +35.1% (+15.4%)",
      "severity": "MEDIUM"
    },
    {
      "quarter": "2024-04 (Q2)",
      "signal": "OP MARGIN TURNED POSITIVE (QoQ)",
      "detail": "Op margin: -10.1% -> +14.7%",
      "severity": "HIGH"
    },
    {
      "quarter": "2024-01 (Q1)",
      "signal": "FCF TURNED POSITIVE",
      "detail": "FCF margin: -4.3% -> +19.7%",
      "severity": "HIGH"
    },
    {
      "quarter": "2023-10 (Q4)",
      "signal": "FCF MARGIN EXPANSION",
      "detail": "FCF margin: -22.7% -> -4.3% (+18.4%)",
      "severity": "MEDIUM"
    },
    {
      "quarter": "2023-10 (Q4)",
      "signal": "GROSS MARGIN INFLECTION",
      "detail": "GM: +66.9% -> +65.2% -> +68.4% (reversal +3.3%)",
      "severity": "MEDIUM"
    },
    {
      "quarter": "2023-10 (Q4)",
      "signal": "INCREMENTAL MARGIN (YoY)",
      "detail": "YoY Incr OPM: +50.8% vs year-ago OPM: +11.2%",
      "severity": "HIGH"
    },
    {
      "quarter": "2023-10 (Q4)",
      "signal": "OP MARGIN TURNED POSITIVE (QoQ)",
      "detail": "Op margin: -3.6% -> +9.4%",
      "severity": "HIGH"
    },
    {
      "quarter": "2023-04 (Q2)",
      "signal": "FCF MARGIN EXPANSION",
      "detail": "FCF margin: +22.6% -> +38.0% (+15.4%)",
      "severity": "MEDIUM"
    },
    {
      "quarter": "2023-04 (Q2)",
      "signal": "GROSS MARGIN INFLECTION",
      "detail": "GM: +66.9% -> +64.6% -> +66.9% (reversal +2.3%)",
      "severity": "MEDIUM"
    },
    {
      "quarter": "2023-04 (Q2)",
      "signal": "OP MARGIN TURNED POSITIVE (QoQ)",
      "detail": "Op margin: -13.6% -> +15.7%",
      "severity": "HIGH"
    },
    {
      "quarter": "2023-01 (Q1)",
      "signal": "FCF TURNED POSITIVE",
      "detail": "FCF margin: -1.3% -> +22.6%",
      "severity": "HIGH"
    },
    {
      "quarter": "2022-10 (Q4)",
      "signal": "FCF MARGIN EXPANSION",
      "detail": "FCF margin: -22.1% -> -1.3% (+20.8%)",
      "severity": "MEDIUM"
    },
    {
      "quarter": "2022-10 (Q4)",
      "signal": "GROSS MARGIN INFLECTION",
      "detail": "GM: +65.7% -> +64.3% -> +66.9% (reversal +2.6%)",
      "severity": "MEDIUM"
    },
    {
      "quarter": "2022-10 (Q4)",
      "signal": "INCREMENTAL MARGIN (YoY)",
      "detail": "YoY Incr OPM: +90.5% vs year-ago OPM: +13.9%",
      "severity": "HIGH"
    },
    {
      "quarter": "2022-10 (Q4)",
      "signal": "OP MARGIN TURNED POSITIVE (QoQ)",
      "detail": "Op margin: -3.5% -> +11.2%",
      "severity": "HIGH"
    },
    {
      "quarter": "2022-04 (Q2)",
      "signal": "OPERATING LEVERAGE",
      "detail": "Rev growth +5.8% vs OpEx growth +3.7% (leverage: 1.6x)",
      "severity": "MEDIUM"
    },
    {
      "quarter": "2022-04 (Q2)",
      "signal": "YoY REVENUE GROWTH DECELERATION",
      "detail": "YoY growth: +1.7% vs prior quarter YoY: +6.8% (decel: -5.1%)",
      "severity": "WARNING"
    },
    {
      "quarter": "2022-04 (Q2)",
      "signal": "INCREMENTAL MARGIN (YoY)",
      "detail": "YoY Incr OPM: +77.3% vs year-ago OPM: +9.5%",
      "severity": "HIGH"
    },
    {
      "quarter": "2022-01 (Q1)",
      "signal": "FCF TURNED POSITIVE",
      "detail": "FCF margin: -2.0% -> +40.9%",
      "severity": "HIGH"
    },
    {
      "quarter": "2022-01 (Q1)",
      "signal": "INCREMENTAL MARGIN (YoY)",
      "detail": "YoY Incr OPM: +35.4% vs year-ago OPM: +7.1%",
      "severity": "HIGH"
    },
    {
      "quarter": "2021-10 (Q4)",
      "signal": "FCF MARGIN EXPANSION",
      "detail": "FCF margin: -21.0% -> -2.0% (+19.0%)",
      "severity": "MEDIUM"
    },
    {
      "quarter": "2021-10 (Q4)",
      "signal": "OPERATING LEVERAGE",
      "detail": "Rev growth +9.1% vs OpEx growth +2.6% (leverage: 3.5x)",
      "severity": "MEDIUM"
    }
  ],
  "data_quality": {
    "n_quarters": 20,
    "coverage": {
      "revenue": [
        20,
        20
      ],
      "gross_profit": [
        20,
        20
      ],
      "op_income": [
        20,
        20
      ],
      "fcf": [
        20,
        20
      ]
    },
    "gaps": [],
    "warnings": []
  },
  "market_cap": null,
  "source": "SEC EDGAR",
  "last_updated": "2026-02-02T21:45:10.010543"
}