{
  "ticker": "WMG",
  "name": "Warner Music Group Corp.",
  "quarters": [
    {
      "date": "2020-12-31T00:00:00",
      "quarter_label": "2020-12 (Q4)",
      "revenue": 1335000000,
      "gross_profit": 649000000,
      "operating_income": 196000000,
      "net_income": 98000000,
      "opex": 1139000000,
      "cogs": 686000000,
      "rd": null,
      "sga": 401000000,
      "fcf": 151000000,
      "ocf": 169000000,
      "capex": -18000000,
      "gross_margin": 0.4861423220973783,
      "op_margin": 0.14681647940074907,
      "fcf_margin": 0.11310861423220973
    },
    {
      "date": "2021-03-31T00:00:00",
      "quarter_label": "2021-03 (Q1)",
      "revenue": 1250000000,
      "gross_profit": 627000000,
      "operating_income": 151000000,
      "net_income": 117000000,
      "opex": 1099000000,
      "cogs": 623000000,
      "rd": null,
      "sga": 418000000,
      "fcf": 130000000,
      "ocf": 150000000,
      "capex": -20000000,
      "gross_margin": 0.5016,
      "op_margin": 0.1208,
      "fcf_margin": 0.104,
      "fcf_margin_change": -0.009108614232209739
    },
    {
      "date": "2021-06-30T00:00:00",
      "quarter_label": "2021-06 (Q2)",
      "revenue": 1340000000,
      "gross_profit": 659000000,
      "operating_income": 162000000,
      "net_income": 61000000,
      "opex": 1178000000,
      "cogs": 681000000,
      "rd": null,
      "sga": 437000000,
      "fcf": 71000000,
      "ocf": 91000000,
      "capex": -20000000,
      "gross_margin": 0.4917910447761194,
      "op_margin": 0.1208955223880597,
      "fcf_margin": 0.05298507462686567,
      "op_leverage_ratio": 1.0016202531645568,
      "fcf_margin_change": -0.051014925373134325
    },
    {
      "date": "2021-09-30T00:00:00",
      "quarter_label": "2021-09 (Q3)",
      "revenue": 1376000000,
      "gross_profit": 624000000,
      "operating_income": 100000000,
      "net_income": 28000000,
      "opex": 1276000000,
      "cogs": 752000000,
      "rd": null,
      "sga": 465000000,
      "fcf": 228000000,
      "ocf": 228000000,
      "capex": null,
      "gross_margin": 0.45348837209302323,
      "op_margin": 0.07267441860465117,
      "fcf_margin": 0.16569767441860464,
      "op_leverage_ratio": 0.3229363387145903,
      "fcf_margin_change": 0.11271259979173898
    },
    {
      "date": "2021-12-31T00:00:00",
      "quarter_label": "2021-12 (Q4)",
      "revenue": 1614000000,
      "gross_profit": 796000000,
      "operating_income": 239000000,
      "net_income": 187000000,
      "opex": 1375000000,
      "cogs": 818000000,
      "rd": null,
      "sga": 497000000,
      "fcf": 95000000,
      "ocf": 129000000,
      "capex": -34000000,
      "gross_margin": 0.49318463444857497,
      "op_margin": 0.14807930607187111,
      "fcf_margin": 0.05885997521685254,
      "incr_op_margin_yoy": 0.15412186379928317,
      "rev_growth_yoy": 0.20898876404494382,
      "op_leverage_ratio": 2.229328165374677,
      "fcf_margin_change": -0.1068376992017521
    },
    {
      "date": "2022-03-31T00:00:00",
      "quarter_label": "2022-03 (Q1)",
      "revenue": 1376000000,
      "gross_profit": 679000000,
      "operating_income": 166000000,
      "net_income": 92000000,
      "opex": 1210000000,
      "cogs": 697000000,
      "rd": null,
      "sga": 444000000,
      "fcf": 16000000,
      "ocf": 44000000,
      "capex": -28000000,
      "gross_margin": 0.4934593023255814,
      "op_margin": 0.12063953488372094,
      "fcf_margin": 0.011627906976744186,
      "incr_op_margin_yoy": 0.11904761904761904,
      "rev_growth_yoy": 0.1008,
      "rev_growth_yoy_accel": -0.10818876404494382,
      "fcf_margin_change": -0.04723206824010835
    },
    {
      "date": "2022-06-30T00:00:00",
      "quarter_label": "2022-06 (Q2)",
      "revenue": 1432000000,
      "gross_profit": 666000000,
      "operating_income": 146000000,
      "net_income": 124000000,
      "opex": 1286000000,
      "cogs": 766000000,
      "rd": null,
      "sga": 451000000,
      "fcf": 128000000,
      "ocf": 163000000,
      "capex": -35000000,
      "gross_margin": 0.4650837988826816,
      "op_margin": 0.10195530726256984,
      "fcf_margin": 0.0893854748603352,
      "incr_op_margin_yoy": -0.17391304347826086,
      "rev_growth_yoy": 0.06865671641791045,
      "rev_growth_yoy_accel": -0.03214328358208955,
      "op_leverage_ratio": 0.6479498164014688,
      "fcf_margin_change": 0.077757567883591
    },
    {
      "date": "2022-09-30T00:00:00",
      "quarter_label": "2022-09 (Q3)",
      "revenue": 1497000000,
      "gross_profit": 698000000,
      "operating_income": 163000000,
      "net_income": 148000000,
      "opex": 1334000000,
      "cogs": 799000000,
      "rd": null,
      "sga": 470000000,
      "fcf": 368000000,
      "ocf": 406000000,
      "capex": -38000000,
      "gross_margin": 0.46626586506346024,
      "op_margin": 0.10888443553774214,
      "fcf_margin": 0.2458249832999332,
      "incr_op_margin_yoy": 0.5206611570247934,
      "rev_growth_yoy": 0.08793604651162791,
      "rev_growth_yoy_accel": 0.01927933009371746,
      "op_leverage_ratio": 1.2161021880819365,
      "fcf_margin_change": 0.15643950843959797
    },
    {
      "date": "2022-12-31T00:00:00",
      "quarter_label": "2022-12 (Q4)",
      "revenue": 1488000000,
      "gross_profit": 727000000,
      "operating_income": 265000000,
      "net_income": 122000000,
      "opex": 1264000000,
      "cogs": 761000000,
      "rd": null,
      "sga": 440000000,
      "fcf": 188000000,
      "ocf": 209000000,
      "capex": -21000000,
      "gross_margin": 0.4885752688172043,
      "op_margin": 0.17809139784946237,
      "fcf_margin": 0.12634408602150538,
      "incr_op_margin_yoy": -0.20634920634920634,
      "rev_growth_yoy": -0.07806691449814127,
      "rev_growth_yoy_accel": -0.1660029610097692,
      "fcf_margin_change": -0.11948089727842781
    },
    {
      "date": "2023-03-31T00:00:00",
      "quarter_label": "2023-03 (Q1)",
      "revenue": 1399000000,
      "gross_profit": 678000000,
      "operating_income": 124000000,
      "net_income": 34000000,
      "opex": 1275000000,
      "cogs": 721000000,
      "rd": null,
      "sga": 452000000,
      "fcf": -41000000,
      "ocf": -6000000,
      "capex": -35000000,
      "gross_margin": 0.48463187991422446,
      "op_margin": 0.08863473909935668,
      "fcf_margin": -0.029306647605432452,
      "incr_op_margin_yoy": -1.826086956521739,
      "rev_growth_yoy": 0.016715116279069766,
      "rev_growth_yoy_accel": 0.09478203077721103,
      "fcf_margin_change": -0.15565073362693782
    },
    {
      "date": "2023-06-30T00:00:00",
      "quarter_label": "2023-06 (Q2)",
      "revenue": 1564000000,
      "gross_profit": 714000000,
      "operating_income": 189000000,
      "net_income": 122000000,
      "opex": 1375000000,
      "cogs": 850000000,
      "rd": null,
      "sga": 461000000,
      "fcf": 113000000,
      "ocf": 146000000,
      "capex": -33000000,
      "gross_margin": 0.45652173913043476,
      "op_margin": 0.12084398976982097,
      "fcf_margin": 0.07225063938618925,
      "incr_op_margin_yoy": 0.32575757575757575,
      "rev_growth_yoy": 0.09217877094972067,
      "rev_growth_yoy_accel": 0.0754636546706509,
      "op_leverage_ratio": 1.5037526804860615,
      "fcf_margin_change": 0.1015572869916217
    },
    {
      "date": "2023-09-30T00:00:00",
      "quarter_label": "2023-09 (Q3)",
      "revenue": 1586000000,
      "gross_profit": 741000000,
      "operating_income": 212000000,
      "net_income": 152000000,
      "opex": 1374000000,
      "cogs": 845000000,
      "rd": null,
      "sga": 473000000,
      "fcf": 300000000,
      "ocf": 338000000,
      "capex": -38000000,
      "gross_margin": 0.4672131147540984,
      "op_margin": 0.13366960907944514,
      "fcf_margin": 0.18915510718789408,
      "incr_op_margin_yoy": 0.550561797752809,
      "rev_growth_yoy": 0.05945223780895124,
      "rev_growth_yoy_accel": -0.03272653314076943,
      "op_leverage_ratio": Infinity,
      "fcf_margin_change": 0.11690446780170483
    },
    {
      "date": "2023-12-31T00:00:00",
      "quarter_label": "2023-12 (Q4)",
      "revenue": 1748000000,
      "gross_profit": 868000000,
      "operating_income": 354000000,
      "net_income": 159000000,
      "opex": 1411000000,
      "cogs": 880000000,
      "rd": null,
      "sga": 476000000,
      "fcf": 264000000,
      "ocf": 293000000,
      "capex": -29000000,
      "gross_margin": 0.4965675057208238,
      "op_margin": 0.20251716247139587,
      "fcf_margin": 0.15102974828375287,
      "incr_op_margin_yoy": 0.3423076923076923,
      "rev_growth_yoy": 0.17473118279569894,
      "rev_growth_yoy_accel": 0.1152789449867477,
      "op_leverage_ratio": 3.793122252138645,
      "fcf_margin_change": -0.038125358904141204
    },
    {
      "date": "2024-03-31T00:00:00",
      "quarter_label": "2024-03 (Q1)",
      "revenue": 1494000000,
      "gross_profit": 703000000,
      "operating_income": 119000000,
      "net_income": 96000000,
      "opex": 1389000000,
      "cogs": 791000000,
      "rd": null,
      "sga": 446000000,
      "fcf": -57000000,
      "ocf": -31000000,
      "capex": -26000000,
      "gross_margin": 0.4705488621151272,
      "op_margin": 0.07965194109772424,
      "fcf_margin": -0.03815261044176707,
      "incr_op_margin_yoy": -0.05263157894736842,
      "rev_growth_yoy": 0.06790564689063616,
      "rev_growth_yoy_accel": -0.10682553590506277,
      "fcf_margin_change": -0.18918235872551994
    },
    {
      "date": "2024-06-30T00:00:00",
      "quarter_label": "2024-06 (Q2)",
      "revenue": 1554000000,
      "gross_profit": 724000000,
      "operating_income": 207000000,
      "net_income": 139000000,
      "opex": 1348000000,
      "cogs": 830000000,
      "rd": null,
      "sga": 462000000,
      "fcf": 160000000,
      "ocf": 188000000,
      "capex": -28000000,
      "gross_margin": 0.46589446589446587,
      "op_margin": 0.13320463320463322,
      "fcf_margin": 0.10296010296010295,
      "incr_op_margin_yoy": -1.8,
      "rev_growth_yoy": -0.00639386189258312,
      "rev_growth_yoy_accel": -0.07429950878321928,
      "op_leverage_ratio": Infinity,
      "fcf_margin_change": 0.14111271340187004
    },
    {
      "date": "2024-09-30T00:00:00",
      "quarter_label": "2024-09 (Q3)",
      "revenue": 1630000000,
      "gross_profit": 776000000,
      "operating_income": 143000000,
      "net_income": 41000000,
      "opex": 1487000000,
      "cogs": 854000000,
      "rd": null,
      "sga": 495000000,
      "fcf": 271000000,
      "ocf": 304000000,
      "capex": -33000000,
      "gross_margin": 0.47607361963190187,
      "op_margin": 0.08773006134969324,
      "fcf_margin": 0.16625766871165645,
      "incr_op_margin_yoy": -1.5681818181818181,
      "rev_growth_yoy": 0.027742749054224466,
      "rev_growth_yoy_accel": 0.03413661094680759,
      "op_leverage_ratio": 0.47428312176513615,
      "fcf_margin_change": 0.0632975657515535
    },
    {
      "date": "2024-12-31T00:00:00",
      "quarter_label": "2024-12 (Q4)",
      "revenue": 1666000000,
      "gross_profit": 772000000,
      "operating_income": 214000000,
      "net_income": 236000000,
      "opex": 1452000000,
      "cogs": 894000000,
      "rd": null,
      "sga": 474000000,
      "fcf": 296000000,
      "ocf": 332000000,
      "capex": -36000000,
      "gross_margin": 0.46338535414165666,
      "op_margin": 0.12845138055222088,
      "fcf_margin": 0.17767106842737096,
      "incr_op_margin_yoy": 1.7073170731707317,
      "rev_growth_yoy": -0.04691075514874142,
      "rev_growth_yoy_accel": -0.07465350420296589,
      "op_leverage_ratio": Infinity,
      "fcf_margin_change": 0.011413399715714506
    },
    {
      "date": "2025-03-31T00:00:00",
      "quarter_label": "2025-03 (Q1)",
      "revenue": 1484000000,
      "gross_profit": 693000000,
      "operating_income": 168000000,
      "net_income": 36000000,
      "opex": 1316000000,
      "cogs": 791000000,
      "rd": null,
      "sga": 450000000,
      "fcf": 33000000,
      "ocf": 69000000,
      "capex": -36000000,
      "gross_margin": 0.4669811320754717,
      "op_margin": 0.11320754716981132,
      "fcf_margin": 0.02223719676549865,
      "incr_op_margin_yoy": -4.9,
      "rev_growth_yoy": -0.006693440428380187,
      "rev_growth_yoy_accel": 0.04021731472036123,
      "fcf_margin_change": -0.1554338716618723
    },
    {
      "date": "2025-06-30T00:00:00",
      "quarter_label": "2025-06 (Q2)",
      "revenue": 1689000000,
      "gross_profit": 776000000,
      "operating_income": 169000000,
      "net_income": -16000000,
      "opex": 1520000000,
      "cogs": 913000000,
      "rd": null,
      "sga": 471000000,
      "fcf": 7000000,
      "ocf": 46000000,
      "capex": -39000000,
      "gross_margin": 0.45944345766725875,
      "op_margin": 0.10005920663114269,
      "fcf_margin": 0.0041444641799881585,
      "incr_op_margin_yoy": -0.2814814814814815,
      "rev_growth_yoy": 0.08687258687258688,
      "rev_growth_yoy_accel": 0.09356602730096707,
      "op_leverage_ratio": 0.8911394746577876,
      "fcf_margin_change": -0.018092732585510495
    },
    {
      "date": "2025-09-30T00:00:00",
      "quarter_label": "2025-09 (Q3)",
      "revenue": 1868000000,
      "gross_profit": 834000000,
      "operating_income": 143000000,
      "net_income": 109000000,
      "opex": 1725000000,
      "cogs": 1034000000,
      "rd": null,
      "sga": 494000000,
      "fcf": 203000000,
      "ocf": 231000000,
      "capex": -28000000,
      "gross_margin": 0.4464668094218415,
      "op_margin": 0.07655246252676659,
      "fcf_margin": 0.10867237687366167,
      "incr_op_margin_yoy": 0.0,
      "rev_growth_yoy": 0.1460122699386503,
      "rev_growth_yoy_accel": 0.05913968306606342,
      "op_leverage_ratio": 0.7858019610391486,
      "fcf_margin_change": 0.10452791269367351
    }
  ],
  "signals": [
    {
      "quarter": "2025-09 (Q3)",
      "signal": "FCF MARGIN EXPANSION",
      "detail": "FCF margin: +0.4% -> +10.9% (+10.5%)",
      "severity": "MEDIUM"
    },
    {
      "quarter": "2025-09 (Q3)",
      "signal": "YoY REVENUE GROWTH ACCELERATION",
      "detail": "YoY growth: +14.6% vs prior quarter YoY: +8.7% (accel: +5.9%)",
      "severity": "MEDIUM"
    },
    {
      "quarter": "2025-06 (Q2)",
      "signal": "YoY REVENUE GROWTH ACCELERATION",
      "detail": "YoY growth: +8.7% vs prior quarter YoY: -0.7% (accel: +9.4%)",
      "severity": "MEDIUM"
    },
    {
      "quarter": "2024-12 (Q4)",
      "signal": "YoY REVENUE GROWTH DECELERATION",
      "detail": "YoY growth: -4.7% vs prior quarter YoY: +2.8% (decel: -7.5%)",
      "severity": "WARNING"
    },
    {
      "quarter": "2024-12 (Q4)",
      "signal": "INCREMENTAL MARGIN (YoY)",
      "detail": "YoY Incr OPM: +170.7% vs year-ago OPM: +20.3%",
      "severity": "HIGH"
    },
    {
      "quarter": "2024-09 (Q3)",
      "signal": "FCF MARGIN EXPANSION",
      "detail": "FCF margin: +10.3% -> +16.6% (+6.3%)",
      "severity": "MEDIUM"
    },
    {
      "quarter": "2024-06 (Q2)",
      "signal": "FCF TURNED POSITIVE",
      "detail": "FCF margin: -3.8% -> +10.3%",
      "severity": "HIGH"
    },
    {
      "quarter": "2024-06 (Q2)",
      "signal": "YoY REVENUE GROWTH DECELERATION",
      "detail": "YoY growth: -0.6% vs prior quarter YoY: +6.8% (decel: -7.4%)",
      "severity": "WARNING"
    },
    {
      "quarter": "2024-03 (Q1)",
      "signal": "YoY REVENUE GROWTH DECELERATION",
      "detail": "YoY growth: +6.8% vs prior quarter YoY: +17.5% (decel: -10.7%)",
      "severity": "WARNING"
    },
    {
      "quarter": "2023-12 (Q4)",
      "signal": "OPERATING LEVERAGE",
      "detail": "Rev growth +10.2% vs OpEx growth +2.7% (leverage: 3.8x)",
      "severity": "MEDIUM"
    },
    {
      "quarter": "2023-12 (Q4)",
      "signal": "YoY REVENUE GROWTH ACCELERATION",
      "detail": "YoY growth: +17.5% vs prior quarter YoY: +5.9% (accel: +11.5%)",
      "severity": "MEDIUM"
    },
    {
      "quarter": "2023-12 (Q4)",
      "signal": "INCREMENTAL MARGIN (YoY)",
      "detail": "YoY Incr OPM: +34.2% vs year-ago OPM: +17.8%",
      "severity": "MEDIUM"
    },
    {
      "quarter": "2023-09 (Q3)",
      "signal": "FCF MARGIN EXPANSION",
      "detail": "FCF margin: +7.2% -> +18.9% (+11.7%)",
      "severity": "MEDIUM"
    },
    {
      "quarter": "2023-09 (Q3)",
      "signal": "INCREMENTAL MARGIN (YoY)",
      "detail": "YoY Incr OPM: +55.1% vs year-ago OPM: +10.9%",
      "severity": "HIGH"
    },
    {
      "quarter": "2023-06 (Q2)",
      "signal": "FCF TURNED POSITIVE",
      "detail": "FCF margin: -2.9% -> +7.2%",
      "severity": "HIGH"
    },
    {
      "quarter": "2023-06 (Q2)",
      "signal": "OPERATING LEVERAGE",
      "detail": "Rev growth +11.8% vs OpEx growth +7.8% (leverage: 1.5x)",
      "severity": "MEDIUM"
    },
    {
      "quarter": "2023-06 (Q2)",
      "signal": "YoY REVENUE GROWTH ACCELERATION",
      "detail": "YoY growth: +9.2% vs prior quarter YoY: +1.7% (accel: +7.5%)",
      "severity": "MEDIUM"
    },
    {
      "quarter": "2023-06 (Q2)",
      "signal": "INCREMENTAL MARGIN (YoY)",
      "detail": "YoY Incr OPM: +32.6% vs year-ago OPM: +10.2%",
      "severity": "HIGH"
    },
    {
      "quarter": "2023-03 (Q1)",
      "signal": "YoY REVENUE GROWTH ACCELERATION",
      "detail": "YoY growth: +1.7% vs prior quarter YoY: -7.8% (accel: +9.5%)",
      "severity": "MEDIUM"
    },
    {
      "quarter": "2022-12 (Q4)",
      "signal": "YoY REVENUE GROWTH DECELERATION",
      "detail": "YoY growth: -7.8% vs prior quarter YoY: +8.8% (decel: -16.6%)",
      "severity": "WARNING"
    },
    {
      "quarter": "2022-09 (Q3)",
      "signal": "FCF MARGIN EXPANSION",
      "detail": "FCF margin: +8.9% -> +24.6% (+15.6%)",
      "severity": "MEDIUM"
    },
    {
      "quarter": "2022-09 (Q3)",
      "signal": "INCREMENTAL MARGIN (YoY)",
      "detail": "YoY Incr OPM: +52.1% vs year-ago OPM: +7.3%",
      "severity": "HIGH"
    },
    {
      "quarter": "2022-06 (Q2)",
      "signal": "FCF MARGIN EXPANSION",
      "detail": "FCF margin: +1.2% -> +8.9% (+7.8%)",
      "severity": "MEDIUM"
    },
    {
      "quarter": "2022-03 (Q1)",
      "signal": "YoY REVENUE GROWTH DECELERATION",
      "detail": "YoY growth: +10.1% vs prior quarter YoY: +20.9% (decel: -10.8%)",
      "severity": "WARNING"
    },
    {
      "quarter": "2021-12 (Q4)",
      "signal": "OPERATING LEVERAGE",
      "detail": "Rev growth +17.3% vs OpEx growth +7.8% (leverage: 2.2x)",
      "severity": "MEDIUM"
    },
    {
      "quarter": "2021-12 (Q4)",
      "signal": "GROSS MARGIN INFLECTION",
      "detail": "GM: +49.2% -> +45.3% -> +49.3% (reversal +4.0%)",
      "severity": "MEDIUM"
    },
    {
      "quarter": "2021-09 (Q3)",
      "signal": "FCF MARGIN EXPANSION",
      "detail": "FCF margin: +5.3% -> +16.6% (+11.3%)",
      "severity": "MEDIUM"
    }
  ],
  "data_quality": {
    "n_quarters": 20,
    "coverage": {
      "revenue": [
        20,
        20
      ],
      "gross_profit": [
        20,
        20
      ],
      "op_income": [
        20,
        20
      ],
      "fcf": [
        20,
        20
      ]
    },
    "gaps": [],
    "warnings": []
  },
  "market_cap": null,
  "source": "SEC EDGAR",
  "last_updated": "2026-02-02T20:24:37.804474"
}