{
  "ticker": "WNC",
  "name": "WABASH NATIONAL CORPORATION",
  "sector": "Industrials",
  "industry": "Farm & Heavy Construction Machinery",
  "quarters": [
    {
      "date": "2021-03-31T00:00:00",
      "quarter_label": "2021-03 (Q1)",
      "revenue": 392003000,
      "gross_profit": 47166000,
      "operating_income": 11215000,
      "net_income": 3217000,
      "opex": 35951000,
      "cogs": 344837000,
      "rd": null,
      "sga": null,
      "fcf": -26569000,
      "ocf": -22404000,
      "capex": -4165000,
      "gross_margin": 0.1203205077512162,
      "op_margin": 0.0286094749274878,
      "fcf_margin": -0.06777754251880726
    },
    {
      "date": "2021-06-30T00:00:00",
      "quarter_label": "2021-06 (Q2)",
      "revenue": 449422000,
      "gross_profit": 55608000,
      "operating_income": 22684000,
      "net_income": 12252000,
      "opex": 32924000,
      "cogs": 393814000,
      "rd": null,
      "sga": null,
      "fcf": 2420000,
      "ocf": 9318000,
      "capex": -6898000,
      "gross_margin": 0.12373226054799276,
      "op_margin": 0.050473719577590774,
      "fcf_margin": 0.005384694118222962,
      "op_leverage_ratio": null,
      "fcf_margin_change": 0.07316223663703023
    },
    {
      "date": "2021-09-30T00:00:00",
      "quarter_label": "2021-09 (Q3)",
      "revenue": 482566000,
      "gross_profit": 51045000,
      "operating_income": 18263000,
      "net_income": 11008000,
      "opex": 32782000,
      "cogs": 431521000,
      "rd": null,
      "sga": null,
      "fcf": -70272000,
      "ocf": -61143000,
      "capex": -9129000,
      "gross_margin": 0.1057782769610789,
      "op_margin": 0.03784560039455743,
      "fcf_margin": -0.14562153156252203,
      "op_leverage_ratio": null,
      "fcf_margin_change": -0.15100622568074498
    },
    {
      "date": "2021-12-31T00:00:00",
      "quarter_label": "2021-12 (Q4)",
      "revenue": 479277000,
      "gross_profit": 42648000,
      "operating_income": -18620000,
      "net_income": -25313000,
      "opex": 61268000,
      "cogs": 436629000,
      "rd": null,
      "sga": null,
      "fcf": 37846000,
      "ocf": 66759000,
      "capex": -28913000,
      "gross_margin": 0.08898403219849899,
      "op_margin": -0.038850184757457586,
      "fcf_margin": 0.07896477402420729,
      "fcf_margin_change": 0.22458630558672932
    },
    {
      "date": "2022-03-31T00:00:00",
      "quarter_label": "2022-03 (Q1)",
      "revenue": 546761000,
      "gross_profit": 58055000,
      "operating_income": 20135000,
      "net_income": 12074000,
      "opex": 37920000,
      "cogs": 488706000,
      "rd": null,
      "sga": null,
      "fcf": -44516000,
      "ocf": -34567000,
      "capex": -9949000,
      "gross_margin": 0.10617984823350604,
      "op_margin": 0.03682596234917999,
      "fcf_margin": -0.0814176578066102,
      "incr_op_margin_yoy": 0.057638377337520516,
      "rev_growth_yoy": 0.39478779499136485,
      "op_leverage_ratio": null,
      "fcf_margin_change": -0.1603824318308175
    },
    {
      "date": "2022-06-30T00:00:00",
      "quarter_label": "2022-06 (Q2)",
      "revenue": 642769000,
      "gross_profit": 78034000,
      "operating_income": 35908000,
      "net_income": 22552000,
      "opex": 42126000,
      "cogs": 564735000,
      "rd": null,
      "sga": null,
      "fcf": 104821000,
      "ocf": 117241000,
      "capex": -12420000,
      "gross_margin": 0.12140286790433266,
      "op_margin": 0.05586454853921082,
      "fcf_margin": 0.16307724859164024,
      "incr_op_margin_yoy": 0.06839516516935872,
      "rev_growth_yoy": 0.4302125841636591,
      "rev_growth_yoy_accel": 0.035424789172294247,
      "op_leverage_ratio": 1.5831022054166375,
      "fcf_margin_change": 0.24449490639825044
    },
    {
      "date": "2022-09-30T00:00:00",
      "quarter_label": "2022-09 (Q3)",
      "revenue": 655150000,
      "gross_profit": 92005000,
      "operating_income": 52875000,
      "net_income": 36170000,
      "opex": 39130000,
      "cogs": 563145000,
      "rd": null,
      "sga": null,
      "fcf": -30453000,
      "ocf": -10518000,
      "capex": -19935000,
      "gross_margin": 0.14043348851408075,
      "op_margin": 0.0807067083873922,
      "fcf_margin": -0.04648248492711593,
      "incr_op_margin_yoy": 0.20055161544523248,
      "rev_growth_yoy": 0.3576381261837759,
      "rev_growth_yoy_accel": -0.07257445797988321,
      "op_leverage_ratio": null,
      "fcf_margin_change": -0.20955973351875617
    },
    {
      "date": "2022-12-31T00:00:00",
      "quarter_label": "2022-12 (Q4)",
      "revenue": 657449000,
      "gross_profit": 94597000,
      "operating_income": 57724000,
      "net_income": 41462000,
      "opex": 36873000,
      "cogs": 562852000,
      "rd": null,
      "sga": null,
      "fcf": 37146000,
      "ocf": 51928000,
      "capex": -14782000,
      "gross_margin": 0.14388492491432794,
      "op_margin": 0.08779996623312226,
      "fcf_margin": 0.056500200015514514,
      "incr_op_margin_yoy": 0.4284848348786566,
      "rev_growth_yoy": 0.37175161754058716,
      "rev_growth_yoy_accel": 0.01411349135681128,
      "fcf_margin_change": 0.10298268494263044
    },
    {
      "date": "2023-03-31T00:00:00",
      "quarter_label": "2023-03 (Q1)",
      "revenue": 620952000,
      "gross_profit": 116027000,
      "operating_income": 69900000,
      "net_income": 51213000,
      "opex": 46127000,
      "cogs": 504925000,
      "rd": null,
      "sga": null,
      "fcf": 38061000,
      "ocf": 69484000,
      "capex": -31423000,
      "gross_margin": 0.18685341218000748,
      "op_margin": 0.11256908746569783,
      "fcf_margin": 0.0612945928187686,
      "incr_op_margin_yoy": 0.6707686916202774,
      "rev_growth_yoy": 0.1356918287880811,
      "rev_growth_yoy_accel": -0.23605978875250608,
      "fcf_margin_change": 0.00479439280325409
    },
    {
      "date": "2023-06-30T00:00:00",
      "quarter_label": "2023-06 (Q2)",
      "revenue": 686620000,
      "gross_profit": 151027000,
      "operating_income": 103310000,
      "net_income": 74328000,
      "opex": 47717000,
      "cogs": 535593000,
      "rd": null,
      "sga": null,
      "fcf": 52450000,
      "ocf": 76847000,
      "capex": -24397000,
      "gross_margin": 0.2199571815560281,
      "op_margin": 0.1504616818618741,
      "fcf_margin": 0.0763886866097696,
      "incr_op_margin_yoy": 1.537068709949602,
      "rev_growth_yoy": 0.06822202066372211,
      "rev_growth_yoy_accel": -0.06746980812435897,
      "op_leverage_ratio": 3.0679893304020665,
      "fcf_margin_change": 0.01509409379100099
    },
    {
      "date": "2023-09-30T00:00:00",
      "quarter_label": "2023-09 (Q3)",
      "revenue": 632828000,
      "gross_profit": 122910000,
      "operating_income": 77637000,
      "net_income": 55329000,
      "opex": 45273000,
      "cogs": 509918000,
      "rd": null,
      "sga": null,
      "fcf": 29016000,
      "ocf": 58267000,
      "capex": -29251000,
      "gross_margin": 0.19422339087398155,
      "op_margin": 0.12268262466262554,
      "fcf_margin": 0.045851321370103726,
      "incr_op_margin_yoy": -1.1093092016844368,
      "rev_growth_yoy": -0.034071586659543615,
      "rev_growth_yoy_accel": -0.10229360732326573,
      "fcf_margin_change": -0.030537365239665867
    },
    {
      "date": "2023-12-31T00:00:00",
      "quarter_label": "2023-12 (Q4)",
      "revenue": 596100000,
      "gross_profit": 108223000,
      "operating_income": 61102000,
      "net_income": 50382000,
      "opex": 47121000,
      "cogs": 487877000,
      "rd": null,
      "sga": null,
      "fcf": 101986000,
      "ocf": 115008000,
      "capex": -13022000,
      "gross_margin": 0.18155175306156685,
      "op_margin": 0.10250293574903539,
      "fcf_margin": 0.17108874349941286,
      "incr_op_margin_yoy": -0.05506202220085087,
      "rev_growth_yoy": -0.09331370189931082,
      "rev_growth_yoy_accel": -0.059242115239767204,
      "fcf_margin_change": 0.12523742212930913
    },
    {
      "date": "2024-03-31T00:00:00",
      "quarter_label": "2024-03 (Q1)",
      "revenue": 515276000,
      "gross_profit": 76446000,
      "operating_income": 29575000,
      "net_income": 18167000,
      "opex": 46871000,
      "cogs": 438830000,
      "rd": null,
      "sga": null,
      "fcf": -36595000,
      "ocf": -17410000,
      "capex": -19185000,
      "gross_margin": 0.1483593258758413,
      "op_margin": 0.057396424440494025,
      "fcf_margin": -0.07102019112087503,
      "incr_op_margin_yoy": 0.3815909004882849,
      "rev_growth_yoy": -0.17018384673855627,
      "rev_growth_yoy_accel": -0.07687014483924545,
      "fcf_margin_change": -0.24210893462028787
    },
    {
      "date": "2024-06-30T00:00:00",
      "quarter_label": "2024-06 (Q2)",
      "revenue": 550610000,
      "gross_profit": 89658000,
      "operating_income": 43763000,
      "net_income": 28958000,
      "opex": 45895000,
      "cogs": 460952000,
      "rd": null,
      "sga": null,
      "fcf": -6081000,
      "ocf": 11022000,
      "capex": -17103000,
      "gross_margin": 0.16283394780334537,
      "op_margin": 0.07948093932184305,
      "fcf_margin": -0.011044114709140771,
      "incr_op_margin_yoy": 0.4378133960738181,
      "rev_growth_yoy": -0.19808627770819376,
      "rev_growth_yoy_accel": -0.027902430969637487,
      "op_leverage_ratio": null,
      "fcf_margin_change": 0.05997607641173426
    },
    {
      "date": "2024-09-30T00:00:00",
      "quarter_label": "2024-09 (Q3)",
      "revenue": 464040000,
      "gross_profit": 56009000,
      "operating_income": -433028000,
      "net_income": -330166000,
      "opex": 489037000,
      "cogs": 408031000,
      "rd": null,
      "sga": null,
      "fcf": 28221000,
      "ocf": 42776000,
      "capex": -14555000,
      "gross_margin": 0.12069864666839066,
      "op_margin": -0.933169554348763,
      "fcf_margin": 0.06081587794155676,
      "incr_op_margin_yoy": 3.0254816693129842,
      "rev_growth_yoy": -0.26672018305131884,
      "rev_growth_yoy_accel": -0.06863390534312508,
      "fcf_margin_change": 0.07185999265069754
    },
    {
      "date": "2024-12-31T00:00:00",
      "quarter_label": "2024-12 (Q4)",
      "revenue": 416814000,
      "gross_profit": 42959000,
      "operating_income": 3586000,
      "net_income": -1030000,
      "opex": 39373000,
      "cogs": 373855000,
      "rd": null,
      "sga": null,
      "fcf": 59539000,
      "ocf": 80884000,
      "capex": -21345000,
      "gross_margin": 0.10306515616078155,
      "op_margin": 0.008603357852663298,
      "fcf_margin": 0.14284309068313444,
      "incr_op_margin_yoy": 0.3208058632575884,
      "rev_growth_yoy": -0.30076497232008054,
      "rev_growth_yoy_accel": -0.0340447892687617,
      "fcf_margin_change": 0.08202721274157768
    },
    {
      "date": "2025-03-31T00:00:00",
      "quarter_label": "2025-03 (Q1)",
      "revenue": 380890000,
      "gross_profit": 19003000,
      "operating_income": 314551000,
      "net_income": 230941000,
      "opex": -295548000,
      "cogs": 361887000,
      "rd": null,
      "sga": null,
      "fcf": -8970000,
      "ocf": -272000,
      "capex": -8698000,
      "gross_margin": 0.04989104465856284,
      "op_margin": 0.8258316049253065,
      "fcf_margin": -0.023550106329911523,
      "incr_op_margin_yoy": -2.1205780364026015,
      "rev_growth_yoy": -0.26080391867659275,
      "rev_growth_yoy_accel": 0.03996105364348779,
      "fcf_margin_change": -0.16639319701304597
    },
    {
      "date": "2025-06-30T00:00:00",
      "quarter_label": "2025-06 (Q2)",
      "revenue": 458816000,
      "gross_profit": 41400000,
      "operating_income": -4751000,
      "net_income": -9589000,
      "opex": 46151000,
      "cogs": 417416000,
      "rd": null,
      "sga": null,
      "fcf": -22061000,
      "ocf": -15834000,
      "capex": -6227000,
      "gross_margin": 0.09023224996512763,
      "op_margin": -0.010354913516529502,
      "fcf_margin": -0.048082455712093734,
      "incr_op_margin_yoy": 0.5285094886376016,
      "rev_growth_yoy": -0.16671328163309784,
      "rev_growth_yoy_accel": 0.0940906370434949,
      "op_leverage_ratio": null,
      "fcf_margin_change": -0.02453234938218221
    },
    {
      "date": "2025-09-30T00:00:00",
      "quarter_label": "2025-09 (Q3)",
      "revenue": 381595000,
      "gross_profit": 15708000,
      "operating_income": 57646000,
      "net_income": 39977000,
      "opex": -41938000,
      "cogs": 365887000,
      "rd": null,
      "sga": null,
      "fcf": 79924000,
      "ocf": 85206000,
      "capex": -5282000,
      "gross_margin": 0.04116406137396979,
      "op_margin": 0.15106592067506125,
      "fcf_margin": 0.20944718877343782,
      "incr_op_margin_yoy": -5.951531323912912,
      "rev_growth_yoy": -0.17766787345918456,
      "rev_growth_yoy_accel": -0.010954591826086713,
      "fcf_margin_change": 0.25752964448553156
    },
    {
      "date": "2025-12-31T00:00:00",
      "quarter_label": "2025-12 (Q4)",
      "revenue": 321453000,
      "gross_profit": -6200000,
      "operating_income": -59941000,
      "net_income": -49878000,
      "opex": 53741000,
      "cogs": 327653000,
      "rd": null,
      "sga": null,
      "fcf": -61938000,
      "ocf": -57434000,
      "capex": -4504000,
      "gross_margin": -0.01928742304473749,
      "op_margin": -0.18646893947171125,
      "fcf_margin": -0.1926813562169275,
      "incr_op_margin_yoy": 0.6661738027076058,
      "rev_growth_yoy": -0.22878550144668844,
      "rev_growth_yoy_accel": -0.05111762798750388,
      "fcf_margin_change": -0.4021285449903653
    }
  ],
  "signals": [
    {
      "quarter": "2025-12 (Q4)",
      "signal": "YoY REVENUE GROWTH DECELERATION",
      "detail": "YoY growth: -22.9% vs prior quarter YoY: -17.8% (decel: -5.1%)",
      "severity": "WARNING"
    },
    {
      "quarter": "2025-09 (Q3)",
      "signal": "FCF TURNED POSITIVE",
      "detail": "FCF margin: -4.8% -> +20.9%",
      "severity": "HIGH"
    },
    {
      "quarter": "2025-09 (Q3)",
      "signal": "OP MARGIN TURNED POSITIVE (YoY)",
      "detail": "Op margin: -93.3% (year-ago) -> +15.1%",
      "severity": "HIGH"
    },
    {
      "quarter": "2025-09 (Q3)",
      "signal": "OP MARGIN TURNED POSITIVE (QoQ)",
      "detail": "Op margin: -1.0% -> +15.1%",
      "severity": "HIGH"
    },
    {
      "quarter": "2025-06 (Q2)",
      "signal": "GROSS MARGIN INFLECTION",
      "detail": "GM: +10.3% -> +5.0% -> +9.0% (reversal +4.0%)",
      "severity": "MEDIUM"
    },
    {
      "quarter": "2025-06 (Q2)",
      "signal": "YoY REVENUE GROWTH ACCELERATION",
      "detail": "YoY growth: -16.7% vs prior quarter YoY: -26.1% (accel: +9.4%)",
      "severity": "MEDIUM"
    },
    {
      "quarter": "2024-12 (Q4)",
      "signal": "FCF MARGIN EXPANSION",
      "detail": "FCF margin: +6.1% -> +14.3% (+8.2%)",
      "severity": "MEDIUM"
    },
    {
      "quarter": "2024-12 (Q4)",
      "signal": "INCREMENTAL MARGIN (YoY)",
      "detail": "YoY Incr OPM: +32.1% vs year-ago OPM: +10.3%",
      "severity": "HIGH"
    },
    {
      "quarter": "2024-12 (Q4)",
      "signal": "OP MARGIN TURNED POSITIVE (QoQ)",
      "detail": "Op margin: -93.3% -> +0.9%",
      "severity": "HIGH"
    },
    {
      "quarter": "2024-09 (Q3)",
      "signal": "FCF TURNED POSITIVE",
      "detail": "FCF margin: -1.1% -> +6.1%",
      "severity": "HIGH"
    },
    {
      "quarter": "2024-09 (Q3)",
      "signal": "YoY REVENUE GROWTH DECELERATION",
      "detail": "YoY growth: -26.7% vs prior quarter YoY: -19.8% (decel: -6.9%)",
      "severity": "WARNING"
    },
    {
      "quarter": "2024-06 (Q2)",
      "signal": "FCF MARGIN EXPANSION",
      "detail": "FCF margin: -7.1% -> -1.1% (+6.0%)",
      "severity": "MEDIUM"
    },
    {
      "quarter": "2024-06 (Q2)",
      "signal": "INCREMENTAL MARGIN (YoY)",
      "detail": "YoY Incr OPM: +43.8% vs year-ago OPM: +15.0%",
      "severity": "HIGH"
    },
    {
      "quarter": "2024-03 (Q1)",
      "signal": "YoY REVENUE GROWTH DECELERATION",
      "detail": "YoY growth: -17.0% vs prior quarter YoY: -9.3% (decel: -7.7%)",
      "severity": "WARNING"
    },
    {
      "quarter": "2024-03 (Q1)",
      "signal": "INCREMENTAL MARGIN (YoY)",
      "detail": "YoY Incr OPM: +38.2% vs year-ago OPM: +11.3%",
      "severity": "HIGH"
    },
    {
      "quarter": "2023-12 (Q4)",
      "signal": "FCF MARGIN EXPANSION",
      "detail": "FCF margin: +4.6% -> +17.1% (+12.5%)",
      "severity": "MEDIUM"
    },
    {
      "quarter": "2023-12 (Q4)",
      "signal": "YoY REVENUE GROWTH DECELERATION",
      "detail": "YoY growth: -9.3% vs prior quarter YoY: -3.4% (decel: -5.9%)",
      "severity": "WARNING"
    },
    {
      "quarter": "2023-09 (Q3)",
      "signal": "YoY REVENUE GROWTH DECELERATION",
      "detail": "YoY growth: -3.4% vs prior quarter YoY: +6.8% (decel: -10.2%)",
      "severity": "WARNING"
    },
    {
      "quarter": "2023-06 (Q2)",
      "signal": "OPERATING LEVERAGE",
      "detail": "Rev growth +10.6% vs OpEx growth +3.4% (leverage: 3.1x)",
      "severity": "MEDIUM"
    },
    {
      "quarter": "2023-06 (Q2)",
      "signal": "YoY REVENUE GROWTH DECELERATION",
      "detail": "YoY growth: +6.8% vs prior quarter YoY: +13.6% (decel: -6.7%)",
      "severity": "WARNING"
    },
    {
      "quarter": "2023-06 (Q2)",
      "signal": "INCREMENTAL MARGIN (YoY)",
      "detail": "YoY Incr OPM: +153.7% vs year-ago OPM: +5.6%",
      "severity": "HIGH"
    },
    {
      "quarter": "2023-03 (Q1)",
      "signal": "YoY REVENUE GROWTH DECELERATION",
      "detail": "YoY growth: +13.6% vs prior quarter YoY: +37.2% (decel: -23.6%)",
      "severity": "WARNING"
    },
    {
      "quarter": "2023-03 (Q1)",
      "signal": "INCREMENTAL MARGIN (YoY)",
      "detail": "YoY Incr OPM: +67.1% vs year-ago OPM: +3.7%",
      "severity": "HIGH"
    },
    {
      "quarter": "2022-12 (Q4)",
      "signal": "FCF TURNED POSITIVE",
      "detail": "FCF margin: -4.6% -> +5.7%",
      "severity": "HIGH"
    },
    {
      "quarter": "2022-12 (Q4)",
      "signal": "OP MARGIN TURNED POSITIVE (YoY)",
      "detail": "Op margin: -3.9% (year-ago) -> +8.8%",
      "severity": "HIGH"
    },
    {
      "quarter": "2022-09 (Q3)",
      "signal": "YoY REVENUE GROWTH DECELERATION",
      "detail": "YoY growth: +35.8% vs prior quarter YoY: +43.0% (decel: -7.3%)",
      "severity": "WARNING"
    },
    {
      "quarter": "2022-09 (Q3)",
      "signal": "INCREMENTAL MARGIN (YoY)",
      "detail": "YoY Incr OPM: +20.1% vs year-ago OPM: +3.8%",
      "severity": "MEDIUM"
    },
    {
      "quarter": "2022-06 (Q2)",
      "signal": "FCF TURNED POSITIVE",
      "detail": "FCF margin: -8.1% -> +16.3%",
      "severity": "HIGH"
    },
    {
      "quarter": "2022-06 (Q2)",
      "signal": "OPERATING LEVERAGE",
      "detail": "Rev growth +17.6% vs OpEx growth +11.1% (leverage: 1.6x)",
      "severity": "MEDIUM"
    },
    {
      "quarter": "2022-03 (Q1)",
      "signal": "OP MARGIN TURNED POSITIVE (QoQ)",
      "detail": "Op margin: -3.9% -> +3.7%",
      "severity": "HIGH"
    },
    {
      "quarter": "2021-12 (Q4)",
      "signal": "FCF TURNED POSITIVE",
      "detail": "FCF margin: -14.6% -> +7.9%",
      "severity": "HIGH"
    },
    {
      "quarter": "2021-06 (Q2)",
      "signal": "FCF TURNED POSITIVE",
      "detail": "FCF margin: -6.8% -> +0.5%",
      "severity": "HIGH"
    }
  ],
  "data_quality": {
    "n_quarters": 20,
    "coverage": {
      "revenue": [
        20,
        20
      ],
      "gross_profit": [
        20,
        20
      ],
      "op_income": [
        20,
        20
      ],
      "fcf": [
        20,
        20
      ]
    },
    "gaps": [],
    "warnings": []
  },
  "market_cap": null,
  "source": "SEC EDGAR",
  "last_updated": "2026-02-24T10:31:09.880206"
}