{
  "ticker": "WOLF",
  "name": "WOLFSPEED, INC.",
  "quarters": [
    {
      "date": "2020-12-27T00:00:00",
      "quarter_label": "2020-12 (Q4)",
      "revenue": 127000000,
      "gross_profit": 41300000,
      "operating_income": -57600000,
      "net_income": -83000000,
      "opex": 98900000,
      "cogs": 85700000,
      "rd": 45500000,
      "sga": 46800000,
      "fcf": -170300000,
      "ocf": -26300000,
      "capex": -144000000,
      "gross_margin": 0.3251968503937008,
      "op_margin": -0.45354330708661417,
      "fcf_margin": -1.3409448818897638
    },
    {
      "date": "2021-03-28T00:00:00",
      "quarter_label": "2021-03 (Q1)",
      "revenue": 137300000,
      "gross_profit": 44000000,
      "operating_income": -61400000,
      "net_income": -108900000,
      "opex": 105400000,
      "cogs": 93300000,
      "rd": 46000000,
      "sga": 44200000,
      "fcf": -186100000,
      "ocf": -49600000,
      "capex": -136500000,
      "gross_margin": 0.32046613255644574,
      "op_margin": -0.4471959213401311,
      "fcf_margin": -1.3554260742898763,
      "op_leverage_ratio": 1.2340036341611147,
      "fcf_margin_change": -0.014481192400112475
    },
    {
      "date": "2021-06-27T00:00:00",
      "quarter_label": "2021-06 (Q2)",
      "revenue": 145800000,
      "gross_profit": 43800000,
      "operating_income": -132700000,
      "net_income": -147600000,
      "opex": 176500000,
      "cogs": 102000000,
      "rd": 45100000,
      "sga": 46600000,
      "fcf": -226500000,
      "ocf": -50000000,
      "capex": -176500000,
      "gross_margin": 0.3004115226337449,
      "op_margin": -0.9101508916323731,
      "fcf_margin": -1.5534979423868314,
      "op_leverage_ratio": 0.09177394455866249,
      "fcf_margin_change": -0.1980718680969551
    },
    {
      "date": "2021-09-26T00:00:00",
      "quarter_label": "2021-09 (Q3)",
      "revenue": 156600000,
      "gross_profit": 49400000,
      "operating_income": -65700000,
      "net_income": -70100000,
      "opex": 115100000,
      "cogs": 107200000,
      "rd": 49900000,
      "sga": 49000000,
      "fcf": -321800000,
      "ocf": -62500000,
      "capex": -259300000,
      "gross_margin": 0.31545338441890164,
      "op_margin": -0.41954022988505746,
      "fcf_margin": -2.054916985951469,
      "op_leverage_ratio": Infinity,
      "fcf_margin_change": -0.5014190435646375
    },
    {
      "date": "2021-12-26T00:00:00",
      "quarter_label": "2021-12 (Q4)",
      "revenue": 173100000,
      "gross_profit": 57000000,
      "operating_income": -60900000,
      "net_income": -96700000,
      "opex": 117900000,
      "cogs": 116100000,
      "rd": 50200000,
      "sga": 48000000,
      "fcf": -174800000,
      "ocf": -32500000,
      "capex": -142300000,
      "gross_margin": 0.3292894280762565,
      "op_margin": -0.35181975736568455,
      "fcf_margin": -1.0098209127671867,
      "incr_op_margin_yoy": -0.07158351409978309,
      "rev_growth_yoy": 0.36299212598425196,
      "op_leverage_ratio": 4.331212370005473,
      "fcf_margin_change": 1.0450960731842822
    },
    {
      "date": "2022-03-27T00:00:00",
      "quarter_label": "2022-03 (Q1)",
      "revenue": 188000000,
      "gross_profit": 64000000,
      "operating_income": -62300000,
      "net_income": -66500000,
      "opex": 126300000,
      "cogs": 124000000,
      "rd": 48100000,
      "sga": 51500000,
      "fcf": -162300000,
      "ocf": -28400000,
      "capex": -133900000,
      "gross_margin": 0.3404255319148936,
      "op_margin": -0.3313829787234043,
      "fcf_margin": -0.8632978723404255,
      "incr_op_margin_yoy": -0.01775147928994083,
      "rev_growth_yoy": 0.36926438455935906,
      "rev_growth_yoy_accel": 0.006272258575107104,
      "op_leverage_ratio": 1.2081579598910623,
      "fcf_margin_change": 0.14652304042676112
    },
    {
      "date": "2022-06-26T00:00:00",
      "quarter_label": "2022-06 (Q2)",
      "revenue": 228500000,
      "gross_profit": 78900000,
      "operating_income": -58900000,
      "net_income": 32400000,
      "opex": 137800000,
      "cogs": 149600000,
      "rd": 48200000,
      "sga": 55000000,
      "fcf": -132100000,
      "ocf": -30800000,
      "capex": -101300000,
      "gross_margin": 0.3452954048140044,
      "op_margin": -0.2577680525164114,
      "fcf_margin": -0.5781181619256017,
      "incr_op_margin_yoy": 0.8923821039903265,
      "rev_growth_yoy": 0.5672153635116598,
      "rev_growth_yoy_accel": 0.19795097895230074,
      "op_leverage_ratio": 2.3659343200740057,
      "fcf_margin_change": 0.2851797104148238
    },
    {
      "date": "2022-09-25T00:00:00",
      "quarter_label": "2022-09 (Q3)",
      "revenue": 241300000,
      "gross_profit": 79900000,
      "operating_income": -75700000,
      "net_income": -26200000,
      "opex": 155600000,
      "cogs": 161400000,
      "rd": 55200000,
      "sga": 55000000,
      "fcf": -120400000,
      "ocf": -12700000,
      "capex": -107700000,
      "gross_margin": 0.3311230832987982,
      "op_margin": -0.31371736427683383,
      "fcf_margin": -0.49896394529631166,
      "incr_op_margin_yoy": -0.1180637544273908,
      "rev_growth_yoy": 0.5408684546615581,
      "rev_growth_yoy_accel": -0.026346908850101713,
      "op_leverage_ratio": 0.4336636097656922,
      "fcf_margin_change": 0.07915421662929006
    },
    {
      "date": "2022-12-25T00:00:00",
      "quarter_label": "2022-12 (Q4)",
      "revenue": 216100000,
      "gross_profit": 66900000,
      "operating_income": -91300000,
      "net_income": -90900000,
      "opex": 158200000,
      "cogs": 149200000,
      "rd": 57000000,
      "sga": 55700000,
      "fcf": -193400000,
      "ocf": -67000000,
      "capex": -126400000,
      "gross_margin": 0.3095788986580287,
      "op_margin": -0.4224895881536326,
      "fcf_margin": -0.8949560388708931,
      "incr_op_margin_yoy": -0.7069767441860465,
      "rev_growth_yoy": 0.24841132293471982,
      "rev_growth_yoy_accel": -0.2924571317268383,
      "fcf_margin_change": -0.3959920935745815
    },
    {
      "date": "2023-03-26T00:00:00",
      "quarter_label": "2023-03 (Q1)",
      "revenue": 228700000,
      "gross_profit": 68100000,
      "operating_income": -101900000,
      "net_income": -99500000,
      "opex": 170000000,
      "cogs": 160600000,
      "rd": 56100000,
      "sga": 60500000,
      "fcf": -301800000,
      "ocf": -11000000,
      "capex": -290800000,
      "gross_margin": 0.2977700043725404,
      "op_margin": -0.4455618714473109,
      "fcf_margin": -1.3196327066025362,
      "incr_op_margin_yoy": -0.972972972972973,
      "rev_growth_yoy": 0.21648936170212765,
      "rev_growth_yoy_accel": -0.031921961232592166,
      "op_leverage_ratio": 0.7817002486294011,
      "fcf_margin_change": -0.42467666773164303
    },
    {
      "date": "2023-06-25T00:00:00",
      "quarter_label": "2023-06 (Q2)",
      "revenue": 235800000,
      "gross_profit": 64600000,
      "operating_income": -111700000,
      "net_income": -113300000,
      "opex": 176300000,
      "cogs": 171200000,
      "rd": 57100000,
      "sga": 64100000,
      "fcf": -476600000,
      "ocf": -51900000,
      "capex": -424700000,
      "gross_margin": 0.273960983884648,
      "op_margin": -0.47370653095843934,
      "fcf_margin": -2.0212044105173876,
      "incr_op_margin_yoy": -7.232876712328767,
      "rev_growth_yoy": 0.03194748358862144,
      "rev_growth_yoy_accel": -0.1845418781135062,
      "op_leverage_ratio": 0.8377232251303087,
      "fcf_margin_change": -0.7015717039148515
    },
    {
      "date": "2023-09-24T00:00:00",
      "quarter_label": "2023-09 (Q3)",
      "revenue": 197400000,
      "gross_profit": 24700000,
      "operating_income": -94900000,
      "net_income": -395700000,
      "opex": 119600000,
      "cogs": 172700000,
      "rd": 44100000,
      "sga": 64100000,
      "fcf": -589400000,
      "ocf": -147400000,
      "capex": -442000000,
      "gross_margin": 0.12512664640324214,
      "op_margin": -0.4807497467071935,
      "fcf_margin": -2.9858156028368796,
      "incr_op_margin_yoy": 0.43735763097949887,
      "rev_growth_yoy": -0.1819312059676751,
      "rev_growth_yoy_accel": -0.21387868955629652,
      "fcf_margin_change": -0.964611192319492
    },
    {
      "date": "2023-12-31T00:00:00",
      "quarter_label": "2023-12 (Q4)",
      "revenue": 208400000,
      "gross_profit": 27800000,
      "operating_income": -98100000,
      "net_income": -144700000,
      "opex": 125900000,
      "cogs": 180600000,
      "rd": 45300000,
      "sga": 64900000,
      "fcf": -812700000,
      "ocf": -202500000,
      "capex": -610200000,
      "gross_margin": 0.13339731285988485,
      "op_margin": -0.47072936660268716,
      "fcf_margin": -3.8997120921305184,
      "incr_op_margin_yoy": 0.8831168831168831,
      "rev_growth_yoy": -0.03563165201295696,
      "rev_growth_yoy_accel": 0.14629955395471814,
      "op_leverage_ratio": 1.0578794165420307,
      "fcf_margin_change": -0.9138964892936388
    },
    {
      "date": "2024-03-31T00:00:00",
      "quarter_label": "2024-03 (Q1)",
      "revenue": 200700000,
      "gross_profit": 22500000,
      "operating_income": -106400000,
      "net_income": -148900000,
      "opex": 128900000,
      "cogs": 178200000,
      "rd": 52500000,
      "sga": 55800000,
      "fcf": -713700000,
      "ocf": -136200000,
      "capex": -577500000,
      "gross_margin": 0.11210762331838565,
      "op_margin": -0.5301444942700548,
      "fcf_margin": -3.5560538116591927,
      "incr_op_margin_yoy": 0.16071428571428573,
      "rev_growth_yoy": -0.12243113248797552,
      "rev_growth_yoy_accel": -0.08679948047501856,
      "fcf_margin_change": 0.34365828047132574
    },
    {
      "date": "2024-06-30T00:00:00",
      "quarter_label": "2024-06 (Q2)",
      "revenue": 200700000,
      "gross_profit": 2400000,
      "operating_income": -145900000,
      "net_income": -174900000,
      "opex": 148300000,
      "cogs": 198300000,
      "rd": 60000000,
      "sga": 61600000,
      "fcf": -883800000,
      "ocf": -239500000,
      "capex": -644300000,
      "gross_margin": 0.01195814648729447,
      "op_margin": -0.7269556552067763,
      "fcf_margin": -4.403587443946188,
      "incr_op_margin_yoy": 0.9743589743589743,
      "rev_growth_yoy": -0.14885496183206107,
      "rev_growth_yoy_accel": -0.026423829344085548,
      "fcf_margin_change": -0.8475336322869955
    },
    {
      "date": "2024-09-29T00:00:00",
      "quarter_label": "2024-09 (Q3)",
      "revenue": 194700000,
      "gross_profit": -36200000,
      "operating_income": -230100000,
      "net_income": -282200000,
      "opex": 193900000,
      "cogs": 230900000,
      "rd": 50900000,
      "sga": 62200000,
      "fcf": -569000000,
      "ocf": -132000000,
      "capex": -437000000,
      "gross_margin": -0.1859270672829995,
      "op_margin": -1.1818181818181819,
      "fcf_margin": -2.9224447868515666,
      "incr_op_margin_yoy": 50.074074074074076,
      "rev_growth_yoy": -0.013677811550151976,
      "rev_growth_yoy_accel": 0.1351771502819091,
      "fcf_margin_change": 1.4811426570946216
    },
    {
      "date": "2024-12-29T00:00:00",
      "quarter_label": "2024-12 (Q4)",
      "revenue": 180500000,
      "gross_profit": -37200000,
      "operating_income": -323000000,
      "net_income": -372200000,
      "opex": 285800000,
      "cogs": 217700000,
      "rd": 44400000,
      "sga": 51100000,
      "fcf": -596900000,
      "ocf": -195100000,
      "capex": -401800000,
      "gross_margin": -0.20609418282548475,
      "op_margin": -1.7894736842105263,
      "fcf_margin": -3.3069252077562328,
      "incr_op_margin_yoy": 8.060931899641577,
      "rev_growth_yoy": -0.1338771593090211,
      "rev_growth_yoy_accel": -0.12019934775886913,
      "fcf_margin_change": -0.38448042090466616
    },
    {
      "date": "2025-03-30T00:00:00",
      "quarter_label": "2025-03 (Q1)",
      "revenue": 185400000,
      "gross_profit": -22500000,
      "operating_income": -194500000,
      "net_income": -285500000,
      "opex": 172000000,
      "cogs": 207900000,
      "rd": 42200000,
      "sga": 41100000,
      "fcf": -362800000,
      "ocf": -142100000,
      "capex": -220700000,
      "gross_margin": -0.12135922330097088,
      "op_margin": -1.0490830636461705,
      "fcf_margin": -1.9568500539374325,
      "incr_op_margin_yoy": 5.758169934640523,
      "rev_growth_yoy": -0.07623318385650224,
      "rev_growth_yoy_accel": 0.05764397545251887,
      "op_leverage_ratio": Infinity,
      "fcf_margin_change": 1.3500751538188003
    },
    {
      "date": "2025-06-29T00:00:00",
      "quarter_label": "2025-06 (Q2)",
      "revenue": 197000000,
      "gross_profit": -25700000,
      "operating_income": -581600000,
      "net_income": -669300000,
      "opex": 555900000,
      "cogs": 222700000,
      "rd": 37600000,
      "sga": 36100000,
      "fcf": -454400000,
      "ocf": -242500000,
      "capex": -211900000,
      "gross_margin": -0.1304568527918782,
      "op_margin": -2.952284263959391,
      "fcf_margin": -2.3065989847715738,
      "incr_op_margin_yoy": 117.75675675675676,
      "rev_growth_yoy": -0.018435475834578975,
      "rev_growth_yoy_accel": 0.057797708021923265,
      "op_leverage_ratio": 0.02803229108623161,
      "fcf_margin_change": -0.34974893083414127
    },
    {
      "date": "2025-09-28T00:00:00",
      "quarter_label": "2025-09 (Q3)",
      "revenue": 196800000,
      "gross_profit": -77100000,
      "operating_income": -161400000,
      "net_income": -643600000,
      "opex": 84300000,
      "cogs": 273900000,
      "rd": 31700000,
      "sga": 37900000,
      "fcf": -98300000,
      "ocf": 5700000,
      "capex": -104000000,
      "gross_margin": -0.39176829268292684,
      "op_margin": -0.8201219512195121,
      "fcf_margin": -0.4994918699186992,
      "incr_op_margin_yoy": 32.714285714285715,
      "rev_growth_yoy": 0.01078582434514638,
      "rev_growth_yoy_accel": 0.029221300179725355,
      "fcf_margin_change": 1.8071071148528746
    }
  ],
  "signals": [
    {
      "quarter": "2025-09 (Q3)",
      "signal": "FCF MARGIN EXPANSION",
      "detail": "FCF margin: -230.7% -> -49.9% (+180.7%)",
      "severity": "MEDIUM"
    },
    {
      "quarter": "2025-06 (Q2)",
      "signal": "YoY REVENUE GROWTH ACCELERATION",
      "detail": "YoY growth: -1.8% vs prior quarter YoY: -7.6% (accel: +5.8%)",
      "severity": "MEDIUM"
    },
    {
      "quarter": "2025-03 (Q1)",
      "signal": "FCF MARGIN EXPANSION",
      "detail": "FCF margin: -330.7% -> -195.7% (+135.0%)",
      "severity": "MEDIUM"
    },
    {
      "quarter": "2025-03 (Q1)",
      "signal": "GROSS MARGIN INFLECTION",
      "detail": "GM: -18.6% -> -20.6% -> -12.1% (reversal +8.5%)",
      "severity": "HIGH"
    },
    {
      "quarter": "2025-03 (Q1)",
      "signal": "YoY REVENUE GROWTH ACCELERATION",
      "detail": "YoY growth: -7.6% vs prior quarter YoY: -13.4% (accel: +5.8%)",
      "severity": "MEDIUM"
    },
    {
      "quarter": "2024-12 (Q4)",
      "signal": "YoY REVENUE GROWTH DECELERATION",
      "detail": "YoY growth: -13.4% vs prior quarter YoY: -1.4% (decel: -12.0%)",
      "severity": "WARNING"
    },
    {
      "quarter": "2024-09 (Q3)",
      "signal": "FCF MARGIN EXPANSION",
      "detail": "FCF margin: -440.4% -> -292.2% (+148.1%)",
      "severity": "MEDIUM"
    },
    {
      "quarter": "2024-09 (Q3)",
      "signal": "YoY REVENUE GROWTH ACCELERATION",
      "detail": "YoY growth: -1.4% vs prior quarter YoY: -14.9% (accel: +13.5%)",
      "severity": "MEDIUM"
    },
    {
      "quarter": "2024-03 (Q1)",
      "signal": "FCF MARGIN EXPANSION",
      "detail": "FCF margin: -390.0% -> -355.6% (+34.4%)",
      "severity": "MEDIUM"
    },
    {
      "quarter": "2024-03 (Q1)",
      "signal": "YoY REVENUE GROWTH DECELERATION",
      "detail": "YoY growth: -12.2% vs prior quarter YoY: -3.6% (decel: -8.7%)",
      "severity": "WARNING"
    },
    {
      "quarter": "2023-12 (Q4)",
      "signal": "YoY REVENUE GROWTH ACCELERATION",
      "detail": "YoY growth: -3.6% vs prior quarter YoY: -18.2% (accel: +14.6%)",
      "severity": "MEDIUM"
    },
    {
      "quarter": "2023-09 (Q3)",
      "signal": "YoY REVENUE GROWTH DECELERATION",
      "detail": "YoY growth: -18.2% vs prior quarter YoY: +3.2% (decel: -21.4%)",
      "severity": "WARNING"
    },
    {
      "quarter": "2023-06 (Q2)",
      "signal": "YoY REVENUE GROWTH DECELERATION",
      "detail": "YoY growth: +3.2% vs prior quarter YoY: +21.6% (decel: -18.5%)",
      "severity": "WARNING"
    },
    {
      "quarter": "2022-12 (Q4)",
      "signal": "YoY REVENUE GROWTH DECELERATION",
      "detail": "YoY growth: +24.8% vs prior quarter YoY: +54.1% (decel: -29.2%)",
      "severity": "WARNING"
    },
    {
      "quarter": "2022-09 (Q3)",
      "signal": "FCF MARGIN EXPANSION",
      "detail": "FCF margin: -57.8% -> -49.9% (+7.9%)",
      "severity": "MEDIUM"
    },
    {
      "quarter": "2022-06 (Q2)",
      "signal": "FCF MARGIN EXPANSION",
      "detail": "FCF margin: -86.3% -> -57.8% (+28.5%)",
      "severity": "MEDIUM"
    },
    {
      "quarter": "2022-06 (Q2)",
      "signal": "OPERATING LEVERAGE",
      "detail": "Rev growth +21.5% vs OpEx growth +9.1% (leverage: 2.4x)",
      "severity": "MEDIUM"
    },
    {
      "quarter": "2022-06 (Q2)",
      "signal": "YoY REVENUE GROWTH ACCELERATION",
      "detail": "YoY growth: +56.7% vs prior quarter YoY: +36.9% (accel: +19.8%)",
      "severity": "HIGH"
    },
    {
      "quarter": "2022-03 (Q1)",
      "signal": "FCF MARGIN EXPANSION",
      "detail": "FCF margin: -101.0% -> -86.3% (+14.7%)",
      "severity": "MEDIUM"
    },
    {
      "quarter": "2021-12 (Q4)",
      "signal": "FCF MARGIN EXPANSION",
      "detail": "FCF margin: -205.5% -> -101.0% (+104.5%)",
      "severity": "MEDIUM"
    },
    {
      "quarter": "2021-12 (Q4)",
      "signal": "OPERATING LEVERAGE",
      "detail": "Rev growth +10.5% vs OpEx growth +2.4% (leverage: 4.3x)",
      "severity": "MEDIUM"
    }
  ],
  "data_quality": {
    "n_quarters": 20,
    "coverage": {
      "revenue": [
        20,
        20
      ],
      "gross_profit": [
        20,
        20
      ],
      "op_income": [
        20,
        20
      ],
      "fcf": [
        20,
        20
      ]
    },
    "gaps": [],
    "warnings": []
  },
  "market_cap": null,
  "source": "SEC EDGAR",
  "last_updated": "2026-02-02T22:28:32.257144"
}