{
  "ticker": "WOR",
  "name": "WORTHINGTON ENTERPRISES, INC.",
  "quarters": [
    {
      "date": "2021-02-28T00:00:00",
      "quarter_label": "2021-02 (Q1)",
      "revenue": 759109000,
      "gross_profit": 164098000,
      "operating_income": 49772000,
      "net_income": 67609000,
      "opex": 114326000,
      "cogs": 595011000,
      "rd": null,
      "sga": 86895000,
      "fcf": -7121000,
      "ocf": 9256000,
      "capex": -16377000,
      "gross_margin": 0.2161718541079081,
      "op_margin": 0.06556634159257761,
      "fcf_margin": -0.009380734519021643
    },
    {
      "date": "2021-05-31T00:00:00",
      "quarter_label": "2021-05 (Q2)",
      "revenue": 978319000,
      "gross_profit": 226148000,
      "operating_income": 110458000,
      "net_income": 113555000,
      "opex": 115690000,
      "cogs": 752171000,
      "rd": null,
      "sga": 99925000,
      "fcf": 23450000,
      "ocf": 40307000,
      "capex": -16857000,
      "gross_margin": 0.23115977508358726,
      "op_margin": 0.11290591310196367,
      "fcf_margin": 0.02396968677905673,
      "op_leverage_ratio": 24.203984163112608,
      "fcf_margin_change": 0.03335042129807837
    },
    {
      "date": "2021-08-31T00:00:00",
      "quarter_label": "2021-08 (Q3)",
      "revenue": 1110818000,
      "gross_profit": 219374000,
      "operating_income": 135797000,
      "net_income": 132491000,
      "opex": 83577000,
      "cogs": 891444000,
      "rd": null,
      "sga": 95851000,
      "fcf": -73737000,
      "ocf": -49812000,
      "capex": -23925000,
      "gross_margin": 0.19748869751840537,
      "op_margin": 0.12224954943113993,
      "fcf_margin": -0.06638081125800986,
      "op_leverage_ratio": Infinity,
      "fcf_margin_change": -0.09035049803706659
    },
    {
      "date": "2021-11-30T00:00:00",
      "quarter_label": "2021-11 (Q4)",
      "revenue": 1232861000,
      "gross_profit": 184591000,
      "operating_income": 90465000,
      "net_income": 110301000,
      "opex": 94126000,
      "cogs": 1048270000,
      "rd": null,
      "sga": 96130000,
      "fcf": -143338000,
      "ocf": -119104000,
      "capex": -24234000,
      "gross_margin": 0.14972571928222242,
      "op_margin": 0.07337810182980888,
      "fcf_margin": -0.1162645261712391,
      "op_leverage_ratio": 0.8704532514943724,
      "fcf_margin_change": -0.04988371491322924
    },
    {
      "date": "2022-02-28T00:00:00",
      "quarter_label": "2022-02 (Q1)",
      "revenue": 1378235000,
      "gross_profit": 143128000,
      "operating_income": 37611000,
      "net_income": 56342000,
      "opex": 105517000,
      "cogs": 1235107000,
      "rd": null,
      "sga": 102945000,
      "fcf": 50545000,
      "ocf": 74190000,
      "capex": -23645000,
      "gross_margin": 0.10384876309192555,
      "op_margin": 0.027289250381828934,
      "fcf_margin": 0.03667371674641843,
      "incr_op_margin_yoy": -0.01964220530231326,
      "rev_growth_yoy": 0.8155956522712812,
      "op_leverage_ratio": 0.9743620875715183,
      "fcf_margin_change": 0.15293824291765754
    },
    {
      "date": "2022-05-31T00:00:00",
      "quarter_label": "2022-05 (Q2)",
      "revenue": 1520305000,
      "gross_profit": 167723000,
      "operating_income": 65395000,
      "net_income": 80252000,
      "opex": 102328000,
      "cogs": 1352582000,
      "rd": null,
      "sga": 104642000,
      "fcf": 142042000,
      "ocf": 164838000,
      "capex": -22796000,
      "gross_margin": 0.11032194197874769,
      "op_margin": 0.04301439513781774,
      "fcf_margin": 0.09342993675611144,
      "incr_op_margin_yoy": -0.08314421405718966,
      "rev_growth_yoy": 0.5539972135877971,
      "rev_growth_yoy_accel": -0.2615984386834841,
      "op_leverage_ratio": Infinity,
      "fcf_margin_change": 0.05675622000969301
    },
    {
      "date": "2022-08-31T00:00:00",
      "quarter_label": "2022-08 (Q3)",
      "revenue": 1408665000,
      "gross_profit": 169374000,
      "operating_income": 66714000,
      "net_income": 64082000,
      "opex": 102660000,
      "cogs": 1239291000,
      "rd": null,
      "sga": 103448000,
      "fcf": 59561000,
      "ocf": 81038000,
      "capex": -21477000,
      "gross_margin": 0.12023724590303585,
      "op_margin": 0.04735973421643897,
      "fcf_margin": 0.042281876812442984,
      "incr_op_margin_yoy": -0.23194123157191443,
      "rev_growth_yoy": 0.2681330334942358,
      "rev_growth_yoy_accel": -0.2858641800935613,
      "fcf_margin_change": -0.05114805994366846
    },
    {
      "date": "2022-11-30T00:00:00",
      "quarter_label": "2022-11 (Q4)",
      "revenue": 1175541000,
      "gross_profit": 105763000,
      "operating_income": -7014000,
      "net_income": 16218000,
      "opex": 112777000,
      "cogs": 1069778000,
      "rd": null,
      "sga": 107813000,
      "fcf": 108451000,
      "ocf": 132941000,
      "capex": -24490000,
      "gross_margin": 0.08996963951065935,
      "op_margin": -0.005966614520463344,
      "fcf_margin": 0.0922562462729926,
      "incr_op_margin_yoy": 1.7006106071179343,
      "rev_growth_yoy": -0.04649348142247991,
      "rev_growth_yoy_accel": -0.31462651491671567,
      "fcf_margin_change": 0.04997436946054962
    },
    {
      "date": "2023-02-28T00:00:00",
      "quarter_label": "2023-02 (Q1)",
      "revenue": 1103322000,
      "gross_profit": 143807000,
      "operating_income": 30095000,
      "net_income": 46325000,
      "opex": 113712000,
      "cogs": 959515000,
      "rd": null,
      "sga": 106057000,
      "fcf": 159403000,
      "ocf": 182151000,
      "capex": -22748000,
      "gross_margin": 0.13034000953484115,
      "op_margin": 0.02727671522909903,
      "fcf_margin": 0.14447550216527905,
      "incr_op_margin_yoy": 0.027339558332999895,
      "rev_growth_yoy": -0.19946743479885506,
      "rev_growth_yoy_accel": -0.15297395337637515,
      "fcf_margin_change": 0.052219255892286445
    },
    {
      "date": "2023-05-31T00:00:00",
      "quarter_label": "2023-05 (Q2)",
      "revenue": 1228864000,
      "gross_profit": 244368000,
      "operating_income": 122572000,
      "net_income": 129903000,
      "opex": 121796000,
      "cogs": 984496000,
      "rd": null,
      "sga": 111554000,
      "fcf": 211583000,
      "ocf": 229234000,
      "capex": -17651000,
      "gross_margin": 0.19885683037341806,
      "op_margin": 0.09974415395031509,
      "fcf_margin": 0.1721777186084058,
      "incr_op_margin_yoy": -0.19618722142732148,
      "rev_growth_yoy": -0.19169903407539934,
      "rev_growth_yoy_accel": 0.007768400723455721,
      "op_leverage_ratio": 1.600540832970247,
      "fcf_margin_change": 0.02770221644312676
    },
    {
      "date": "2023-08-31T00:00:00",
      "quarter_label": "2023-08 (Q3)",
      "revenue": 1193256000,
      "gross_profit": 197489000,
      "operating_income": 77705000,
      "net_income": 96106000,
      "opex": 119784000,
      "cogs": 995767000,
      "rd": null,
      "sga": 112348000,
      "fcf": 30398000,
      "ocf": 59696000,
      "capex": -29298000,
      "gross_margin": 0.1655043008373727,
      "op_margin": 0.06512014186394202,
      "fcf_margin": 0.02547483524071951,
      "incr_op_margin_yoy": -0.051023866226573636,
      "rev_growth_yoy": -0.1529171236596352,
      "rev_growth_yoy_accel": 0.03878191041576415,
      "fcf_margin_change": -0.1467028833676863
    },
    {
      "date": "2023-11-30T00:00:00",
      "quarter_label": "2023-11 (Q4)",
      "revenue": 1086918000,
      "gross_profit": 123714000,
      "operating_income": -5932000,
      "net_income": 24302000,
      "opex": 129646000,
      "cogs": 963204000,
      "rd": null,
      "sga": 107688000,
      "fcf": 102114000,
      "ocf": 134990000,
      "capex": -32876000,
      "gross_margin": 0.11382091381318554,
      "op_margin": -0.0054576334185283525,
      "fcf_margin": 0.09394820952454555,
      "incr_op_margin_yoy": -0.012209020231768277,
      "rev_growth_yoy": -0.0753891187121504,
      "rev_growth_yoy_accel": 0.0775280049474848,
      "fcf_margin_change": 0.06847337428382604
    },
    {
      "date": "2024-02-29T00:00:00",
      "quarter_label": "2024-02 (Q1)",
      "revenue": 316755000,
      "gross_profit": 73112000,
      "operating_income": 4281000,
      "net_income": 22000000,
      "opex": 68831000,
      "cogs": 243643000,
      "rd": null,
      "sga": 65134000,
      "fcf": 40104000,
      "ocf": 50121000,
      "capex": -10017000,
      "gross_margin": 0.23081561459171915,
      "op_margin": 0.013515177345266846,
      "fcf_margin": 0.12660889330870861,
      "incr_op_margin_yoy": 0.03281856472493761,
      "rev_growth_yoy": -0.7129079271509133,
      "rev_growth_yoy_accel": -0.637518808438763,
      "fcf_margin_change": 0.032660683784163064
    },
    {
      "date": "2024-05-31T00:00:00",
      "quarter_label": "2024-05 (Q2)",
      "revenue": 318801000,
      "gross_profit": 78999000,
      "operating_income": -56048000,
      "net_income": -31785000,
      "opex": 135047000,
      "cogs": 239802000,
      "rd": null,
      "sga": 73209000,
      "fcf": 33834000,
      "ocf": 45170000,
      "capex": -11336000,
      "gross_margin": 0.24780035194368902,
      "op_margin": -0.1758087333477624,
      "fcf_margin": 0.10612890172866458,
      "incr_op_margin_yoy": 0.19627212621543783,
      "rev_growth_yoy": -0.740572593875319,
      "rev_growth_yoy_accel": -0.027664666724405707,
      "fcf_margin_change": -0.02047999158004403
    },
    {
      "date": "2024-08-31T00:00:00",
      "quarter_label": "2024-08 (Q3)",
      "revenue": 257308000,
      "gross_profit": 62495000,
      "operating_income": -4699000,
      "net_income": 24253000,
      "opex": 67194000,
      "cogs": 194813000,
      "rd": null,
      "sga": 66036000,
      "fcf": 31517000,
      "ocf": 41146000,
      "capex": -9629000,
      "gross_margin": 0.242880128095512,
      "op_margin": -0.01826216052357486,
      "fcf_margin": 0.12248744695073609,
      "incr_op_margin_yoy": 0.0880433528358413,
      "rev_growth_yoy": -0.7843647968248222,
      "rev_growth_yoy_accel": -0.043792202949503145,
      "fcf_margin_change": 0.016358545222071502
    },
    {
      "date": "2024-11-30T00:00:00",
      "quarter_label": "2024-11 (Q4)",
      "revenue": 274046000,
      "gross_profit": 74059000,
      "operating_income": 3521000,
      "net_income": 28260000,
      "opex": 70538000,
      "cogs": 199987000,
      "rd": null,
      "sga": 67918000,
      "fcf": 33892000,
      "ocf": 49053000,
      "capex": -15161000,
      "gross_margin": 0.2702429519131825,
      "op_margin": 0.012848207965086154,
      "fcf_margin": 0.1236726680922181,
      "incr_op_margin_yoy": -0.011629137182729876,
      "rev_growth_yoy": -0.747868744468304,
      "rev_growth_yoy_accel": 0.036496052356518205,
      "op_leverage_ratio": 1.307117113309293,
      "fcf_margin_change": 0.0011852211414820069
    },
    {
      "date": "2025-02-28T00:00:00",
      "quarter_label": "2025-02 (Q1)",
      "revenue": 304524000,
      "gross_profit": 89247000,
      "operating_income": 20868000,
      "net_income": 39663000,
      "opex": 68379000,
      "cogs": 215277000,
      "rd": null,
      "sga": 63005000,
      "fcf": 44427000,
      "ocf": 57131000,
      "capex": -12704000,
      "gross_margin": 0.29307049690664777,
      "op_margin": 0.0685266185916381,
      "fcf_margin": 0.1458899791149466,
      "incr_op_margin_yoy": -1.3561442236938925,
      "rev_growth_yoy": -0.03861343940900696,
      "rev_growth_yoy_accel": 0.709255305059297,
      "op_leverage_ratio": Infinity,
      "fcf_margin_change": 0.022217311022728517
    },
    {
      "date": "2025-05-31T00:00:00",
      "quarter_label": "2025-05 (Q2)",
      "revenue": 317884000,
      "gross_profit": 93234000,
      "operating_income": -30405000,
      "net_income": 3877000,
      "opex": 123639000,
      "cogs": 224650000,
      "rd": null,
      "sga": 71454000,
      "fcf": 49328000,
      "ocf": 62414000,
      "capex": -13086000,
      "gross_margin": 0.29329566760201836,
      "op_margin": -0.09564809804834468,
      "fcf_margin": 0.1551761019743051,
      "rev_growth_yoy": -0.002876402520694728,
      "rev_growth_yoy_accel": 0.03573703688831223,
      "op_leverage_ratio": 0.054287119332039974,
      "fcf_margin_change": 0.009286122859358481
    },
    {
      "date": "2025-08-31T00:00:00",
      "quarter_label": "2025-08 (Q3)",
      "revenue": 303707000,
      "gross_profit": 82284000,
      "operating_income": 9243000,
      "net_income": 35148000,
      "opex": 73041000,
      "cogs": 221423000,
      "rd": null,
      "sga": 70565000,
      "fcf": 27866000,
      "ocf": 41061000,
      "capex": -13195000,
      "gross_margin": 0.27093218134583663,
      "op_margin": 0.030433937973112245,
      "fcf_margin": 0.09175290658430658,
      "incr_op_margin_yoy": 0.300480613806332,
      "rev_growth_yoy": 0.18032474699581824,
      "rev_growth_yoy_accel": 0.18320114951651298,
      "fcf_margin_change": -0.06342319538999851
    },
    {
      "date": "2025-11-30T00:00:00",
      "quarter_label": "2025-11 (Q4)",
      "revenue": 327452000,
      "gross_profit": 84629000,
      "operating_income": 12264000,
      "net_income": 27328000,
      "opex": 72365000,
      "cogs": 242823000,
      "rd": null,
      "sga": 70721000,
      "fcf": 39086000,
      "ocf": 51518000,
      "capex": -12432000,
      "gross_margin": 0.2584470395661043,
      "op_margin": 0.037452817512184995,
      "fcf_margin": 0.11936405946520406,
      "incr_op_margin_yoy": 0.16370819758079616,
      "rev_growth_yoy": 0.19487969173058536,
      "rev_growth_yoy_accel": 0.014554944734767122,
      "op_leverage_ratio": Infinity,
      "fcf_margin_change": 0.02761115288089748
    }
  ],
  "signals": [
    {
      "quarter": "2025-11 (Q4)",
      "signal": "INCREMENTAL MARGIN (YoY)",
      "detail": "YoY Incr OPM: +16.4% vs year-ago OPM: +1.3%",
      "severity": "MEDIUM"
    },
    {
      "quarter": "2025-08 (Q3)",
      "signal": "YoY REVENUE GROWTH ACCELERATION",
      "detail": "YoY growth: +18.0% vs prior quarter YoY: -0.3% (accel: +18.3%)",
      "severity": "HIGH"
    },
    {
      "quarter": "2025-08 (Q3)",
      "signal": "OP MARGIN TURNED POSITIVE (YoY)",
      "detail": "Op margin: -1.8% (year-ago) -> +3.0%",
      "severity": "HIGH"
    },
    {
      "quarter": "2025-08 (Q3)",
      "signal": "OP MARGIN TURNED POSITIVE (QoQ)",
      "detail": "Op margin: -9.6% -> +3.0%",
      "severity": "HIGH"
    },
    {
      "quarter": "2025-02 (Q1)",
      "signal": "YoY REVENUE GROWTH ACCELERATION",
      "detail": "YoY growth: -3.9% vs prior quarter YoY: -74.8% (accel: +70.9%)",
      "severity": "HIGH"
    },
    {
      "quarter": "2024-11 (Q4)",
      "signal": "GROSS MARGIN INFLECTION",
      "detail": "GM: +24.8% -> +24.3% -> +27.0% (reversal +2.7%)",
      "severity": "MEDIUM"
    },
    {
      "quarter": "2024-11 (Q4)",
      "signal": "OP MARGIN TURNED POSITIVE (YoY)",
      "detail": "Op margin: -0.5% (year-ago) -> +1.3%",
      "severity": "HIGH"
    },
    {
      "quarter": "2024-11 (Q4)",
      "signal": "OP MARGIN TURNED POSITIVE (QoQ)",
      "detail": "Op margin: -1.8% -> +1.3%",
      "severity": "HIGH"
    },
    {
      "quarter": "2024-02 (Q1)",
      "signal": "GROSS MARGIN INFLECTION",
      "detail": "GM: +16.6% -> +11.4% -> +23.1% (reversal +11.7%)",
      "severity": "HIGH"
    },
    {
      "quarter": "2024-02 (Q1)",
      "signal": "YoY REVENUE GROWTH DECELERATION",
      "detail": "YoY growth: -71.3% vs prior quarter YoY: -7.5% (decel: -63.8%)",
      "severity": "WARNING"
    },
    {
      "quarter": "2024-02 (Q1)",
      "signal": "OP MARGIN TURNED POSITIVE (QoQ)",
      "detail": "Op margin: -0.5% -> +1.4%",
      "severity": "HIGH"
    },
    {
      "quarter": "2023-11 (Q4)",
      "signal": "FCF MARGIN EXPANSION",
      "detail": "FCF margin: +2.5% -> +9.4% (+6.8%)",
      "severity": "MEDIUM"
    },
    {
      "quarter": "2023-11 (Q4)",
      "signal": "YoY REVENUE GROWTH ACCELERATION",
      "detail": "YoY growth: -7.5% vs prior quarter YoY: -15.3% (accel: +7.8%)",
      "severity": "MEDIUM"
    },
    {
      "quarter": "2023-05 (Q2)",
      "signal": "OPERATING LEVERAGE",
      "detail": "Rev growth +11.4% vs OpEx growth +7.1% (leverage: 1.6x)",
      "severity": "MEDIUM"
    },
    {
      "quarter": "2023-02 (Q1)",
      "signal": "FCF MARGIN EXPANSION",
      "detail": "FCF margin: +9.2% -> +14.4% (+5.2%)",
      "severity": "MEDIUM"
    },
    {
      "quarter": "2023-02 (Q1)",
      "signal": "GROSS MARGIN INFLECTION",
      "detail": "GM: +12.0% -> +9.0% -> +13.0% (reversal +4.0%)",
      "severity": "MEDIUM"
    },
    {
      "quarter": "2023-02 (Q1)",
      "signal": "YoY REVENUE GROWTH DECELERATION",
      "detail": "YoY growth: -19.9% vs prior quarter YoY: -4.6% (decel: -15.3%)",
      "severity": "WARNING"
    },
    {
      "quarter": "2023-02 (Q1)",
      "signal": "OP MARGIN TURNED POSITIVE (QoQ)",
      "detail": "Op margin: -0.6% -> +2.7%",
      "severity": "HIGH"
    },
    {
      "quarter": "2022-11 (Q4)",
      "signal": "YoY REVENUE GROWTH DECELERATION",
      "detail": "YoY growth: -4.6% vs prior quarter YoY: +26.8% (decel: -31.5%)",
      "severity": "WARNING"
    },
    {
      "quarter": "2022-08 (Q3)",
      "signal": "YoY REVENUE GROWTH DECELERATION",
      "detail": "YoY growth: +26.8% vs prior quarter YoY: +55.4% (decel: -28.6%)",
      "severity": "WARNING"
    },
    {
      "quarter": "2022-05 (Q2)",
      "signal": "FCF MARGIN EXPANSION",
      "detail": "FCF margin: +3.7% -> +9.3% (+5.7%)",
      "severity": "MEDIUM"
    },
    {
      "quarter": "2022-05 (Q2)",
      "signal": "YoY REVENUE GROWTH DECELERATION",
      "detail": "YoY growth: +55.4% vs prior quarter YoY: +81.6% (decel: -26.2%)",
      "severity": "WARNING"
    },
    {
      "quarter": "2022-02 (Q1)",
      "signal": "FCF TURNED POSITIVE",
      "detail": "FCF margin: -11.6% -> +3.7%",
      "severity": "HIGH"
    },
    {
      "quarter": "2021-05 (Q2)",
      "signal": "FCF TURNED POSITIVE",
      "detail": "FCF margin: -0.9% -> +2.4%",
      "severity": "HIGH"
    },
    {
      "quarter": "2021-05 (Q2)",
      "signal": "OPERATING LEVERAGE",
      "detail": "Rev growth +28.9% vs OpEx growth +1.2% (leverage: 24.2x)",
      "severity": "MEDIUM"
    }
  ],
  "data_quality": {
    "n_quarters": 20,
    "coverage": {
      "revenue": [
        20,
        20
      ],
      "gross_profit": [
        20,
        20
      ],
      "op_income": [
        20,
        20
      ],
      "fcf": [
        20,
        20
      ]
    },
    "gaps": [],
    "warnings": []
  },
  "market_cap": null,
  "source": "SEC EDGAR",
  "last_updated": "2026-02-02T21:27:37.019076"
}