{
  "ticker": "WS",
  "name": "WORTHINGTON STEEL, INC.",
  "quarters": [
    {
      "date": "2022-11-30T00:00:00",
      "quarter_label": "2022-11 (Q4)",
      "revenue": 868400000,
      "gross_profit": 34500000,
      "operating_income": -19900000,
      "net_income": -15800000,
      "opex": 54400000,
      "cogs": 833900000,
      "rd": null,
      "sga": 50700000,
      "fcf": 88800000,
      "ocf": 103300000,
      "capex": -14500000,
      "gross_margin": 0.03972823583602027,
      "op_margin": -0.022915707047443574,
      "fcf_margin": 0.10225702441271303
    },
    {
      "date": "2023-02-28T00:00:00",
      "quarter_label": "2023-02 (Q1)",
      "revenue": 780700000,
      "gross_profit": 63200000,
      "operating_income": 9500000,
      "net_income": 5400000,
      "opex": 53700000,
      "cogs": 717500000,
      "rd": null,
      "sga": 49700000,
      "fcf": 107400000,
      "ocf": 118200000,
      "capex": -10800000,
      "gross_margin": 0.08095299090559754,
      "op_margin": 0.01216856667093634,
      "fcf_margin": 0.1375688484693224,
      "fcf_margin_change": 0.035311824056609376
    },
    {
      "date": "2023-05-31T00:00:00",
      "quarter_label": "2023-05 (Q2)",
      "revenue": 884000000,
      "gross_profit": 150200000,
      "operating_income": 89800000,
      "net_income": 67300000,
      "opex": 60400000,
      "cogs": 733800000,
      "rd": null,
      "sga": 53100000,
      "fcf": 70200000,
      "ocf": 79300000,
      "capex": -9100000,
      "gross_margin": 0.16990950226244345,
      "op_margin": 0.10158371040723982,
      "fcf_margin": 0.07941176470588235,
      "op_leverage_ratio": 1.0605120930508214,
      "fcf_margin_change": -0.05815708376344006
    },
    {
      "date": "2023-08-31T00:00:00",
      "quarter_label": "2023-08 (Q3)",
      "revenue": 905800000,
      "gross_profit": 128500000,
      "operating_income": 69700000,
      "net_income": 58500000,
      "opex": 58800000,
      "cogs": 777300000,
      "rd": null,
      "sga": 53800000,
      "fcf": -38000000,
      "ocf": -20700000,
      "capex": -17300000,
      "gross_margin": 0.1418635460366527,
      "op_margin": 0.07694855376462795,
      "fcf_margin": -0.04195186575402959,
      "op_leverage_ratio": Infinity,
      "fcf_margin_change": -0.12136363045991194
    },
    {
      "date": "2023-11-30T00:00:00",
      "quarter_label": "2023-11 (Q4)",
      "revenue": 808000000,
      "gross_profit": 60200000,
      "operating_income": -8800000,
      "net_income": -6000000,
      "opex": 69000000,
      "cogs": 747800000,
      "rd": null,
      "sga": 54100000,
      "fcf": 121000000,
      "ocf": 139900000,
      "capex": -18900000,
      "gross_margin": 0.0745049504950495,
      "op_margin": -0.01089108910891089,
      "fcf_margin": 0.14975247524752475,
      "incr_op_margin_yoy": -0.1837748344370861,
      "rev_growth_yoy": -0.06955320128972824,
      "fcf_margin_change": 0.19170434100155434
    },
    {
      "date": "2024-02-29T00:00:00",
      "quarter_label": "2024-02 (Q1)",
      "revenue": 805800000,
      "gross_profit": 120100000,
      "operating_income": 66300000,
      "net_income": 49000000,
      "opex": 53800000,
      "cogs": 685700000,
      "rd": null,
      "sga": 52800000,
      "fcf": 22300000,
      "ocf": 44700000,
      "capex": -22400000,
      "gross_margin": 0.1490444278977414,
      "op_margin": 0.08227848101265822,
      "fcf_margin": 0.027674360883593943,
      "incr_op_margin_yoy": 2.262948207171315,
      "rev_growth_yoy": 0.03215063404636864,
      "rev_growth_yoy_accel": 0.10170383533609688,
      "fcf_margin_change": -0.1220781143639308
    },
    {
      "date": "2024-05-31T00:00:00",
      "quarter_label": "2024-05 (Q2)",
      "revenue": 911000000,
      "gross_profit": 131000000,
      "operating_income": 67300000,
      "net_income": 53200000,
      "opex": 63700000,
      "cogs": 780000000,
      "rd": null,
      "sga": 63700000,
      "fcf": -9200000,
      "ocf": 35600000,
      "capex": -44800000,
      "gross_margin": 0.1437980241492865,
      "op_margin": 0.0738748627881449,
      "fcf_margin": -0.010098792535675083,
      "incr_op_margin_yoy": -0.8333333333333334,
      "rev_growth_yoy": 0.030542986425339366,
      "rev_growth_yoy_accel": -0.0016076476210292769,
      "op_leverage_ratio": 0.7094724860919946,
      "fcf_margin_change": -0.037773153419269026
    },
    {
      "date": "2024-08-31T00:00:00",
      "quarter_label": "2024-08 (Q3)",
      "revenue": 834000000,
      "gross_profit": 100400000,
      "operating_income": 43400000,
      "net_income": 28400000,
      "opex": 57000000,
      "cogs": 733600000,
      "rd": null,
      "sga": 57000000,
      "fcf": 33100000,
      "ocf": 54600000,
      "capex": -21500000,
      "gross_margin": 0.12038369304556355,
      "op_margin": 0.05203836930455635,
      "fcf_margin": 0.03968824940047962,
      "incr_op_margin_yoy": 0.36629526462395545,
      "rev_growth_yoy": -0.0792669463457717,
      "rev_growth_yoy_accel": -0.10980993277111106,
      "fcf_margin_change": 0.0497870419361547
    },
    {
      "date": "2024-11-30T00:00:00",
      "quarter_label": "2024-11 (Q4)",
      "revenue": 739000000,
      "gross_profit": 80000000,
      "operating_income": 18900000,
      "net_income": 12800000,
      "opex": 61100000,
      "cogs": 659000000,
      "rd": null,
      "sga": 61100000,
      "fcf": 33200000,
      "ocf": 68000000,
      "capex": -34800000,
      "gross_margin": 0.10825439783491204,
      "op_margin": 0.02557510148849797,
      "fcf_margin": 0.0449255751014885,
      "incr_op_margin_yoy": -0.40144927536231884,
      "rev_growth_yoy": -0.0853960396039604,
      "rev_growth_yoy_accel": -0.006129093258188709,
      "fcf_margin_change": 0.005237325701008884
    },
    {
      "date": "2025-02-28T00:00:00",
      "quarter_label": "2025-02 (Q1)",
      "revenue": 687400000,
      "gross_profit": 81200000,
      "operating_income": 18300000,
      "net_income": 13800000,
      "opex": 62900000,
      "cogs": 606200000,
      "rd": null,
      "sga": 54600000,
      "fcf": 25200000,
      "ocf": 53800000,
      "capex": -28600000,
      "gross_margin": 0.11812627291242363,
      "op_margin": 0.026622054116962467,
      "fcf_margin": 0.03665987780040733,
      "incr_op_margin_yoy": 0.40540540540540543,
      "rev_growth_yoy": -0.14693472325639118,
      "rev_growth_yoy_accel": -0.06153868365243077,
      "fcf_margin_change": -0.00826569730108117
    },
    {
      "date": "2025-05-31T00:00:00",
      "quarter_label": "2025-05 (Q2)",
      "revenue": 832900000,
      "gross_profit": 127000000,
      "operating_income": 66400000,
      "net_income": 55700000,
      "opex": 60600000,
      "cogs": 705900000,
      "rd": null,
      "sga": 58900000,
      "fcf": 8400000,
      "ocf": 53900000,
      "capex": -45500000,
      "gross_margin": 0.1524792892303998,
      "op_margin": 0.07972145515668147,
      "fcf_margin": 0.010085244327050066,
      "incr_op_margin_yoy": 0.011523687580025609,
      "rev_growth_yoy": -0.08572996706915477,
      "rev_growth_yoy_accel": 0.061204756187236406,
      "op_leverage_ratio": Infinity,
      "fcf_margin_change": -0.026574633473357263
    },
    {
      "date": "2025-08-31T00:00:00",
      "quarter_label": "2025-08 (Q3)",
      "revenue": 872900000,
      "gross_profit": 115200000,
      "operating_income": 48300000,
      "net_income": 36800000,
      "opex": 66900000,
      "cogs": 757700000,
      "rd": null,
      "sga": 67900000,
      "fcf": -35700000,
      "ocf": -6300000,
      "capex": -29400000,
      "gross_margin": 0.13197388016954978,
      "op_margin": 0.05533279871692061,
      "fcf_margin": -0.0408981555733761,
      "incr_op_margin_yoy": 0.12596401028277635,
      "rev_growth_yoy": 0.04664268585131894,
      "rev_growth_yoy_accel": 0.1323726529204737,
      "op_leverage_ratio": 0.4619545020553545,
      "fcf_margin_change": -0.05098339990042617
    },
    {
      "date": "2025-11-30T00:00:00",
      "quarter_label": "2025-11 (Q4)",
      "revenue": 871900000,
      "gross_profit": 93200000,
      "operating_income": 21700000,
      "net_income": 18800000,
      "opex": 71500000,
      "cogs": 778700000,
      "rd": null,
      "sga": 70900000,
      "fcf": 74600000,
      "ocf": 99300000,
      "capex": -24700000,
      "gross_margin": 0.10689299231563253,
      "op_margin": 0.024888175249455212,
      "fcf_margin": 0.08556027067324234,
      "incr_op_margin_yoy": 0.021068472535741158,
      "rev_growth_yoy": 0.17983761840324763,
      "rev_growth_yoy_accel": 0.13319493255192869,
      "fcf_margin_change": 0.12645842624661846
    }
  ],
  "signals": [
    {
      "quarter": "2025-11 (Q4)",
      "signal": "FCF TURNED POSITIVE",
      "detail": "FCF margin: -4.1% -> +8.6%",
      "severity": "HIGH"
    },
    {
      "quarter": "2025-11 (Q4)",
      "signal": "YoY REVENUE GROWTH ACCELERATION",
      "detail": "YoY growth: +18.0% vs prior quarter YoY: +4.7% (accel: +13.3%)",
      "severity": "MEDIUM"
    },
    {
      "quarter": "2025-08 (Q3)",
      "signal": "YoY REVENUE GROWTH ACCELERATION",
      "detail": "YoY growth: +4.7% vs prior quarter YoY: -8.6% (accel: +13.2%)",
      "severity": "MEDIUM"
    },
    {
      "quarter": "2025-05 (Q2)",
      "signal": "YoY REVENUE GROWTH ACCELERATION",
      "detail": "YoY growth: -8.6% vs prior quarter YoY: -14.7% (accel: +6.1%)",
      "severity": "MEDIUM"
    },
    {
      "quarter": "2025-02 (Q1)",
      "signal": "YoY REVENUE GROWTH DECELERATION",
      "detail": "YoY growth: -14.7% vs prior quarter YoY: -8.5% (decel: -6.2%)",
      "severity": "WARNING"
    },
    {
      "quarter": "2025-02 (Q1)",
      "signal": "INCREMENTAL MARGIN (YoY)",
      "detail": "YoY Incr OPM: +40.5% vs year-ago OPM: +8.2%",
      "severity": "HIGH"
    },
    {
      "quarter": "2024-11 (Q4)",
      "signal": "OP MARGIN TURNED POSITIVE (YoY)",
      "detail": "Op margin: -1.1% (year-ago) -> +2.6%",
      "severity": "HIGH"
    },
    {
      "quarter": "2024-08 (Q3)",
      "signal": "FCF TURNED POSITIVE",
      "detail": "FCF margin: -1.0% -> +4.0%",
      "severity": "HIGH"
    },
    {
      "quarter": "2024-08 (Q3)",
      "signal": "YoY REVENUE GROWTH DECELERATION",
      "detail": "YoY growth: -7.9% vs prior quarter YoY: +3.1% (decel: -11.0%)",
      "severity": "WARNING"
    },
    {
      "quarter": "2024-08 (Q3)",
      "signal": "INCREMENTAL MARGIN (YoY)",
      "detail": "YoY Incr OPM: +36.6% vs year-ago OPM: +7.7%",
      "severity": "HIGH"
    },
    {
      "quarter": "2024-02 (Q1)",
      "signal": "GROSS MARGIN INFLECTION",
      "detail": "GM: +14.2% -> +7.5% -> +14.9% (reversal +7.5%)",
      "severity": "HIGH"
    },
    {
      "quarter": "2024-02 (Q1)",
      "signal": "YoY REVENUE GROWTH ACCELERATION",
      "detail": "YoY growth: +3.2% vs prior quarter YoY: -7.0% (accel: +10.2%)",
      "severity": "MEDIUM"
    },
    {
      "quarter": "2024-02 (Q1)",
      "signal": "INCREMENTAL MARGIN (YoY)",
      "detail": "YoY Incr OPM: +226.3% vs year-ago OPM: +1.2%",
      "severity": "HIGH"
    },
    {
      "quarter": "2024-02 (Q1)",
      "signal": "OP MARGIN TURNED POSITIVE (QoQ)",
      "detail": "Op margin: -1.1% -> +8.2%",
      "severity": "HIGH"
    },
    {
      "quarter": "2023-11 (Q4)",
      "signal": "FCF TURNED POSITIVE",
      "detail": "FCF margin: -4.2% -> +15.0%",
      "severity": "HIGH"
    },
    {
      "quarter": "2023-02 (Q1)",
      "signal": "OP MARGIN TURNED POSITIVE (QoQ)",
      "detail": "Op margin: -2.3% -> +1.2%",
      "severity": "HIGH"
    }
  ],
  "data_quality": {
    "n_quarters": 13,
    "coverage": {
      "revenue": [
        13,
        13
      ],
      "gross_profit": [
        13,
        13
      ],
      "op_income": [
        13,
        13
      ],
      "fcf": [
        13,
        13
      ]
    },
    "gaps": [],
    "warnings": []
  },
  "market_cap": null,
  "source": "SEC EDGAR",
  "last_updated": "2026-02-02T21:37:18.026844"
}