{
  "ticker": "WSM",
  "name": "WILLIAMS-SONOMA, INC.",
  "quarters": [
    {
      "date": "2021-01-31T00:00:00",
      "quarter_label": "2021-01 (Q1)",
      "revenue": 2292673000,
      "gross_profit": 965224000,
      "operating_income": 402087000,
      "net_income": 308955000,
      "opex": 563137000,
      "cogs": null,
      "rd": null,
      "sga": 563137000,
      "fcf": 503592000,
      "ocf": 548220000,
      "capex": -44628000,
      "gross_margin": 0.42100378030360197,
      "op_margin": 0.17537913169475106,
      "fcf_margin": 0.21965278083704043
    },
    {
      "date": "2021-05-02T00:00:00",
      "quarter_label": "2021-05 (Q2)",
      "revenue": 1749029000,
      "gross_profit": 752853000,
      "operating_income": 275177000,
      "net_income": 227802000,
      "opex": 477676000,
      "cogs": null,
      "rd": null,
      "sga": 477676000,
      "fcf": 196521000,
      "ocf": 238881000,
      "capex": -42360000,
      "gross_margin": 0.4304405472979579,
      "op_margin": 0.15733129639359897,
      "fcf_margin": 0.11236005806650433,
      "fcf_margin_change": -0.1072927227705361
    },
    {
      "date": "2021-08-01T00:00:00",
      "quarter_label": "2021-08 (Q3)",
      "revenue": 1948339000,
      "gross_profit": 858388000,
      "operating_income": 323100000,
      "net_income": 246070000,
      "opex": 535288000,
      "cogs": null,
      "rd": null,
      "sga": 535288000,
      "fcf": 200866000,
      "ocf": 236787000,
      "capex": -35921000,
      "gross_margin": 0.44057425324853633,
      "op_margin": 0.165833563871585,
      "fcf_margin": 0.10309602179086905,
      "op_leverage_ratio": 0.9448275497769176,
      "fcf_margin_change": -0.009264036275635282
    },
    {
      "date": "2021-10-31T00:00:00",
      "quarter_label": "2021-10 (Q4)",
      "revenue": 2047539000,
      "gross_profit": 895485000,
      "operating_income": 330267000,
      "net_income": 249524000,
      "opex": 565218000,
      "cogs": null,
      "rd": null,
      "sga": 565218000,
      "fcf": 249942000,
      "ocf": 312671000,
      "capex": -62729000,
      "gross_margin": 0.43734698093662683,
      "op_margin": 0.16129949173129304,
      "fcf_margin": 0.12206946973903794,
      "op_leverage_ratio": 0.910600614306501,
      "fcf_margin_change": 0.018973447948168895
    },
    {
      "date": "2022-01-30T00:00:00",
      "quarter_label": "2022-01 (Q1)",
      "revenue": 2501029000,
      "gross_profit": 1125237000,
      "operating_income": 524572000,
      "net_income": 402941000,
      "opex": 600665000,
      "cogs": null,
      "rd": null,
      "sga": 600665000,
      "fcf": 497301000,
      "ocf": 582808000,
      "capex": -85507000,
      "gross_margin": 0.44990961720155986,
      "op_margin": 0.20974246999934826,
      "fcf_margin": 0.19883855804950681,
      "incr_op_margin_yoy": 0.5878640403924053,
      "rev_growth_yoy": 0.09087907433811974,
      "op_leverage_ratio": 3.5316042508456804,
      "fcf_margin_change": 0.07676908831046887
    },
    {
      "date": "2022-05-01T00:00:00",
      "quarter_label": "2022-05 (Q2)",
      "revenue": 1891227000,
      "gross_profit": 828548000,
      "operating_income": 323481000,
      "net_income": 254113000,
      "opex": 505067000,
      "cogs": null,
      "rd": null,
      "sga": 505067000,
      "fcf": 113333000,
      "ocf": 184519000,
      "capex": -71186000,
      "gross_margin": 0.43810076738540643,
      "op_margin": 0.17104292610035707,
      "fcf_margin": 0.05992564615458641,
      "incr_op_margin_yoy": 0.3396953543650403,
      "rev_growth_yoy": 0.08130111050188418,
      "rev_growth_yoy_accel": -0.009577963836235562,
      "fcf_margin_change": -0.1389129118949204
    },
    {
      "date": "2022-07-31T00:00:00",
      "quarter_label": "2022-07 (Q3)",
      "revenue": 2137537000,
      "gross_profit": 928809000,
      "operating_income": 365521000,
      "net_income": 267075000,
      "opex": 563288000,
      "cogs": null,
      "rd": null,
      "sga": 563288000,
      "fcf": 121711000,
      "ocf": 199073000,
      "capex": -77362000,
      "gross_margin": 0.434523004747988,
      "op_margin": 0.17100101659059,
      "fcf_margin": 0.05693983308826935,
      "incr_op_margin_yoy": 0.22421484370870728,
      "rev_growth_yoy": 0.09710733091109915,
      "rev_growth_yoy_accel": 0.015806220409214963,
      "op_leverage_ratio": 1.1298159922866406,
      "fcf_margin_change": -0.00298581306631706
    },
    {
      "date": "2022-10-30T00:00:00",
      "quarter_label": "2022-10 (Q4)",
      "revenue": 2192574000,
      "gross_profit": 910526000,
      "operating_income": 339633000,
      "net_income": 251723000,
      "opex": 570893000,
      "cogs": null,
      "rd": null,
      "sga": 570893000,
      "fcf": 119103000,
      "ocf": 204933000,
      "capex": -85830000,
      "gross_margin": 0.4152772038708842,
      "op_margin": 0.1549014993336599,
      "fcf_margin": 0.05432108562812475,
      "incr_op_margin_yoy": 0.06457751577205502,
      "rev_growth_yoy": 0.07083381561962922,
      "rev_growth_yoy_accel": -0.02627351529146993,
      "op_leverage_ratio": 1.9070952876027236,
      "fcf_margin_change": -0.0026187474601446006
    },
    {
      "date": "2023-01-29T00:00:00",
      "quarter_label": "2023-01 (Q1)",
      "revenue": 2453079000,
      "gross_profit": 1009850000,
      "operating_income": 469787000,
      "net_income": 354993000,
      "opex": 540063000,
      "cogs": null,
      "rd": null,
      "sga": 540063000,
      "fcf": 344558000,
      "ocf": 464297000,
      "capex": -119739000,
      "gross_margin": 0.41166631812509913,
      "op_margin": 0.19150911976336676,
      "fcf_margin": 0.14045939816858732,
      "incr_op_margin_yoy": 1.1425443169968716,
      "rev_growth_yoy": -0.01917210876003437,
      "rev_growth_yoy_accel": -0.0900059243796636,
      "op_leverage_ratio": Infinity,
      "fcf_margin_change": 0.08613831254046257
    },
    {
      "date": "2023-04-30T00:00:00",
      "quarter_label": "2023-04 (Q2)",
      "revenue": 1755451000,
      "gross_profit": 675059000,
      "operating_income": 199477000,
      "net_income": 156531000,
      "opex": 475582000,
      "cogs": null,
      "rd": null,
      "sga": 475582000,
      "fcf": 292497000,
      "ocf": 342526000,
      "capex": -50029000,
      "gross_margin": 0.38455018112154654,
      "op_margin": 0.11363290687122568,
      "fcf_margin": 0.16662213869826045,
      "incr_op_margin_yoy": 0.9132983737921282,
      "rev_growth_yoy": -0.07179254526294306,
      "rev_growth_yoy_accel": -0.052620436502908687,
      "fcf_margin_change": 0.02616274052967313
    },
    {
      "date": "2023-07-30T00:00:00",
      "quarter_label": "2023-07 (Q3)",
      "revenue": 1862614000,
      "gross_profit": 757567000,
      "operating_income": 271548000,
      "net_income": 201507000,
      "opex": 486019000,
      "cogs": null,
      "rd": null,
      "sga": 486019000,
      "fcf": 329608000,
      "ocf": 372459000,
      "capex": -42851000,
      "gross_margin": 0.40672248785846127,
      "op_margin": 0.1457886604524609,
      "fcf_margin": 0.17695990688355182,
      "incr_op_margin_yoy": 0.3418157083983515,
      "rev_growth_yoy": -0.12861672102050165,
      "rev_growth_yoy_accel": -0.05682417575755859,
      "op_leverage_ratio": 2.7816717313870973,
      "fcf_margin_change": 0.010337768185291363
    },
    {
      "date": "2023-10-29T00:00:00",
      "quarter_label": "2023-10 (Q4)",
      "revenue": 1853650000,
      "gross_profit": 822360000,
      "operating_income": 315077000,
      "net_income": 237285000,
      "opex": 507283000,
      "cogs": null,
      "rd": null,
      "sga": 507283000,
      "fcf": 248478000,
      "ocf": 290428000,
      "capex": -41950000,
      "gross_margin": 0.44364362204299623,
      "op_margin": 0.16997653278666414,
      "fcf_margin": 0.1340479594313921,
      "incr_op_margin_yoy": 0.07245282128146723,
      "rev_growth_yoy": -0.15457813510513213,
      "rev_growth_yoy_accel": -0.025961414084630485,
      "fcf_margin_change": -0.042911947452159704
    },
    {
      "date": "2024-01-28T00:00:00",
      "quarter_label": "2024-01 (Q1)",
      "revenue": 2278937000,
      "gross_profit": 1048615000,
      "operating_income": 458091000,
      "net_income": 354439000,
      "opex": 590524000,
      "cogs": null,
      "rd": null,
      "sga": 590524000,
      "fcf": 621232000,
      "ocf": 674860000,
      "capex": -53628000,
      "gross_margin": 0.46013338675005055,
      "op_margin": 0.20101082215085367,
      "fcf_margin": 0.27259726793676176,
      "incr_op_margin_yoy": 0.06716357914805159,
      "rev_growth_yoy": -0.07098915281570631,
      "rev_growth_yoy_accel": 0.08358898228942582,
      "op_leverage_ratio": 1.3981938634634101,
      "fcf_margin_change": 0.13854930850536964
    },
    {
      "date": "2024-04-28T00:00:00",
      "quarter_label": "2024-04 (Q2)",
      "revenue": 1660348000,
      "gross_profit": 802515000,
      "operating_income": 323828000,
      "net_income": 265666000,
      "opex": 478687000,
      "cogs": null,
      "rd": null,
      "sga": 478687000,
      "fcf": 187275000,
      "ocf": 226788000,
      "capex": -39513000,
      "gross_margin": 0.4833414440828067,
      "op_margin": 0.19503622132227702,
      "fcf_margin": 0.1127926193785881,
      "incr_op_margin_yoy": -1.3075402458387222,
      "rev_growth_yoy": -0.05417582148405168,
      "rev_growth_yoy_accel": 0.016813331331654628,
      "fcf_margin_change": -0.15980464855817367
    },
    {
      "date": "2024-07-28T00:00:00",
      "quarter_label": "2024-07 (Q3)",
      "revenue": 1788307000,
      "gross_profit": 826326000,
      "operating_income": 289916000,
      "net_income": 225745000,
      "opex": 536410000,
      "cogs": 984367000,
      "rd": null,
      "sga": 536410000,
      "fcf": 215062000,
      "ocf": 246495000,
      "capex": -31433000,
      "gross_margin": 0.4620716689024871,
      "op_margin": 0.16211757824579337,
      "fcf_margin": 0.12026011193827459,
      "incr_op_margin_yoy": -0.24719070881612767,
      "rev_growth_yoy": -0.0398939340088714,
      "rev_growth_yoy_accel": 0.014281887475180277,
      "op_leverage_ratio": 0.6391082930411556,
      "fcf_margin_change": 0.007467492559686484
    },
    {
      "date": "2024-10-27T00:00:00",
      "quarter_label": "2024-10 (Q4)",
      "revenue": 1800668000,
      "gross_profit": 841715000,
      "operating_income": 320643000,
      "net_income": 248953000,
      "opex": 521072000,
      "cogs": 983102000,
      "rd": null,
      "sga": 521072000,
      "fcf": 170052000,
      "ocf": 253460000,
      "capex": -83408000,
      "gross_margin": 0.4674459700511144,
      "op_margin": 0.17806891664648897,
      "fcf_margin": 0.09443828623599686,
      "incr_op_margin_yoy": -0.10505454682722434,
      "rev_growth_yoy": -0.028582526366897742,
      "rev_growth_yoy_accel": 0.01131140764197366,
      "fcf_margin_change": -0.02582182570227773
    },
    {
      "date": "2025-02-02T00:00:00",
      "quarter_label": "2025-02 (Q1)",
      "revenue": 2462218000,
      "gross_profit": 1111743000,
      "operating_income": 495797000,
      "net_income": 384887000,
      "opex": 615946000,
      "cogs": null,
      "rd": null,
      "sga": 615946000,
      "fcf": 566266000,
      "ocf": 633479000,
      "capex": -67213000,
      "gross_margin": 0.4515209457489142,
      "op_margin": 0.20136194276867442,
      "fcf_margin": 0.22998207307395202,
      "incr_op_margin_yoy": 0.20572781684953706,
      "rev_growth_yoy": 0.08042389938817966,
      "rev_growth_yoy_accel": 0.10900642575507741,
      "op_leverage_ratio": 2.017806666524337,
      "fcf_margin_change": 0.13554378683795515
    },
    {
      "date": "2025-05-04T00:00:00",
      "quarter_label": "2025-05 (Q2)",
      "revenue": 1730113000,
      "gross_profit": 765809000,
      "operating_income": 290713000,
      "net_income": 231263000,
      "opex": 475096000,
      "cogs": null,
      "rd": null,
      "sga": 475096000,
      "fcf": 60699000,
      "ocf": 118949000,
      "capex": -58250000,
      "gross_margin": 0.4426352498362824,
      "op_margin": 0.16803122108209118,
      "fcf_margin": 0.03508383556449781,
      "incr_op_margin_yoy": -0.4746649466064646,
      "rev_growth_yoy": 0.0420182997781188,
      "rev_growth_yoy_accel": -0.03840559961006086,
      "fcf_margin_change": -0.1948982375094542
    },
    {
      "date": "2025-08-03T00:00:00",
      "quarter_label": "2025-08 (Q3)",
      "revenue": 1836760000,
      "gross_profit": 864623000,
      "operating_income": 328059000,
      "net_income": 247562000,
      "opex": 536564000,
      "cogs": 972137000,
      "rd": null,
      "sga": 536564000,
      "fcf": 230686000,
      "ocf": 282729000,
      "capex": -52043000,
      "gross_margin": 0.47073270323831096,
      "op_margin": 0.17860743918639344,
      "fcf_margin": 0.12559398070515473,
      "incr_op_margin_yoy": 0.7872164778238706,
      "rev_growth_yoy": 0.027094341184147913,
      "rev_growth_yoy_accel": -0.014923958593970887,
      "op_leverage_ratio": 0.4764380792371352,
      "fcf_margin_change": 0.09051014514065692
    },
    {
      "date": "2025-11-02T00:00:00",
      "quarter_label": "2025-11 (Q4)",
      "revenue": 1882814000,
      "gross_profit": 867733000,
      "operating_income": 319143000,
      "net_income": 241592000,
      "opex": 548590000,
      "cogs": 1015081000,
      "rd": null,
      "sga": 548590000,
      "fcf": 248075000,
      "ocf": 316287000,
      "capex": -68212000,
      "gross_margin": 0.4608702718377917,
      "op_margin": 0.16950320105969044,
      "fcf_margin": 0.13175757137986013,
      "incr_op_margin_yoy": -0.018260170915199766,
      "rev_growth_yoy": 0.04561973667550043,
      "rev_growth_yoy_accel": 0.018525395491352514,
      "op_leverage_ratio": 1.118704216750957,
      "fcf_margin_change": 0.006163590674705399
    }
  ],
  "signals": [
    {
      "quarter": "2025-08 (Q3)",
      "signal": "FCF MARGIN EXPANSION",
      "detail": "FCF margin: +3.5% -> +12.6% (+9.1%)",
      "severity": "MEDIUM"
    },
    {
      "quarter": "2025-08 (Q3)",
      "signal": "GROSS MARGIN INFLECTION",
      "detail": "GM: +45.2% -> +44.3% -> +47.1% (reversal +2.8%)",
      "severity": "MEDIUM"
    },
    {
      "quarter": "2025-08 (Q3)",
      "signal": "INCREMENTAL MARGIN (YoY)",
      "detail": "YoY Incr OPM: +78.7% vs year-ago OPM: +16.2%",
      "severity": "HIGH"
    },
    {
      "quarter": "2025-02 (Q1)",
      "signal": "FCF MARGIN EXPANSION",
      "detail": "FCF margin: +9.4% -> +23.0% (+13.6%)",
      "severity": "MEDIUM"
    },
    {
      "quarter": "2025-02 (Q1)",
      "signal": "OPERATING LEVERAGE",
      "detail": "Rev growth +36.7% vs OpEx growth +18.2% (leverage: 2.0x)",
      "severity": "MEDIUM"
    },
    {
      "quarter": "2025-02 (Q1)",
      "signal": "YoY REVENUE GROWTH ACCELERATION",
      "detail": "YoY growth: +8.0% vs prior quarter YoY: -2.9% (accel: +10.9%)",
      "severity": "MEDIUM"
    },
    {
      "quarter": "2024-01 (Q1)",
      "signal": "FCF MARGIN EXPANSION",
      "detail": "FCF margin: +13.4% -> +27.3% (+13.9%)",
      "severity": "MEDIUM"
    },
    {
      "quarter": "2024-01 (Q1)",
      "signal": "YoY REVENUE GROWTH ACCELERATION",
      "detail": "YoY growth: -7.1% vs prior quarter YoY: -15.5% (accel: +8.4%)",
      "severity": "MEDIUM"
    },
    {
      "quarter": "2023-07 (Q3)",
      "signal": "OPERATING LEVERAGE",
      "detail": "Rev growth +6.1% vs OpEx growth +2.2% (leverage: 2.8x)",
      "severity": "MEDIUM"
    },
    {
      "quarter": "2023-07 (Q3)",
      "signal": "GROSS MARGIN INFLECTION",
      "detail": "GM: +41.2% -> +38.5% -> +40.7% (reversal +2.2%)",
      "severity": "MEDIUM"
    },
    {
      "quarter": "2023-07 (Q3)",
      "signal": "YoY REVENUE GROWTH DECELERATION",
      "detail": "YoY growth: -12.9% vs prior quarter YoY: -7.2% (decel: -5.7%)",
      "severity": "WARNING"
    },
    {
      "quarter": "2023-07 (Q3)",
      "signal": "INCREMENTAL MARGIN (YoY)",
      "detail": "YoY Incr OPM: +34.2% vs year-ago OPM: +17.1%",
      "severity": "MEDIUM"
    },
    {
      "quarter": "2023-04 (Q2)",
      "signal": "YoY REVENUE GROWTH DECELERATION",
      "detail": "YoY growth: -7.2% vs prior quarter YoY: -1.9% (decel: -5.3%)",
      "severity": "WARNING"
    },
    {
      "quarter": "2023-04 (Q2)",
      "signal": "INCREMENTAL MARGIN (YoY)",
      "detail": "YoY Incr OPM: +91.3% vs year-ago OPM: +17.1%",
      "severity": "HIGH"
    },
    {
      "quarter": "2023-01 (Q1)",
      "signal": "FCF MARGIN EXPANSION",
      "detail": "FCF margin: +5.4% -> +14.0% (+8.6%)",
      "severity": "MEDIUM"
    },
    {
      "quarter": "2023-01 (Q1)",
      "signal": "YoY REVENUE GROWTH DECELERATION",
      "detail": "YoY growth: -1.9% vs prior quarter YoY: +7.1% (decel: -9.0%)",
      "severity": "WARNING"
    },
    {
      "quarter": "2023-01 (Q1)",
      "signal": "INCREMENTAL MARGIN (YoY)",
      "detail": "YoY Incr OPM: +114.3% vs year-ago OPM: +21.0%",
      "severity": "HIGH"
    },
    {
      "quarter": "2022-10 (Q4)",
      "signal": "OPERATING LEVERAGE",
      "detail": "Rev growth +2.6% vs OpEx growth +1.4% (leverage: 1.9x)",
      "severity": "MEDIUM"
    },
    {
      "quarter": "2022-05 (Q2)",
      "signal": "INCREMENTAL MARGIN (YoY)",
      "detail": "YoY Incr OPM: +34.0% vs year-ago OPM: +15.7%",
      "severity": "MEDIUM"
    },
    {
      "quarter": "2022-01 (Q1)",
      "signal": "FCF MARGIN EXPANSION",
      "detail": "FCF margin: +12.2% -> +19.9% (+7.7%)",
      "severity": "MEDIUM"
    },
    {
      "quarter": "2022-01 (Q1)",
      "signal": "OPERATING LEVERAGE",
      "detail": "Rev growth +22.1% vs OpEx growth +6.3% (leverage: 3.5x)",
      "severity": "MEDIUM"
    },
    {
      "quarter": "2022-01 (Q1)",
      "signal": "INCREMENTAL MARGIN (YoY)",
      "detail": "YoY Incr OPM: +58.8% vs year-ago OPM: +17.5%",
      "severity": "HIGH"
    }
  ],
  "data_quality": {
    "n_quarters": 20,
    "coverage": {
      "revenue": [
        20,
        20
      ],
      "gross_profit": [
        20,
        20
      ],
      "op_income": [
        20,
        20
      ],
      "fcf": [
        20,
        20
      ]
    },
    "gaps": [],
    "warnings": []
  },
  "market_cap": null,
  "source": "SEC EDGAR",
  "last_updated": "2026-02-02T20:13:28.015526"
}