{
  "ticker": "WSO",
  "name": "WATSCO, INC.",
  "quarters": [
    {
      "date": "2020-12-31T00:00:00",
      "quarter_label": "2020-12 (Q4)",
      "revenue": 1154716000,
      "gross_profit": 282244000,
      "operating_income": 69761000,
      "net_income": 46010000,
      "opex": 212483000,
      "cogs": 872472000,
      "rd": null,
      "sga": 214575000,
      "fcf": 156773000,
      "ocf": 161601000,
      "capex": -4828000,
      "gross_margin": 0.2444272011472951,
      "op_margin": 0.06041398924064445,
      "fcf_margin": 0.13576758267833822
    },
    {
      "date": "2021-03-31T00:00:00",
      "quarter_label": "2021-03 (Q1)",
      "revenue": 1136118000,
      "gross_profit": 294821000,
      "operating_income": 81880000,
      "net_income": 55092000,
      "opex": 212941000,
      "cogs": 841297000,
      "rd": null,
      "sga": 217612000,
      "fcf": -42567000,
      "ocf": -37745000,
      "capex": -4822000,
      "gross_margin": 0.2594985732115854,
      "op_margin": 0.07206997864658425,
      "fcf_margin": -0.03746705887944738,
      "fcf_margin_change": -0.1732346415577856
    },
    {
      "date": "2021-06-30T00:00:00",
      "quarter_label": "2021-06 (Q2)",
      "revenue": 1849640000,
      "gross_profit": 477941000,
      "operating_income": 216783000,
      "net_income": 144102000,
      "opex": 261158000,
      "cogs": 1371699000,
      "rd": null,
      "sga": 266697000,
      "fcf": 113441000,
      "ocf": 119627000,
      "capex": -6186000,
      "gross_margin": 0.2583967691010143,
      "op_margin": 0.11720280703271987,
      "fcf_margin": 0.06133139421725309,
      "op_leverage_ratio": 2.7735949074228747,
      "fcf_margin_change": 0.09879845309670046
    },
    {
      "date": "2021-09-30T00:00:00",
      "quarter_label": "2021-09 (Q3)",
      "revenue": 1782569000,
      "gross_profit": 482664000,
      "operating_income": 206799000,
      "net_income": 140865000,
      "opex": 275865000,
      "cogs": 1299905000,
      "rd": null,
      "sga": 281922000,
      "fcf": 232028000,
      "ocf": 237790000,
      "capex": -5762000,
      "gross_margin": 0.27076876126534233,
      "op_margin": 0.11601177850618966,
      "fcf_margin": 0.13016494733163203,
      "fcf_margin_change": 0.06883355311437894
    },
    {
      "date": "2021-12-31T00:00:00",
      "quarter_label": "2021-12 (Q4)",
      "revenue": 1511865000,
      "gross_profit": 412119000,
      "operating_income": 123066000,
      "net_income": 78886000,
      "opex": 289053000,
      "cogs": 1099746000,
      "rd": null,
      "sga": 292085000,
      "fcf": 21200000,
      "ocf": 29894000,
      "capex": -8694000,
      "gross_margin": 0.2725898145667768,
      "op_margin": 0.08140012501116171,
      "fcf_margin": 0.01402241602259461,
      "incr_op_margin_yoy": 0.14925143287535456,
      "rev_growth_yoy": 0.3092959654148726,
      "fcf_margin_change": -0.11614253130903743
    },
    {
      "date": "2022-03-31T00:00:00",
      "quarter_label": "2022-03 (Q1)",
      "revenue": 1523570000,
      "gross_profit": 450358000,
      "operating_income": 171049000,
      "net_income": 113298000,
      "opex": 279309000,
      "cogs": 1073212000,
      "rd": null,
      "sga": 283354000,
      "fcf": -109946000,
      "ocf": -101622000,
      "capex": -8324000,
      "gross_margin": 0.2955939011663396,
      "op_margin": 0.1122685534632475,
      "fcf_margin": -0.07216340568533117,
      "incr_op_margin_yoy": 0.23014205630632956,
      "rev_growth_yoy": 0.341031477364147,
      "rev_growth_yoy_accel": 0.03173551194927443,
      "fcf_margin_change": -0.08618582170792577
    },
    {
      "date": "2022-06-30T00:00:00",
      "quarter_label": "2022-06 (Q2)",
      "revenue": 2133755000,
      "gross_profit": 595533000,
      "operating_income": 287097000,
      "net_income": 192557000,
      "opex": 308436000,
      "cogs": 1538222000,
      "rd": null,
      "sga": 314753000,
      "fcf": 164066000,
      "ocf": 174694000,
      "capex": -10628000,
      "gross_margin": 0.27910092770725786,
      "op_margin": 0.1345501240770379,
      "fcf_margin": 0.0768907395647579,
      "incr_op_margin_yoy": 0.24748429333192545,
      "rev_growth_yoy": 0.153605566488614,
      "rev_growth_yoy_accel": -0.187425910875533,
      "op_leverage_ratio": 3.8405045932712345,
      "fcf_margin_change": 0.1490541452500891
    },
    {
      "date": "2022-09-30T00:00:00",
      "quarter_label": "2022-09 (Q3)",
      "revenue": 2035796000,
      "gross_profit": 550848000,
      "operating_income": 236253000,
      "net_income": 157641000,
      "opex": 314595000,
      "cogs": 1484948000,
      "rd": null,
      "sga": 321522000,
      "fcf": 278234000,
      "ocf": 285808000,
      "capex": -7574000,
      "gross_margin": 0.2705811387781487,
      "op_margin": 0.11604944699763631,
      "fcf_margin": 0.13667086486072277,
      "incr_op_margin_yoy": 0.11631461100119656,
      "rev_growth_yoy": 0.14205733410600094,
      "rev_growth_yoy_accel": -0.011548232382613072,
      "fcf_margin_change": 0.05978012529596487
    },
    {
      "date": "2022-12-31T00:00:00",
      "quarter_label": "2022-12 (Q4)",
      "revenue": 1581223000,
      "gross_profit": 433550000,
      "operating_income": 137179000,
      "net_income": 137671000,
      "opex": 296371000,
      "cogs": 1147673000,
      "rd": null,
      "sga": 301753000,
      "fcf": 203958000,
      "ocf": 213084000,
      "capex": -9126000,
      "gross_margin": 0.2741864999433982,
      "op_margin": 0.08675499913674416,
      "fcf_margin": 0.12898749891697756,
      "incr_op_margin_yoy": 0.20348049251708528,
      "rev_growth_yoy": 0.04587578917429797,
      "rev_growth_yoy_accel": -0.09618154493170297,
      "fcf_margin_change": -0.007683365943745218
    },
    {
      "date": "2023-03-31T00:00:00",
      "quarter_label": "2023-03 (Q1)",
      "revenue": 1550641000,
      "gross_profit": 448157000,
      "operating_income": 164740000,
      "net_income": 110073000,
      "opex": 283417000,
      "cogs": 1102484000,
      "rd": null,
      "sga": 287057000,
      "fcf": -54926000,
      "ocf": -47421000,
      "capex": -7505000,
      "gross_margin": 0.28901402710234025,
      "op_margin": 0.10623993561372362,
      "fcf_margin": -0.03542148053611378,
      "incr_op_margin_yoy": -0.23305382143252928,
      "rev_growth_yoy": 0.017768136678984227,
      "rev_growth_yoy_accel": -0.028107652495313745,
      "fcf_margin_change": -0.16440897945309133
    },
    {
      "date": "2023-06-30T00:00:00",
      "quarter_label": "2023-06 (Q2)",
      "revenue": 2003084000,
      "gross_profit": 562622000,
      "operating_income": 265705000,
      "net_income": 172764000,
      "opex": 296917000,
      "cogs": 1440462000,
      "rd": null,
      "sga": 304155000,
      "fcf": -50084000,
      "ocf": -41758000,
      "capex": -8326000,
      "gross_margin": 0.2808778862993264,
      "op_margin": 0.13264795685053649,
      "fcf_margin": -0.025003444688290657,
      "incr_op_margin_yoy": 0.16370885659404152,
      "rev_growth_yoy": -0.06123992679571928,
      "rev_growth_yoy_accel": -0.07900806347470352,
      "op_leverage_ratio": 6.125545057435866,
      "fcf_margin_change": 0.01041803584782312
    },
    {
      "date": "2023-09-30T00:00:00",
      "quarter_label": "2023-09 (Q3)",
      "revenue": 2126845000,
      "gross_profit": 566945000,
      "operating_income": 256617000,
      "net_income": 170953000,
      "opex": 310328000,
      "cogs": 1559900000,
      "rd": null,
      "sga": 319834000,
      "fcf": 342850000,
      "ocf": 352519000,
      "capex": -9669000,
      "gross_margin": 0.26656620487153504,
      "op_margin": 0.12065618321974568,
      "fcf_margin": 0.16120121588550176,
      "incr_op_margin_yoy": 0.22365978758690375,
      "rev_growth_yoy": 0.04472402932317383,
      "rev_growth_yoy_accel": 0.10596395611889312,
      "op_leverage_ratio": 1.3679132278362311,
      "fcf_margin_change": 0.18620466057379242
    },
    {
      "date": "2023-12-31T00:00:00",
      "quarter_label": "2023-12 (Q4)",
      "revenue": 1603197000,
      "gross_profit": 414416000,
      "operating_income": 107748000,
      "net_income": 82547000,
      "opex": 306668000,
      "cogs": 1188781000,
      "rd": null,
      "sga": 312461000,
      "fcf": 288636000,
      "ocf": 298614000,
      "capex": -9978000,
      "gross_margin": 0.2584934976799483,
      "op_margin": 0.0672082095962006,
      "fcf_margin": 0.1800377620467104,
      "incr_op_margin_yoy": -1.3393556020751798,
      "rev_growth_yoy": 0.013896838080397262,
      "rev_growth_yoy_accel": -0.030827191242776573,
      "fcf_margin_change": 0.01883654616120864
    },
    {
      "date": "2024-03-31T00:00:00",
      "quarter_label": "2024-03 (Q1)",
      "revenue": 1564991000,
      "gross_profit": 430625000,
      "operating_income": 126537000,
      "net_income": 87004000,
      "opex": 304088000,
      "cogs": 1134366000,
      "rd": null,
      "sga": 309548000,
      "fcf": 97861000,
      "ocf": 103706000,
      "capex": -5845000,
      "gross_margin": 0.27516132680635225,
      "op_margin": 0.08085477807859598,
      "fcf_margin": 0.06253135002054325,
      "incr_op_margin_yoy": -2.6622299651567944,
      "rev_growth_yoy": 0.009254237441161429,
      "rev_growth_yoy_accel": -0.004642600639235833,
      "fcf_margin_change": -0.11750641202616716
    },
    {
      "date": "2024-06-30T00:00:00",
      "quarter_label": "2024-06 (Q2)",
      "revenue": 2139328000,
      "gross_profit": 579760000,
      "operating_income": 268803000,
      "net_income": 181410000,
      "opex": 310957000,
      "cogs": 1559568000,
      "rd": null,
      "sga": 319029000,
      "fcf": 51318000,
      "ocf": 57735000,
      "capex": -6417000,
      "gross_margin": 0.2710009872258952,
      "op_margin": 0.125648334430251,
      "fcf_margin": 0.02398790648278338,
      "incr_op_margin_yoy": 0.022738616012448254,
      "rev_growth_yoy": 0.06801711760465362,
      "rev_growth_yoy_accel": 0.058762880163492195,
      "op_leverage_ratio": 16.246533742415686,
      "fcf_margin_change": -0.03854344353775987
    },
    {
      "date": "2024-09-30T00:00:00",
      "quarter_label": "2024-09 (Q3)",
      "revenue": 2160036000,
      "gross_profit": 566244000,
      "operating_income": 250247000,
      "net_income": 171031000,
      "opex": 315997000,
      "cogs": 1593792000,
      "rd": null,
      "sga": 326373000,
      "fcf": 222968000,
      "ocf": 232764000,
      "capex": -9796000,
      "gross_margin": 0.26214563090615156,
      "op_margin": 0.11585316170656415,
      "fcf_margin": 0.10322420552250056,
      "incr_op_margin_yoy": -0.19191949624898316,
      "rev_growth_yoy": 0.01560574465934283,
      "rev_growth_yoy_accel": -0.05241137294531079,
      "fcf_margin_change": 0.07923629903971718
    },
    {
      "date": "2024-12-31T00:00:00",
      "quarter_label": "2024-12 (Q4)",
      "revenue": 1753962000,
      "gross_profit": 468084000,
      "operating_income": 136188000,
      "net_income": 96841000,
      "opex": 331896000,
      "cogs": 1285878000,
      "rd": null,
      "sga": 338489000,
      "fcf": 370865000,
      "ocf": 378897000,
      "capex": -8032000,
      "gross_margin": 0.26687237237750877,
      "op_margin": 0.07764592391397306,
      "fcf_margin": 0.21144414759270724,
      "incr_op_margin_yoy": 0.18863794647298776,
      "rev_growth_yoy": 0.09404022088364686,
      "rev_growth_yoy_accel": 0.07843447622430402,
      "fcf_margin_change": 0.10821994207020669
    },
    {
      "date": "2025-03-31T00:00:00",
      "quarter_label": "2025-03 (Q1)",
      "revenue": 1531086000,
      "gross_profit": 429623000,
      "operating_income": 112188000,
      "net_income": 80061000,
      "opex": 317435000,
      "cogs": 1101463000,
      "rd": null,
      "sga": 322581000,
      "fcf": -185185000,
      "ocf": -177644000,
      "capex": -7541000,
      "gross_margin": 0.2806001753004077,
      "op_margin": 0.07327348039234896,
      "fcf_margin": -0.12095009685935343,
      "incr_op_margin_yoy": 0.4232119156466598,
      "rev_growth_yoy": -0.021664661330320748,
      "rev_growth_yoy_accel": -0.1157048822139676,
      "fcf_margin_change": -0.33239424445206067
    },
    {
      "date": "2025-06-30T00:00:00",
      "quarter_label": "2025-06 (Q2)",
      "revenue": 2062442000,
      "gross_profit": 603488000,
      "operating_income": 271869000,
      "net_income": 183613000,
      "opex": 331619000,
      "cogs": 1458954000,
      "rd": null,
      "sga": 339001000,
      "fcf": -14283000,
      "ocf": -7446000,
      "capex": -6837000,
      "gross_margin": 0.2926084709291219,
      "op_margin": 0.1318189796367607,
      "fcf_margin": -0.006925285656517856,
      "incr_op_margin_yoy": -0.03987722082043545,
      "rev_growth_yoy": -0.03593932300236336,
      "rev_growth_yoy_accel": -0.014274661672042614,
      "op_leverage_ratio": 7.766799443003839,
      "fcf_margin_change": 0.11402481120283557
    },
    {
      "date": "2025-09-30T00:00:00",
      "quarter_label": "2025-09 (Q3)",
      "revenue": 2067005000,
      "gross_profit": 568915000,
      "operating_income": 234762000,
      "net_income": 161575000,
      "opex": 334153000,
      "cogs": 1498090000,
      "rd": null,
      "sga": 343655000,
      "fcf": 346058000,
      "ocf": 354937000,
      "capex": -8879000,
      "gross_margin": 0.27523639275183176,
      "op_margin": 0.1135759226513724,
      "fcf_margin": 0.16742001107883145,
      "incr_op_margin_yoy": 0.1664498930464039,
      "rev_growth_yoy": -0.04306918958758095,
      "rev_growth_yoy_accel": -0.007129866585217588,
      "fcf_margin_change": 0.1743452967353493
    }
  ],
  "signals": [
    {
      "quarter": "2025-09 (Q3)",
      "signal": "FCF TURNED POSITIVE",
      "detail": "FCF margin: -0.7% -> +16.7%",
      "severity": "HIGH"
    },
    {
      "quarter": "2025-06 (Q2)",
      "signal": "FCF MARGIN EXPANSION",
      "detail": "FCF margin: -12.1% -> -0.7% (+11.4%)",
      "severity": "MEDIUM"
    },
    {
      "quarter": "2025-06 (Q2)",
      "signal": "OPERATING LEVERAGE",
      "detail": "Rev growth +34.7% vs OpEx growth +4.5% (leverage: 7.8x)",
      "severity": "MEDIUM"
    },
    {
      "quarter": "2025-03 (Q1)",
      "signal": "YoY REVENUE GROWTH DECELERATION",
      "detail": "YoY growth: -2.2% vs prior quarter YoY: +9.4% (decel: -11.6%)",
      "severity": "WARNING"
    },
    {
      "quarter": "2025-03 (Q1)",
      "signal": "INCREMENTAL MARGIN (YoY)",
      "detail": "YoY Incr OPM: +42.3% vs year-ago OPM: +8.1%",
      "severity": "HIGH"
    },
    {
      "quarter": "2024-12 (Q4)",
      "signal": "FCF MARGIN EXPANSION",
      "detail": "FCF margin: +10.3% -> +21.1% (+10.8%)",
      "severity": "MEDIUM"
    },
    {
      "quarter": "2024-12 (Q4)",
      "signal": "YoY REVENUE GROWTH ACCELERATION",
      "detail": "YoY growth: +9.4% vs prior quarter YoY: +1.6% (accel: +7.8%)",
      "severity": "MEDIUM"
    },
    {
      "quarter": "2024-12 (Q4)",
      "signal": "INCREMENTAL MARGIN (YoY)",
      "detail": "YoY Incr OPM: +18.9% vs year-ago OPM: +6.7%",
      "severity": "MEDIUM"
    },
    {
      "quarter": "2024-09 (Q3)",
      "signal": "FCF MARGIN EXPANSION",
      "detail": "FCF margin: +2.4% -> +10.3% (+7.9%)",
      "severity": "MEDIUM"
    },
    {
      "quarter": "2024-09 (Q3)",
      "signal": "YoY REVENUE GROWTH DECELERATION",
      "detail": "YoY growth: +1.6% vs prior quarter YoY: +6.8% (decel: -5.2%)",
      "severity": "WARNING"
    },
    {
      "quarter": "2024-06 (Q2)",
      "signal": "OPERATING LEVERAGE",
      "detail": "Rev growth +36.7% vs OpEx growth +2.3% (leverage: 16.2x)",
      "severity": "MEDIUM"
    },
    {
      "quarter": "2024-06 (Q2)",
      "signal": "YoY REVENUE GROWTH ACCELERATION",
      "detail": "YoY growth: +6.8% vs prior quarter YoY: +0.9% (accel: +5.9%)",
      "severity": "MEDIUM"
    },
    {
      "quarter": "2023-09 (Q3)",
      "signal": "FCF TURNED POSITIVE",
      "detail": "FCF margin: -2.5% -> +16.1%",
      "severity": "HIGH"
    },
    {
      "quarter": "2023-09 (Q3)",
      "signal": "YoY REVENUE GROWTH ACCELERATION",
      "detail": "YoY growth: +4.5% vs prior quarter YoY: -6.1% (accel: +10.6%)",
      "severity": "MEDIUM"
    },
    {
      "quarter": "2023-09 (Q3)",
      "signal": "INCREMENTAL MARGIN (YoY)",
      "detail": "YoY Incr OPM: +22.4% vs year-ago OPM: +11.6%",
      "severity": "MEDIUM"
    },
    {
      "quarter": "2023-06 (Q2)",
      "signal": "OPERATING LEVERAGE",
      "detail": "Rev growth +29.2% vs OpEx growth +4.8% (leverage: 6.1x)",
      "severity": "MEDIUM"
    },
    {
      "quarter": "2023-06 (Q2)",
      "signal": "YoY REVENUE GROWTH DECELERATION",
      "detail": "YoY growth: -6.1% vs prior quarter YoY: +1.8% (decel: -7.9%)",
      "severity": "WARNING"
    },
    {
      "quarter": "2022-12 (Q4)",
      "signal": "YoY REVENUE GROWTH DECELERATION",
      "detail": "YoY growth: +4.6% vs prior quarter YoY: +14.2% (decel: -9.6%)",
      "severity": "WARNING"
    },
    {
      "quarter": "2022-12 (Q4)",
      "signal": "INCREMENTAL MARGIN (YoY)",
      "detail": "YoY Incr OPM: +20.3% vs year-ago OPM: +8.1%",
      "severity": "MEDIUM"
    },
    {
      "quarter": "2022-09 (Q3)",
      "signal": "FCF MARGIN EXPANSION",
      "detail": "FCF margin: +7.7% -> +13.7% (+6.0%)",
      "severity": "MEDIUM"
    },
    {
      "quarter": "2022-06 (Q2)",
      "signal": "FCF TURNED POSITIVE",
      "detail": "FCF margin: -7.2% -> +7.7%",
      "severity": "HIGH"
    },
    {
      "quarter": "2022-06 (Q2)",
      "signal": "OPERATING LEVERAGE",
      "detail": "Rev growth +40.0% vs OpEx growth +10.4% (leverage: 3.8x)",
      "severity": "MEDIUM"
    },
    {
      "quarter": "2022-06 (Q2)",
      "signal": "YoY REVENUE GROWTH DECELERATION",
      "detail": "YoY growth: +15.4% vs prior quarter YoY: +34.1% (decel: -18.7%)",
      "severity": "WARNING"
    },
    {
      "quarter": "2022-06 (Q2)",
      "signal": "INCREMENTAL MARGIN (YoY)",
      "detail": "YoY Incr OPM: +24.7% vs year-ago OPM: +11.7%",
      "severity": "MEDIUM"
    },
    {
      "quarter": "2022-03 (Q1)",
      "signal": "INCREMENTAL MARGIN (YoY)",
      "detail": "YoY Incr OPM: +23.0% vs year-ago OPM: +7.2%",
      "severity": "MEDIUM"
    },
    {
      "quarter": "2021-09 (Q3)",
      "signal": "FCF MARGIN EXPANSION",
      "detail": "FCF margin: +6.1% -> +13.0% (+6.9%)",
      "severity": "MEDIUM"
    },
    {
      "quarter": "2021-06 (Q2)",
      "signal": "FCF TURNED POSITIVE",
      "detail": "FCF margin: -3.7% -> +6.1%",
      "severity": "HIGH"
    },
    {
      "quarter": "2021-06 (Q2)",
      "signal": "OPERATING LEVERAGE",
      "detail": "Rev growth +62.8% vs OpEx growth +22.6% (leverage: 2.8x)",
      "severity": "MEDIUM"
    }
  ],
  "data_quality": {
    "n_quarters": 20,
    "coverage": {
      "revenue": [
        20,
        20
      ],
      "gross_profit": [
        20,
        20
      ],
      "op_income": [
        20,
        20
      ],
      "fcf": [
        20,
        20
      ]
    },
    "gaps": [],
    "warnings": []
  },
  "market_cap": null,
  "source": "SEC EDGAR",
  "last_updated": "2026-02-02T20:24:58.156315"
}