{
  "ticker": "WST",
  "name": "WEST PHARMACEUTICAL SERVICES, INC.",
  "quarters": [
    {
      "date": "2020-12-31T00:00:00",
      "quarter_label": "2020-12 (Q4)",
      "revenue": 580200000,
      "gross_profit": 211100000,
      "operating_income": 116100000,
      "net_income": 98400000,
      "opex": 95000000,
      "cogs": 369100000,
      "rd": 12900000,
      "sga": 76300000,
      "fcf": 91000000,
      "ocf": 148700000,
      "capex": -57700000,
      "gross_margin": 0.3638400551533954,
      "op_margin": 0.20010341261633918,
      "fcf_margin": 0.1568424681144433
    },
    {
      "date": "2021-03-31T00:00:00",
      "quarter_label": "2021-03 (Q1)",
      "revenue": 670700000,
      "gross_profit": 271900000,
      "operating_income": 175600000,
      "net_income": 151200000,
      "opex": 96300000,
      "cogs": 398800000,
      "rd": 12200000,
      "sga": 80200000,
      "fcf": 34000000,
      "ocf": 88700000,
      "capex": -54700000,
      "gross_margin": 0.405397346056359,
      "op_margin": 0.26181601312062025,
      "fcf_margin": 0.05069330550171463,
      "op_leverage_ratio": 11.39858934584891,
      "fcf_margin_change": -0.10614916261272866
    },
    {
      "date": "2021-06-30T00:00:00",
      "quarter_label": "2021-06 (Q2)",
      "revenue": 723600000,
      "gross_profit": 315100000,
      "operating_income": 211300000,
      "net_income": 187300000,
      "opex": 103800000,
      "cogs": 408500000,
      "rd": 13800000,
      "sga": 92700000,
      "fcf": 87500000,
      "ocf": 144400000,
      "capex": -56900000,
      "gross_margin": 0.43546158098396903,
      "op_margin": 0.29201216141514647,
      "fcf_margin": 0.12092316196793809,
      "op_leverage_ratio": 1.0127270016400776,
      "fcf_margin_change": 0.07022985646622346
    },
    {
      "date": "2021-09-30T00:00:00",
      "quarter_label": "2021-09 (Q3)",
      "revenue": 706500000,
      "gross_profit": 288200000,
      "operating_income": 181400000,
      "net_income": 175600000,
      "opex": 106800000,
      "cogs": 418300000,
      "rd": 13100000,
      "sga": 91900000,
      "fcf": 124800000,
      "ocf": 190100000,
      "capex": -65300000,
      "gross_margin": 0.4079263977353149,
      "op_margin": 0.256758669497523,
      "fcf_margin": 0.17664543524416135,
      "fcf_margin_change": 0.055722273276223255
    },
    {
      "date": "2021-12-31T00:00:00",
      "quarter_label": "2021-12 (Q4)",
      "revenue": 730800000,
      "gross_profit": 300600000,
      "operating_income": 184000000,
      "net_income": 147700000,
      "opex": 116600000,
      "cogs": 430200000,
      "rd": 13700000,
      "sga": 98000000,
      "fcf": 84300000,
      "ocf": 160800000,
      "capex": -76500000,
      "gross_margin": 0.41133004926108374,
      "op_margin": 0.25177887246852765,
      "fcf_margin": 0.11535303776683087,
      "incr_op_margin_yoy": 0.45086321381142097,
      "rev_growth_yoy": 0.2595656670113754,
      "op_leverage_ratio": 0.3748342649161575,
      "fcf_margin_change": -0.06129239747733048
    },
    {
      "date": "2022-03-31T00:00:00",
      "quarter_label": "2022-03 (Q1)",
      "revenue": 720000000,
      "gross_profit": 284600000,
      "operating_income": 189700000,
      "net_income": 173800000,
      "opex": 94900000,
      "cogs": 435400000,
      "rd": 14600000,
      "sga": 83400000,
      "fcf": 85400000,
      "ocf": 151200000,
      "capex": -65800000,
      "gross_margin": 0.3952777777777778,
      "op_margin": 0.2634722222222222,
      "fcf_margin": 0.11861111111111111,
      "incr_op_margin_yoy": 0.28600405679513186,
      "rev_growth_yoy": 0.0735052929774862,
      "rev_growth_yoy_accel": -0.1860603740338892,
      "fcf_margin_change": 0.0032580733442802434
    },
    {
      "date": "2022-06-30T00:00:00",
      "quarter_label": "2022-06 (Q2)",
      "revenue": 771300000,
      "gross_profit": 321500000,
      "operating_income": 228400000,
      "net_income": 188500000,
      "opex": 93100000,
      "cogs": 449800000,
      "rd": 14400000,
      "sga": 81500000,
      "fcf": 107000000,
      "ocf": 173100000,
      "capex": -66100000,
      "gross_margin": 0.4168287307143783,
      "op_margin": 0.2961234279787372,
      "fcf_margin": 0.13872682484117724,
      "incr_op_margin_yoy": 0.3584905660377358,
      "rev_growth_yoy": 0.06592039800995025,
      "rev_growth_yoy_accel": -0.007584894967535949,
      "op_leverage_ratio": Infinity,
      "fcf_margin_change": 0.020115713730066126
    },
    {
      "date": "2022-09-30T00:00:00",
      "quarter_label": "2022-09 (Q3)",
      "revenue": 686900000,
      "gross_profit": 268000000,
      "operating_income": 186200000,
      "net_income": 120600000,
      "opex": 81800000,
      "cogs": 418900000,
      "rd": 13600000,
      "sga": 66300000,
      "fcf": 111100000,
      "ocf": 168900000,
      "capex": -57800000,
      "gross_margin": 0.3901586839423497,
      "op_margin": 0.27107293638084146,
      "fcf_margin": 0.16174115591789198,
      "incr_op_margin_yoy": -0.24489795918367346,
      "rev_growth_yoy": -0.027742392073602264,
      "rev_growth_yoy_accel": -0.09366279008355252,
      "fcf_margin_change": 0.023014331076714745
    },
    {
      "date": "2022-12-31T00:00:00",
      "quarter_label": "2022-12 (Q4)",
      "revenue": 708700000,
      "gross_profit": 262100000,
      "operating_income": 129700000,
      "net_income": 103000000,
      "opex": 132400000,
      "cogs": 446600000,
      "rd": 15900000,
      "sga": 85700000,
      "fcf": 135900000,
      "ocf": 230800000,
      "capex": -94900000,
      "gross_margin": 0.36983208691971214,
      "op_margin": 0.18301114717087624,
      "fcf_margin": 0.1917595597573021,
      "incr_op_margin_yoy": 2.4570135746606336,
      "rev_growth_yoy": -0.030240831964969895,
      "rev_growth_yoy_accel": -0.0024984398913676306,
      "op_leverage_ratio": 0.05130571732887114,
      "fcf_margin_change": 0.030018403839410124
    },
    {
      "date": "2023-03-31T00:00:00",
      "quarter_label": "2023-03 (Q1)",
      "revenue": 716600000,
      "gross_profit": 271300000,
      "operating_income": 155300000,
      "net_income": 140000000,
      "opex": 116000000,
      "cogs": 445300000,
      "rd": 17100000,
      "sga": 86000000,
      "fcf": 56000000,
      "ocf": 138100000,
      "capex": -82100000,
      "gross_margin": 0.3785933575216299,
      "op_margin": 0.21671783421713647,
      "fcf_margin": 0.07814680435389339,
      "incr_op_margin_yoy": 10.117647058823529,
      "rev_growth_yoy": -0.004722222222222222,
      "rev_growth_yoy_accel": 0.025518609742747674,
      "op_leverage_ratio": Infinity,
      "fcf_margin_change": -0.11361275540340872
    },
    {
      "date": "2023-06-30T00:00:00",
      "quarter_label": "2023-06 (Q2)",
      "revenue": 753800000,
      "gross_profit": 291400000,
      "operating_income": 182500000,
      "net_income": 155100000,
      "opex": 108900000,
      "cogs": 462400000,
      "rd": 16500000,
      "sga": 88400000,
      "fcf": 93800000,
      "ocf": 169200000,
      "capex": -75400000,
      "gross_margin": 0.38657468824621916,
      "op_margin": 0.24210665959140357,
      "fcf_margin": 0.12443618997081454,
      "incr_op_margin_yoy": 2.6228571428571428,
      "rev_growth_yoy": -0.02268896667963179,
      "rev_growth_yoy_accel": -0.01796674445740957,
      "op_leverage_ratio": Infinity,
      "fcf_margin_change": 0.046289385616921155
    },
    {
      "date": "2023-09-30T00:00:00",
      "quarter_label": "2023-09 (Q3)",
      "revenue": 747400000,
      "gross_profit": 288300000,
      "operating_income": 177300000,
      "net_income": 161300000,
      "opex": 111000000,
      "cogs": 459100000,
      "rd": 16400000,
      "sga": 89000000,
      "fcf": 134300000,
      "ocf": 230100000,
      "capex": -95800000,
      "gross_margin": 0.38573722237088576,
      "op_margin": 0.23722237088573722,
      "fcf_margin": 0.17968959058067968,
      "incr_op_margin_yoy": -0.14710743801652892,
      "rev_growth_yoy": 0.08807686708400059,
      "rev_growth_yoy_accel": 0.11076583376363237,
      "fcf_margin_change": 0.05525340060986514
    },
    {
      "date": "2023-12-31T00:00:00",
      "quarter_label": "2023-12 (Q4)",
      "revenue": 732000000,
      "gross_profit": 278200000,
      "operating_income": 160900000,
      "net_income": 137000000,
      "opex": 117300000,
      "cogs": 453800000,
      "rd": 18400000,
      "sga": 90000000,
      "fcf": 130400000,
      "ocf": 239100000,
      "capex": -108700000,
      "gross_margin": 0.3800546448087432,
      "op_margin": 0.2198087431693989,
      "fcf_margin": 0.17814207650273223,
      "incr_op_margin_yoy": 1.3390557939914163,
      "rev_growth_yoy": 0.0328770989135036,
      "rev_growth_yoy_accel": -0.05519976817049699,
      "fcf_margin_change": -0.0015475140779474539
    },
    {
      "date": "2024-03-31T00:00:00",
      "quarter_label": "2024-03 (Q1)",
      "revenue": 695400000,
      "gross_profit": 230200000,
      "operating_income": 122800000,
      "net_income": 115300000,
      "opex": 107400000,
      "cogs": 465200000,
      "rd": 17600000,
      "sga": 86700000,
      "fcf": 27600000,
      "ocf": 118200000,
      "capex": -90600000,
      "gross_margin": 0.3310324992809894,
      "op_margin": 0.17658901351740006,
      "fcf_margin": 0.03968938740293356,
      "incr_op_margin_yoy": 1.5330188679245282,
      "rev_growth_yoy": -0.029584147362545353,
      "rev_growth_yoy_accel": -0.06246124627604895,
      "fcf_margin_change": -0.13845268909979866
    },
    {
      "date": "2024-06-30T00:00:00",
      "quarter_label": "2024-06 (Q2)",
      "revenue": 702100000,
      "gross_profit": 230000000,
      "operating_income": 126200000,
      "net_income": 111300000,
      "opex": 103800000,
      "cogs": 472100000,
      "rd": 17500000,
      "sga": 83000000,
      "fcf": 64800000,
      "ocf": 165000000,
      "capex": -100200000,
      "gross_margin": 0.3275886625836775,
      "op_margin": 0.1797464748611309,
      "fcf_margin": 0.09229454493661872,
      "incr_op_margin_yoy": 1.0889748549323017,
      "rev_growth_yoy": -0.06858583178561953,
      "rev_growth_yoy_accel": -0.039001684423074175,
      "fcf_margin_change": 0.05260515753368516
    },
    {
      "date": "2024-09-30T00:00:00",
      "quarter_label": "2024-09 (Q3)",
      "revenue": 746900000,
      "gross_profit": 264700000,
      "operating_income": 161300000,
      "net_income": 136000000,
      "opex": 103400000,
      "cogs": 482200000,
      "rd": 15500000,
      "sga": 83500000,
      "fcf": 98800000,
      "ocf": 180100000,
      "capex": -81300000,
      "gross_margin": 0.3543981791404472,
      "op_margin": 0.21595929843352524,
      "fcf_margin": 0.13228009104297764,
      "rev_growth_yoy": -0.000668985817500669,
      "rev_growth_yoy_accel": 0.06791684596811885,
      "op_leverage_ratio": Infinity,
      "fcf_margin_change": 0.03998554610635892
    },
    {
      "date": "2024-12-31T00:00:00",
      "quarter_label": "2024-12 (Q4)",
      "revenue": 748800000,
      "gross_profit": 273600000,
      "operating_income": 159600000,
      "net_income": 130100000,
      "opex": 114000000,
      "cogs": 475200000,
      "rd": 18500000,
      "sga": 85300000,
      "fcf": 85200000,
      "ocf": 190100000,
      "capex": -104900000,
      "gross_margin": 0.36538461538461536,
      "op_margin": 0.21314102564102563,
      "fcf_margin": 0.11378205128205128,
      "incr_op_margin_yoy": -0.07738095238095238,
      "rev_growth_yoy": 0.022950819672131147,
      "rev_growth_yoy_accel": 0.023619805489631815,
      "fcf_margin_change": -0.018498039760926357
    },
    {
      "date": "2025-03-31T00:00:00",
      "quarter_label": "2025-03 (Q1)",
      "revenue": 698000000,
      "gross_profit": 231900000,
      "operating_income": 107000000,
      "net_income": 89800000,
      "opex": 124900000,
      "cogs": 466100000,
      "rd": 16300000,
      "sga": 88000000,
      "fcf": 58100000,
      "ocf": 129400000,
      "capex": -71300000,
      "gross_margin": 0.3322349570200573,
      "op_margin": 0.15329512893982808,
      "fcf_margin": 0.0832378223495702,
      "incr_op_margin_yoy": -6.076923076923077,
      "rev_growth_yoy": 0.003738855335058959,
      "rev_growth_yoy_accel": -0.019211964337072188,
      "fcf_margin_change": -0.030544228932481085
    },
    {
      "date": "2025-06-30T00:00:00",
      "quarter_label": "2025-06 (Q2)",
      "revenue": 766500000,
      "gross_profit": 273900000,
      "operating_income": 153700000,
      "net_income": 131800000,
      "opex": 120200000,
      "cogs": 492600000,
      "rd": 19100000,
      "sga": 95900000,
      "fcf": 101900000,
      "ocf": 177100000,
      "capex": -75200000,
      "gross_margin": 0.3573385518590998,
      "op_margin": 0.2005218525766471,
      "fcf_margin": 0.13294194390084801,
      "incr_op_margin_yoy": 0.42701863354037267,
      "rev_growth_yoy": 0.09172482552342971,
      "rev_growth_yoy_accel": 0.08798597018837076,
      "op_leverage_ratio": Infinity,
      "fcf_margin_change": 0.04970412155127782
    },
    {
      "date": "2025-09-30T00:00:00",
      "quarter_label": "2025-09 (Q3)",
      "revenue": 804600000,
      "gross_profit": 294300000,
      "operating_income": 167600000,
      "net_income": 140000000,
      "opex": 126700000,
      "cogs": 510300000,
      "rd": 17100000,
      "sga": 102700000,
      "fcf": 133900000,
      "ocf": 197200000,
      "capex": -63300000,
      "gross_margin": 0.36577181208053694,
      "op_margin": 0.20830226199353716,
      "fcf_margin": 0.1664180959482973,
      "incr_op_margin_yoy": 0.10918544194107452,
      "rev_growth_yoy": 0.07725264426295354,
      "rev_growth_yoy_accel": -0.014472181260476169,
      "op_leverage_ratio": 0.9191871142556074,
      "fcf_margin_change": 0.033476152047449276
    }
  ],
  "signals": [
    {
      "quarter": "2025-06 (Q2)",
      "signal": "GROSS MARGIN INFLECTION",
      "detail": "GM: +36.5% -> +33.2% -> +35.7% (reversal +2.5%)",
      "severity": "MEDIUM"
    },
    {
      "quarter": "2025-06 (Q2)",
      "signal": "YoY REVENUE GROWTH ACCELERATION",
      "detail": "YoY growth: +9.2% vs prior quarter YoY: +0.4% (accel: +8.8%)",
      "severity": "MEDIUM"
    },
    {
      "quarter": "2025-06 (Q2)",
      "signal": "INCREMENTAL MARGIN (YoY)",
      "detail": "YoY Incr OPM: +42.7% vs year-ago OPM: +18.0%",
      "severity": "HIGH"
    },
    {
      "quarter": "2024-09 (Q3)",
      "signal": "GROSS MARGIN INFLECTION",
      "detail": "GM: +33.1% -> +32.8% -> +35.4% (reversal +2.7%)",
      "severity": "MEDIUM"
    },
    {
      "quarter": "2024-09 (Q3)",
      "signal": "YoY REVENUE GROWTH ACCELERATION",
      "detail": "YoY growth: -0.1% vs prior quarter YoY: -6.9% (accel: +6.8%)",
      "severity": "MEDIUM"
    },
    {
      "quarter": "2024-06 (Q2)",
      "signal": "FCF MARGIN EXPANSION",
      "detail": "FCF margin: +4.0% -> +9.2% (+5.3%)",
      "severity": "MEDIUM"
    },
    {
      "quarter": "2024-06 (Q2)",
      "signal": "INCREMENTAL MARGIN (YoY)",
      "detail": "YoY Incr OPM: +108.9% vs year-ago OPM: +24.2%",
      "severity": "HIGH"
    },
    {
      "quarter": "2024-03 (Q1)",
      "signal": "YoY REVENUE GROWTH DECELERATION",
      "detail": "YoY growth: -3.0% vs prior quarter YoY: +3.3% (decel: -6.2%)",
      "severity": "WARNING"
    },
    {
      "quarter": "2024-03 (Q1)",
      "signal": "INCREMENTAL MARGIN (YoY)",
      "detail": "YoY Incr OPM: +153.3% vs year-ago OPM: +21.7%",
      "severity": "HIGH"
    },
    {
      "quarter": "2023-12 (Q4)",
      "signal": "YoY REVENUE GROWTH DECELERATION",
      "detail": "YoY growth: +3.3% vs prior quarter YoY: +8.8% (decel: -5.5%)",
      "severity": "WARNING"
    },
    {
      "quarter": "2023-12 (Q4)",
      "signal": "INCREMENTAL MARGIN (YoY)",
      "detail": "YoY Incr OPM: +133.9% vs year-ago OPM: +18.3%",
      "severity": "HIGH"
    },
    {
      "quarter": "2023-09 (Q3)",
      "signal": "FCF MARGIN EXPANSION",
      "detail": "FCF margin: +12.4% -> +18.0% (+5.5%)",
      "severity": "MEDIUM"
    },
    {
      "quarter": "2023-09 (Q3)",
      "signal": "YoY REVENUE GROWTH ACCELERATION",
      "detail": "YoY growth: +8.8% vs prior quarter YoY: -2.3% (accel: +11.1%)",
      "severity": "MEDIUM"
    },
    {
      "quarter": "2023-06 (Q2)",
      "signal": "INCREMENTAL MARGIN (YoY)",
      "detail": "YoY Incr OPM: +262.3% vs year-ago OPM: +29.6%",
      "severity": "HIGH"
    },
    {
      "quarter": "2023-03 (Q1)",
      "signal": "INCREMENTAL MARGIN (YoY)",
      "detail": "YoY Incr OPM: +1011.8% vs year-ago OPM: +26.3%",
      "severity": "HIGH"
    },
    {
      "quarter": "2022-12 (Q4)",
      "signal": "INCREMENTAL MARGIN (YoY)",
      "detail": "YoY Incr OPM: +245.7% vs year-ago OPM: +25.2%",
      "severity": "HIGH"
    },
    {
      "quarter": "2022-09 (Q3)",
      "signal": "YoY REVENUE GROWTH DECELERATION",
      "detail": "YoY growth: -2.8% vs prior quarter YoY: +6.6% (decel: -9.4%)",
      "severity": "WARNING"
    },
    {
      "quarter": "2022-06 (Q2)",
      "signal": "GROSS MARGIN INFLECTION",
      "detail": "GM: +41.1% -> +39.5% -> +41.7% (reversal +2.2%)",
      "severity": "MEDIUM"
    },
    {
      "quarter": "2022-03 (Q1)",
      "signal": "YoY REVENUE GROWTH DECELERATION",
      "detail": "YoY growth: +7.4% vs prior quarter YoY: +26.0% (decel: -18.6%)",
      "severity": "WARNING"
    },
    {
      "quarter": "2021-12 (Q4)",
      "signal": "INCREMENTAL MARGIN (YoY)",
      "detail": "YoY Incr OPM: +45.1% vs year-ago OPM: +20.0%",
      "severity": "HIGH"
    },
    {
      "quarter": "2021-09 (Q3)",
      "signal": "FCF MARGIN EXPANSION",
      "detail": "FCF margin: +12.1% -> +17.7% (+5.6%)",
      "severity": "MEDIUM"
    },
    {
      "quarter": "2021-06 (Q2)",
      "signal": "FCF MARGIN EXPANSION",
      "detail": "FCF margin: +5.1% -> +12.1% (+7.0%)",
      "severity": "MEDIUM"
    },
    {
      "quarter": "2021-03 (Q1)",
      "signal": "OPERATING LEVERAGE",
      "detail": "Rev growth +15.6% vs OpEx growth +1.4% (leverage: 11.4x)",
      "severity": "MEDIUM"
    }
  ],
  "data_quality": {
    "n_quarters": 20,
    "coverage": {
      "revenue": [
        20,
        20
      ],
      "gross_profit": [
        20,
        20
      ],
      "op_income": [
        20,
        20
      ],
      "fcf": [
        20,
        20
      ]
    },
    "gaps": [],
    "warnings": []
  },
  "market_cap": null,
  "source": "SEC EDGAR",
  "last_updated": "2026-02-02T20:22:00.627611"
}