{
  "ticker": "WTER",
  "name": "ALKALINE WATER Co         INC",
  "quarters": [
    {
      "date": "2018-09-30T00:00:00",
      "quarter_label": "2018-09 (Q3)",
      "revenue": 8639520,
      "gross_profit": 3652359,
      "operating_income": -806478,
      "net_income": -932134,
      "opex": 4458837,
      "cogs": 4987161,
      "rd": null,
      "sga": null,
      "fcf": -1283969,
      "ocf": -1186208,
      "capex": -97761,
      "gross_margin": 0.4227502222345686,
      "op_margin": -0.09334754708594922,
      "fcf_margin": -0.14861577958034705
    },
    {
      "date": "2018-12-31T00:00:00",
      "quarter_label": "2018-12 (Q4)",
      "revenue": 7691013,
      "gross_profit": 2868319,
      "operating_income": -3610966,
      "net_income": -3755572,
      "opex": 6479285,
      "cogs": 4822694,
      "rd": null,
      "sga": null,
      "fcf": -2559931,
      "ocf": -1858506,
      "capex": -701425,
      "gross_margin": 0.37294424024507566,
      "op_margin": -0.46950460231961644,
      "fcf_margin": -0.3328470514872358,
      "fcf_margin_change": -0.18423127190688876
    },
    {
      "date": "2019-03-31T00:00:00",
      "quarter_label": "2019-03 (Q1)",
      "revenue": 7988130,
      "gross_profit": 3036430,
      "operating_income": -2695949,
      "net_income": -2836275,
      "opex": 5732379,
      "cogs": 4951700,
      "rd": null,
      "sga": null,
      "fcf": -3453705,
      "ocf": -3271864,
      "capex": -181841,
      "gross_margin": 0.3801177497111339,
      "op_margin": -0.3374943822897224,
      "fcf_margin": -0.4323546311840193,
      "op_leverage_ratio": Infinity,
      "fcf_margin_change": -0.09950757969678348
    },
    {
      "date": "2019-06-30T00:00:00",
      "quarter_label": "2019-06 (Q2)",
      "revenue": 10153044,
      "gross_profit": 4124847,
      "operating_income": -4960824,
      "net_income": -5056188,
      "opex": 9085671,
      "cogs": 6028197,
      "rd": null,
      "sga": null,
      "fcf": -2782022,
      "ocf": -2746352,
      "capex": -35670,
      "gross_margin": 0.40626702691330796,
      "op_margin": -0.48860459976338133,
      "fcf_margin": -0.2740086618358002,
      "op_leverage_ratio": 0.46329653103234125,
      "fcf_margin_change": 0.1583459693482191
    },
    {
      "date": "2019-09-30T00:00:00",
      "quarter_label": "2019-09 (Q3)",
      "revenue": 10444978,
      "gross_profit": 4485548,
      "operating_income": -2811462,
      "net_income": -2924957,
      "opex": 7297010,
      "cogs": 5959430,
      "rd": null,
      "sga": null,
      "fcf": -4756928,
      "ocf": -4581650,
      "capex": -175278,
      "gross_margin": 0.4294454234369857,
      "op_margin": -0.26916878139906086,
      "fcf_margin": -0.4554272876400506,
      "incr_op_margin_yoy": -1.1105126787773518,
      "rev_growth_yoy": 0.20897665611052466,
      "op_leverage_ratio": Infinity,
      "fcf_margin_change": -0.1814186258042504
    },
    {
      "date": "2019-12-31T00:00:00",
      "quarter_label": "2019-12 (Q4)",
      "revenue": 8455030,
      "gross_profit": 3393706,
      "operating_income": -2750876,
      "net_income": -2861673,
      "opex": 6144582,
      "cogs": 5061324,
      "rd": null,
      "sga": null,
      "fcf": -1584601,
      "ocf": -1551107,
      "capex": -33494,
      "gross_margin": 0.4013830820233636,
      "op_margin": -0.32535378348746247,
      "fcf_margin": -0.1874151836244224,
      "rev_growth_yoy": 0.09933892973526375,
      "rev_growth_yoy_accel": -0.10963772637526091,
      "fcf_margin_change": 0.2680121040156282
    },
    {
      "date": "2020-03-31T00:00:00",
      "quarter_label": "2020-03 (Q1)",
      "revenue": 12089391,
      "gross_profit": 4835468,
      "operating_income": -3854901,
      "net_income": -3984003,
      "opex": 8690369,
      "cogs": 7253923,
      "rd": null,
      "sga": null,
      "fcf": -5007642,
      "ocf": -4763527,
      "capex": -244115,
      "gross_margin": 0.3999761443731946,
      "op_margin": -0.3188664342149245,
      "fcf_margin": -0.41421788740226867,
      "incr_op_margin_yoy": -0.28258430760685554,
      "rev_growth_yoy": 0.5134194110511472,
      "rev_growth_yoy_accel": 0.41408048131588343,
      "op_leverage_ratio": 1.037488258552185,
      "fcf_margin_change": -0.22680270377784628
    },
    {
      "date": "2020-06-30T00:00:00",
      "quarter_label": "2020-06 (Q2)",
      "revenue": 14219424,
      "gross_profit": 5849898,
      "operating_income": -2830679,
      "net_income": -3021003,
      "opex": 8680577,
      "cogs": 8369526,
      "rd": null,
      "sga": null,
      "fcf": -1474190,
      "ocf": -1405671,
      "capex": -68519,
      "gross_margin": 0.4114018964481262,
      "op_margin": -0.19907128446271805,
      "fcf_margin": -0.10367438230971944,
      "incr_op_margin_yoy": 0.5238430741839178,
      "rev_growth_yoy": 0.40050845835002785,
      "rev_growth_yoy_accel": -0.11291095270111934,
      "op_leverage_ratio": Infinity,
      "fcf_margin_change": 0.31054350509254924
    },
    {
      "date": "2020-09-30T00:00:00",
      "quarter_label": "2020-09 (Q3)",
      "revenue": 10755946,
      "gross_profit": 4428988,
      "operating_income": -4230695,
      "net_income": -4361628,
      "opex": 8659683,
      "cogs": 6326958,
      "rd": null,
      "sga": null,
      "fcf": -6727435,
      "ocf": -6705845,
      "capex": -21590,
      "gross_margin": 0.4117711264076633,
      "op_margin": -0.39333546300808875,
      "fcf_margin": -0.6254619537881652,
      "rev_growth_yoy": 0.02977201100854401,
      "rev_growth_yoy_accel": -0.37073644734148387,
      "fcf_margin_change": -0.5217875714784457
    },
    {
      "date": "2020-12-31T00:00:00",
      "quarter_label": "2020-12 (Q4)",
      "revenue": 10179695,
      "gross_profit": 4194485,
      "operating_income": -4223417,
      "net_income": -4360334,
      "opex": 8417902,
      "cogs": 5985210,
      "rd": null,
      "sga": null,
      "fcf": -1553540,
      "ocf": -1490772,
      "capex": -62768,
      "gross_margin": 0.4120442704815812,
      "op_margin": -0.4148863988557614,
      "fcf_margin": -0.1526116450443751,
      "incr_op_margin_yoy": -0.8538127694363833,
      "rev_growth_yoy": 0.20398094388783955,
      "rev_growth_yoy_accel": 0.17420893287929554,
      "fcf_margin_change": 0.4728503087437901
    },
    {
      "date": "2021-03-31T00:00:00",
      "quarter_label": "2021-03 (Q1)",
      "revenue": 10914056,
      "gross_profit": 1973389,
      "operating_income": -4549116,
      "net_income": -4666555,
      "opex": 6522505,
      "cogs": 8940667,
      "rd": null,
      "sga": null,
      "fcf": -5110466,
      "ocf": -4677950,
      "capex": -432516,
      "gross_margin": 0.18081169823574297,
      "op_margin": -0.4168125946944014,
      "fcf_margin": -0.46824626884817155,
      "incr_op_margin_yoy": 0.5906528776901905,
      "rev_growth_yoy": -0.0972203645328371,
      "rev_growth_yoy_accel": -0.30120130842067666,
      "op_leverage_ratio": Infinity,
      "fcf_margin_change": -0.3156346238037965
    },
    {
      "date": "2021-06-30T00:00:00",
      "quarter_label": "2021-06 (Q2)",
      "revenue": 14113578,
      "gross_profit": 4802567,
      "operating_income": -7318207,
      "net_income": -7425626,
      "opex": 12120774,
      "cogs": 9311011,
      "rd": null,
      "sga": null,
      "fcf": -6116757,
      "ocf": -6055313,
      "capex": -61444,
      "gross_margin": 0.3402799063426723,
      "op_margin": -0.51852244696561,
      "fcf_margin": -0.43339520283233635,
      "rev_growth_yoy": -0.007443761435062348,
      "rev_growth_yoy_accel": 0.08977660309777474,
      "op_leverage_ratio": 0.34155416128886296,
      "fcf_margin_change": 0.03485106601583521
    },
    {
      "date": "2021-09-30T00:00:00",
      "quarter_label": "2021-09 (Q3)",
      "revenue": 15255765,
      "gross_profit": 5164350,
      "operating_income": -10208276,
      "net_income": -10378473,
      "opex": 15372626,
      "cogs": 10091415,
      "rd": null,
      "sga": null,
      "fcf": -12929077,
      "ocf": -12675113,
      "capex": -253964,
      "gross_margin": 0.3385179307625675,
      "op_margin": -0.6691421898541305,
      "fcf_margin": -0.8474879496373994,
      "incr_op_margin_yoy": -1.3284047647249813,
      "rev_growth_yoy": 0.41835641421033537,
      "rev_growth_yoy_accel": 0.42580017564539774,
      "op_leverage_ratio": 0.30164745613211397,
      "fcf_margin_change": -0.41409274680506303
    },
    {
      "date": "2021-12-31T00:00:00",
      "quarter_label": "2021-12 (Q4)",
      "revenue": 15110400,
      "gross_profit": 4982256,
      "operating_income": -10923686,
      "net_income": -10736033,
      "opex": 15905942,
      "cogs": 10128144,
      "rd": null,
      "sga": null,
      "fcf": -7387762,
      "ocf": -7209841,
      "capex": -177921,
      "gross_margin": 0.32972363405336724,
      "op_margin": -0.7229250052943668,
      "fcf_margin": -0.4889190226598899,
      "incr_op_margin_yoy": -1.3588866095213565,
      "rev_growth_yoy": 0.4843666730682992,
      "rev_growth_yoy_accel": 0.06601025885796385,
      "fcf_margin_change": 0.3585689269775095
    },
    {
      "date": "2022-03-31T00:00:00",
      "quarter_label": "2022-03 (Q1)",
      "revenue": 16116504,
      "gross_profit": 269799,
      "operating_income": -10547741,
      "net_income": -11044228,
      "opex": 10817540,
      "cogs": 15846705,
      "rd": null,
      "sga": null,
      "fcf": -6377955,
      "ocf": -5879275,
      "capex": -498680,
      "gross_margin": 0.016740541248896162,
      "op_margin": -0.6544683015621751,
      "fcf_margin": -0.39574060230432107,
      "incr_op_margin_yoy": -1.1530389155259217,
      "rev_growth_yoy": 0.4766741163871617,
      "rev_growth_yoy_accel": -0.007692556681137552,
      "op_leverage_ratio": Infinity,
      "fcf_margin_change": 0.09317842035556884
    },
    {
      "date": "2022-06-30T00:00:00",
      "quarter_label": "2022-06 (Q2)",
      "revenue": 16894403,
      "gross_profit": 3494629,
      "operating_income": -6291210,
      "net_income": -7493408,
      "opex": 9785839,
      "cogs": 13399774,
      "rd": null,
      "sga": null,
      "fcf": -3349647,
      "ocf": -2494650,
      "capex": -854997,
      "gross_margin": 0.20685128678414977,
      "op_margin": -0.37238427424751264,
      "fcf_margin": -0.19826962811293183,
      "incr_op_margin_yoy": 0.36931378278029003,
      "rev_growth_yoy": 0.1970318936842238,
      "rev_growth_yoy_accel": -0.27964222270293787,
      "op_leverage_ratio": Infinity,
      "fcf_margin_change": 0.19747097419138923
    },
    {
      "date": "2022-09-30T00:00:00",
      "quarter_label": "2022-09 (Q3)",
      "revenue": 19574953,
      "gross_profit": 4626492,
      "operating_income": -5069627,
      "net_income": -8397208,
      "opex": 9696119,
      "cogs": 14948461,
      "rd": null,
      "sga": null,
      "fcf": -7334114,
      "ocf": -6955857,
      "capex": -378257,
      "gross_margin": 0.23634754065565317,
      "op_margin": -0.2589853983302029,
      "fcf_margin": -0.37466828145130154,
      "incr_op_margin_yoy": 1.1897257077024663,
      "rev_growth_yoy": 0.28311841457966874,
      "rev_growth_yoy_accel": 0.08608652089544494,
      "op_leverage_ratio": Infinity,
      "fcf_margin_change": -0.1763986533383697
    },
    {
      "date": "2022-12-31T00:00:00",
      "quarter_label": "2022-12 (Q4)",
      "revenue": 15874967,
      "gross_profit": 3927075,
      "operating_income": -3561886,
      "net_income": -3986455,
      "opex": 7488961,
      "cogs": 11947892,
      "rd": null,
      "sga": null,
      "fcf": -24016,
      "ocf": -469453,
      "capex": 445437,
      "gross_margin": 0.2473753173786125,
      "op_margin": -0.22437123806304604,
      "fcf_margin": -0.0015128220424017258,
      "rev_growth_yoy": 0.05059872670478611,
      "rev_growth_yoy_accel": -0.23251968787488264,
      "fcf_margin_change": 0.3731554594088998
    },
    {
      "date": "2023-03-31T00:00:00",
      "quarter_label": "2023-03 (Q1)",
      "revenue": 12499913,
      "gross_profit": 664878,
      "operating_income": -7106291,
      "net_income": -7528122,
      "opex": 7771169,
      "cogs": 11835035,
      "rd": null,
      "sga": null,
      "fcf": -1166244,
      "ocf": -509420,
      "capex": -656824,
      "gross_margin": 0.05319061020664704,
      "op_margin": -0.5685072368103682,
      "fcf_margin": -0.09330016936917881,
      "incr_op_margin_yoy": -0.9515729038755004,
      "rev_growth_yoy": -0.22440294743822853,
      "rev_growth_yoy_accel": -0.27500167414301463,
      "fcf_margin_change": -0.09178734732677708
    },
    {
      "date": "2023-06-30T00:00:00",
      "quarter_label": "2023-06 (Q2)",
      "revenue": 14933785,
      "gross_profit": 3771569,
      "operating_income": -2417170,
      "net_income": -2840938,
      "opex": 6188739,
      "cogs": 11162216,
      "rd": null,
      "sga": null,
      "fcf": -408991,
      "ocf": -408991,
      "capex": null,
      "gross_margin": 0.2525527855128489,
      "op_margin": -0.16185916698278432,
      "fcf_margin": -0.02738696184523883,
      "incr_op_margin_yoy": -1.9759279982128084,
      "rev_growth_yoy": -0.11605133368725726,
      "rev_growth_yoy_accel": 0.10835161375097127,
      "op_leverage_ratio": Infinity,
      "fcf_margin_change": 0.06591320752393998
    }
  ],
  "signals": [
    {
      "quarter": "2023-06 (Q2)",
      "signal": "FCF MARGIN EXPANSION",
      "detail": "FCF margin: -9.3% -> -2.7% (+6.6%)",
      "severity": "MEDIUM"
    },
    {
      "quarter": "2023-06 (Q2)",
      "signal": "GROSS MARGIN INFLECTION",
      "detail": "GM: +24.7% -> +5.3% -> +25.3% (reversal +19.9%)",
      "severity": "HIGH"
    },
    {
      "quarter": "2023-06 (Q2)",
      "signal": "YoY REVENUE GROWTH ACCELERATION",
      "detail": "YoY growth: -11.6% vs prior quarter YoY: -22.4% (accel: +10.8%)",
      "severity": "MEDIUM"
    },
    {
      "quarter": "2023-03 (Q1)",
      "signal": "YoY REVENUE GROWTH DECELERATION",
      "detail": "YoY growth: -22.4% vs prior quarter YoY: +5.1% (decel: -27.5%)",
      "severity": "WARNING"
    },
    {
      "quarter": "2022-12 (Q4)",
      "signal": "FCF MARGIN EXPANSION",
      "detail": "FCF margin: -37.5% -> -0.2% (+37.3%)",
      "severity": "MEDIUM"
    },
    {
      "quarter": "2022-12 (Q4)",
      "signal": "YoY REVENUE GROWTH DECELERATION",
      "detail": "YoY growth: +5.1% vs prior quarter YoY: +28.3% (decel: -23.3%)",
      "severity": "WARNING"
    },
    {
      "quarter": "2022-09 (Q3)",
      "signal": "YoY REVENUE GROWTH ACCELERATION",
      "detail": "YoY growth: +28.3% vs prior quarter YoY: +19.7% (accel: +8.6%)",
      "severity": "MEDIUM"
    },
    {
      "quarter": "2022-06 (Q2)",
      "signal": "FCF MARGIN EXPANSION",
      "detail": "FCF margin: -39.6% -> -19.8% (+19.7%)",
      "severity": "MEDIUM"
    },
    {
      "quarter": "2022-06 (Q2)",
      "signal": "GROSS MARGIN INFLECTION",
      "detail": "GM: +33.0% -> +1.7% -> +20.7% (reversal +19.0%)",
      "severity": "HIGH"
    },
    {
      "quarter": "2022-06 (Q2)",
      "signal": "YoY REVENUE GROWTH DECELERATION",
      "detail": "YoY growth: +19.7% vs prior quarter YoY: +47.7% (decel: -28.0%)",
      "severity": "WARNING"
    },
    {
      "quarter": "2022-03 (Q1)",
      "signal": "FCF MARGIN EXPANSION",
      "detail": "FCF margin: -48.9% -> -39.6% (+9.3%)",
      "severity": "MEDIUM"
    },
    {
      "quarter": "2021-12 (Q4)",
      "signal": "FCF MARGIN EXPANSION",
      "detail": "FCF margin: -84.7% -> -48.9% (+35.9%)",
      "severity": "MEDIUM"
    },
    {
      "quarter": "2021-12 (Q4)",
      "signal": "YoY REVENUE GROWTH ACCELERATION",
      "detail": "YoY growth: +48.4% vs prior quarter YoY: +41.8% (accel: +6.6%)",
      "severity": "MEDIUM"
    },
    {
      "quarter": "2021-09 (Q3)",
      "signal": "YoY REVENUE GROWTH ACCELERATION",
      "detail": "YoY growth: +41.8% vs prior quarter YoY: -0.7% (accel: +42.6%)",
      "severity": "HIGH"
    },
    {
      "quarter": "2021-06 (Q2)",
      "signal": "GROSS MARGIN INFLECTION",
      "detail": "GM: +41.2% -> +18.1% -> +34.0% (reversal +15.9%)",
      "severity": "HIGH"
    },
    {
      "quarter": "2021-06 (Q2)",
      "signal": "YoY REVENUE GROWTH ACCELERATION",
      "detail": "YoY growth: -0.7% vs prior quarter YoY: -9.7% (accel: +9.0%)",
      "severity": "MEDIUM"
    },
    {
      "quarter": "2021-03 (Q1)",
      "signal": "YoY REVENUE GROWTH DECELERATION",
      "detail": "YoY growth: -9.7% vs prior quarter YoY: +20.4% (decel: -30.1%)",
      "severity": "WARNING"
    },
    {
      "quarter": "2020-12 (Q4)",
      "signal": "FCF MARGIN EXPANSION",
      "detail": "FCF margin: -62.5% -> -15.3% (+47.3%)",
      "severity": "MEDIUM"
    },
    {
      "quarter": "2020-12 (Q4)",
      "signal": "YoY REVENUE GROWTH ACCELERATION",
      "detail": "YoY growth: +20.4% vs prior quarter YoY: +3.0% (accel: +17.4%)",
      "severity": "HIGH"
    },
    {
      "quarter": "2020-09 (Q3)",
      "signal": "YoY REVENUE GROWTH DECELERATION",
      "detail": "YoY growth: +3.0% vs prior quarter YoY: +40.1% (decel: -37.1%)",
      "severity": "WARNING"
    },
    {
      "quarter": "2020-06 (Q2)",
      "signal": "FCF MARGIN EXPANSION",
      "detail": "FCF margin: -41.4% -> -10.4% (+31.1%)",
      "severity": "MEDIUM"
    },
    {
      "quarter": "2020-06 (Q2)",
      "signal": "YoY REVENUE GROWTH DECELERATION",
      "detail": "YoY growth: +40.1% vs prior quarter YoY: +51.3% (decel: -11.3%)",
      "severity": "WARNING"
    },
    {
      "quarter": "2020-03 (Q1)",
      "signal": "YoY REVENUE GROWTH ACCELERATION",
      "detail": "YoY growth: +51.3% vs prior quarter YoY: +9.9% (accel: +41.4%)",
      "severity": "HIGH"
    },
    {
      "quarter": "2019-12 (Q4)",
      "signal": "FCF MARGIN EXPANSION",
      "detail": "FCF margin: -45.5% -> -18.7% (+26.8%)",
      "severity": "MEDIUM"
    },
    {
      "quarter": "2019-12 (Q4)",
      "signal": "YoY REVENUE GROWTH DECELERATION",
      "detail": "YoY growth: +9.9% vs prior quarter YoY: +20.9% (decel: -11.0%)",
      "severity": "WARNING"
    },
    {
      "quarter": "2019-06 (Q2)",
      "signal": "FCF MARGIN EXPANSION",
      "detail": "FCF margin: -43.2% -> -27.4% (+15.8%)",
      "severity": "MEDIUM"
    }
  ],
  "data_quality": {
    "n_quarters": 20,
    "coverage": {
      "revenue": [
        20,
        20
      ],
      "gross_profit": [
        20,
        20
      ],
      "op_income": [
        20,
        20
      ],
      "fcf": [
        20,
        20
      ]
    },
    "gaps": [],
    "warnings": []
  },
  "market_cap": null,
  "source": "SEC EDGAR",
  "last_updated": "2026-02-03T00:19:04.464093"
}