{
  "ticker": "WTS",
  "name": "WATTS WATER TECHNOLOGIES INC",
  "sector": "Industrials",
  "industry": "Specialty Industrial Machinery",
  "quarters": [
    {
      "date": "2021-03-28T00:00:00",
      "quarter_label": "2021-03 (Q1)",
      "revenue": 413300000,
      "gross_profit": 173700000,
      "operating_income": 59600000,
      "net_income": 41700000,
      "opex": 114100000,
      "cogs": 239600000,
      "rd": 10900000,
      "sga": 113800000,
      "fcf": 29000000,
      "ocf": 33900000,
      "capex": -4900000,
      "gross_margin": 0.42027582869586255,
      "op_margin": 0.14420517783692233,
      "fcf_margin": 0.07016694894749577
    },
    {
      "date": "2021-06-27T00:00:00",
      "quarter_label": "2021-06 (Q2)",
      "revenue": 467000000,
      "gross_profit": 200100000,
      "operating_income": 52700000,
      "net_income": 37500000,
      "opex": 147400000,
      "cogs": 266900000,
      "rd": 11000000,
      "sga": 130400000,
      "fcf": 31000000,
      "ocf": 39300000,
      "capex": -8300000,
      "gross_margin": 0.4284796573875803,
      "op_margin": 0.11284796573875804,
      "fcf_margin": 0.06638115631691649,
      "op_leverage_ratio": 0.44519501354730007,
      "fcf_margin_change": -0.0037857926305792794
    },
    {
      "date": "2021-09-26T00:00:00",
      "quarter_label": "2021-09 (Q3)",
      "revenue": 455000000,
      "gross_profit": 194000000,
      "operating_income": 64700000,
      "net_income": 46400000,
      "opex": 129300000,
      "cogs": 261000000,
      "rd": 11000000,
      "sga": 128400000,
      "fcf": 55100000,
      "ocf": 61700000,
      "capex": -6600000,
      "gross_margin": 0.42637362637362636,
      "op_margin": 0.1421978021978022,
      "fcf_margin": 0.1210989010989011,
      "fcf_margin_change": 0.054717744781984615
    },
    {
      "date": "2021-12-31T00:00:00",
      "quarter_label": "2021-12 (Q4)",
      "revenue": 473900000,
      "gross_profit": 199300000,
      "operating_income": 62600000,
      "net_income": 40100000,
      "opex": 136700000,
      "cogs": 274600000,
      "rd": 12800000,
      "sga": 135600000,
      "fcf": 38800000,
      "ocf": 45900000,
      "capex": -7100000,
      "gross_margin": 0.42055285925300695,
      "op_margin": 0.1320953787718928,
      "fcf_margin": 0.08187381304072588,
      "op_leverage_ratio": 0.7258004158004158,
      "fcf_margin_change": -0.03922508805817522
    },
    {
      "date": "2022-03-27T00:00:00",
      "quarter_label": "2022-03 (Q1)",
      "revenue": 463200000,
      "gross_profit": 198600000,
      "operating_income": 71500000,
      "net_income": 54500000,
      "opex": 127100000,
      "cogs": 264600000,
      "rd": 11900000,
      "sga": 126100000,
      "fcf": -7600000,
      "ocf": -2000000,
      "capex": -5600000,
      "gross_margin": 0.42875647668393785,
      "op_margin": 0.15436096718480138,
      "fcf_margin": -0.016407599309153715,
      "incr_op_margin_yoy": 0.23847695390781562,
      "rev_growth_yoy": 0.12073554318896686,
      "fcf_margin_change": -0.0982814123498796
    },
    {
      "date": "2022-06-26T00:00:00",
      "quarter_label": "2022-06 (Q2)",
      "revenue": 526600000,
      "gross_profit": 239200000,
      "operating_income": 95900000,
      "net_income": 69700000,
      "opex": 143300000,
      "cogs": 287400000,
      "rd": 12300000,
      "sga": 141600000,
      "fcf": 39400000,
      "ocf": 46900000,
      "capex": -7500000,
      "gross_margin": 0.4542347132548424,
      "op_margin": 0.18211165970375998,
      "fcf_margin": 0.0748195974173946,
      "incr_op_margin_yoy": 0.7248322147651006,
      "rev_growth_yoy": 0.12762312633832976,
      "rev_growth_yoy_accel": 0.0068875831493629,
      "op_leverage_ratio": 1.073868845817608,
      "fcf_margin_change": 0.09122719672654832
    },
    {
      "date": "2022-09-25T00:00:00",
      "quarter_label": "2022-09 (Q3)",
      "revenue": 487800000,
      "gross_profit": 217900000,
      "operating_income": 80400000,
      "net_income": 58700000,
      "opex": 137500000,
      "cogs": 269900000,
      "rd": 14200000,
      "sga": 135800000,
      "fcf": 34300000,
      "ocf": 41400000,
      "capex": -7100000,
      "gross_margin": 0.44669946699466995,
      "op_margin": 0.16482164821648215,
      "fcf_margin": 0.07031570315703158,
      "incr_op_margin_yoy": 0.47865853658536583,
      "rev_growth_yoy": 0.07208791208791208,
      "rev_growth_yoy_accel": -0.05553521425041767,
      "fcf_margin_change": -0.004503894260363031
    },
    {
      "date": "2022-12-31T00:00:00",
      "quarter_label": "2022-12 (Q4)",
      "revenue": 501900000,
      "gross_profit": 218600000,
      "operating_income": 67200000,
      "net_income": 68600000,
      "opex": 151400000,
      "cogs": 283300000,
      "rd": 21000000,
      "sga": 147000000,
      "fcf": 129800000,
      "ocf": 137700000,
      "capex": -7900000,
      "gross_margin": 0.43554492926877864,
      "op_margin": 0.13389121338912133,
      "fcf_margin": 0.25861725443315403,
      "incr_op_margin_yoy": 0.16428571428571428,
      "rev_growth_yoy": 0.059084194977843424,
      "rev_growth_yoy_accel": -0.01300371711006866,
      "op_leverage_ratio": 0.28593361473183077,
      "fcf_margin_change": 0.18830155127612247
    },
    {
      "date": "2023-03-26T00:00:00",
      "quarter_label": "2023-03 (Q1)",
      "revenue": 471700000,
      "gross_profit": 218100000,
      "operating_income": 84700000,
      "net_income": 64700000,
      "opex": 133400000,
      "cogs": 253600000,
      "rd": 16100000,
      "sga": 133700000,
      "fcf": 28300000,
      "ocf": 33400000,
      "capex": -5100000,
      "gross_margin": 0.46237015051939795,
      "op_margin": 0.179563281746873,
      "fcf_margin": 0.059995760016959936,
      "incr_op_margin_yoy": 1.5529411764705883,
      "rev_growth_yoy": 0.018350604490500865,
      "rev_growth_yoy_accel": -0.040733590487342555,
      "fcf_margin_change": -0.1986214944161941
    },
    {
      "date": "2023-06-25T00:00:00",
      "quarter_label": "2023-06 (Q2)",
      "revenue": 532800000,
      "gross_profit": 252800000,
      "operating_income": 100400000,
      "net_income": 75900000,
      "opex": 152400000,
      "cogs": 280000000,
      "rd": 16000000,
      "sga": 150800000,
      "fcf": 60600000,
      "ocf": 67100000,
      "capex": -6500000,
      "gross_margin": 0.4744744744744745,
      "op_margin": 0.18843843843843844,
      "fcf_margin": 0.11373873873873874,
      "incr_op_margin_yoy": 0.7258064516129032,
      "rev_growth_yoy": 0.011773642233194076,
      "rev_growth_yoy_accel": -0.006576962257306789,
      "op_leverage_ratio": 0.9094473516842775,
      "fcf_margin_change": 0.05374297872177881
    },
    {
      "date": "2023-09-24T00:00:00",
      "quarter_label": "2023-09 (Q3)",
      "revenue": 504300000,
      "gross_profit": 234400000,
      "operating_income": 87100000,
      "net_income": 65800000,
      "opex": 147300000,
      "cogs": 269900000,
      "rd": 15200000,
      "sga": 146900000,
      "fcf": 93000000,
      "ocf": 100400000,
      "capex": -7400000,
      "gross_margin": 0.4648026968074559,
      "op_margin": 0.17271465397580804,
      "fcf_margin": 0.18441403926234384,
      "incr_op_margin_yoy": 0.40606060606060607,
      "rev_growth_yoy": 0.033825338253382534,
      "rev_growth_yoy_accel": 0.022051696020188458,
      "fcf_margin_change": 0.0706753005236051
    },
    {
      "date": "2023-12-31T00:00:00",
      "quarter_label": "2023-12 (Q4)",
      "revenue": 547500000,
      "gross_profit": 255600000,
      "operating_income": 78700000,
      "net_income": 55700000,
      "opex": 176900000,
      "cogs": 291900000,
      "rd": 19800000,
      "sga": 173100000,
      "fcf": 99200000,
      "ocf": 109900000,
      "capex": -10700000,
      "gross_margin": 0.46684931506849314,
      "op_margin": 0.14374429223744292,
      "fcf_margin": 0.18118721461187215,
      "incr_op_margin_yoy": 0.25219298245614036,
      "rev_growth_yoy": 0.09085475194261805,
      "rev_growth_yoy_accel": 0.05702941368923552,
      "op_leverage_ratio": 0.4262906571056482,
      "fcf_margin_change": -0.0032268246504716935
    },
    {
      "date": "2024-03-31T00:00:00",
      "quarter_label": "2024-03 (Q1)",
      "revenue": 570900000,
      "gross_profit": 267500000,
      "operating_income": 96700000,
      "net_income": 72600000,
      "opex": 170800000,
      "cogs": 303400000,
      "rd": 18500000,
      "sga": 169600000,
      "fcf": 35500000,
      "ocf": 45600000,
      "capex": -10100000,
      "gross_margin": 0.4685584165352952,
      "op_margin": 0.16938167805219828,
      "fcf_margin": 0.062182518829917675,
      "incr_op_margin_yoy": 0.12096774193548387,
      "rev_growth_yoy": 0.21030315878736486,
      "rev_growth_yoy_accel": 0.11944840684474681,
      "op_leverage_ratio": null,
      "fcf_margin_change": -0.11900469578195447
    },
    {
      "date": "2024-06-30T00:00:00",
      "quarter_label": "2024-06 (Q2)",
      "revenue": 597300000,
      "gross_profit": 284800000,
      "operating_income": 111500000,
      "net_income": 82000000,
      "opex": 173300000,
      "cogs": 312500000,
      "rd": 17900000,
      "sga": 173100000,
      "fcf": 78500000,
      "ocf": 85300000,
      "capex": -6800000,
      "gross_margin": 0.4768123221161895,
      "op_margin": 0.1866733634689436,
      "fcf_margin": 0.1314247446844132,
      "incr_op_margin_yoy": 0.17209302325581396,
      "rev_growth_yoy": 0.12105855855855856,
      "rev_growth_yoy_accel": -0.0892446002288063,
      "op_leverage_ratio": 3.1593063583815026,
      "fcf_margin_change": 0.06924222585449552
    },
    {
      "date": "2024-09-29T00:00:00",
      "quarter_label": "2024-09 (Q3)",
      "revenue": 543600000,
      "gross_profit": 257100000,
      "operating_income": 93200000,
      "net_income": 69100000,
      "opex": 163900000,
      "cogs": 286500000,
      "rd": 17600000,
      "sga": 159000000,
      "fcf": 84300000,
      "ocf": 90700000,
      "capex": -6400000,
      "gross_margin": 0.47295805739514346,
      "op_margin": 0.1714495952906549,
      "fcf_margin": 0.15507726269315672,
      "incr_op_margin_yoy": 0.15521628498727735,
      "rev_growth_yoy": 0.07792980368828079,
      "rev_growth_yoy_accel": -0.04312875487027777,
      "fcf_margin_change": 0.023652518008743517
    },
    {
      "date": "2024-12-31T00:00:00",
      "quarter_label": "2024-12 (Q4)",
      "revenue": 540400000,
      "gross_profit": 252600000,
      "operating_income": 89000000,
      "net_income": 67600000,
      "opex": 163600000,
      "cogs": 287800000,
      "rd": 16400000,
      "sga": 162800000,
      "fcf": 127500000,
      "ocf": 139500000,
      "capex": -12000000,
      "gross_margin": 0.4674315321983716,
      "op_margin": 0.16469282013323464,
      "fcf_margin": 0.23593634344929681,
      "incr_op_margin_yoy": -1.4507042253521127,
      "rev_growth_yoy": -0.012968036529680366,
      "rev_growth_yoy_accel": -0.09089784021796116,
      "fcf_margin_change": 0.0808590807561401
    },
    {
      "date": "2025-03-30T00:00:00",
      "quarter_label": "2025-03 (Q1)",
      "revenue": 558000000,
      "gross_profit": 272500000,
      "operating_income": 87700000,
      "net_income": 74000000,
      "opex": 184800000,
      "cogs": 285500000,
      "rd": 16800000,
      "sga": 167500000,
      "fcf": 45600000,
      "ocf": 55200000,
      "capex": -9600000,
      "gross_margin": 0.4883512544802867,
      "op_margin": 0.157168458781362,
      "fcf_margin": 0.08172043010752689,
      "incr_op_margin_yoy": 0.6976744186046512,
      "rev_growth_yoy": -0.02259590120861797,
      "rev_growth_yoy_accel": -0.009627864678937606,
      "op_leverage_ratio": 0.25133025152577404,
      "fcf_margin_change": -0.15421591334176993
    },
    {
      "date": "2025-06-29T00:00:00",
      "quarter_label": "2025-06 (Q2)",
      "revenue": 643700000,
      "gross_profit": 325900000,
      "operating_income": 135300000,
      "net_income": 100900000,
      "opex": 190600000,
      "cogs": 317800000,
      "rd": 17400000,
      "sga": 187200000,
      "fcf": 59500000,
      "ocf": 69700000,
      "capex": -10200000,
      "gross_margin": 0.5062917508155973,
      "op_margin": 0.21019108280254778,
      "fcf_margin": 0.0924343638340842,
      "incr_op_margin_yoy": 0.5129310344827587,
      "rev_growth_yoy": 0.07768290641218818,
      "rev_growth_yoy_accel": 0.10027880762080615,
      "op_leverage_ratio": 4.893511308861698,
      "fcf_margin_change": 0.01071393372655731
    },
    {
      "date": "2025-09-28T00:00:00",
      "quarter_label": "2025-09 (Q3)",
      "revenue": 611700000,
      "gross_profit": 298400000,
      "operating_income": 111400000,
      "net_income": 82200000,
      "opex": 187000000,
      "cogs": 313300000,
      "rd": 18800000,
      "sga": 185100000,
      "fcf": 110900000,
      "ocf": 122400000,
      "capex": -11500000,
      "gross_margin": 0.4878208272028772,
      "op_margin": 0.18211541605362105,
      "fcf_margin": 0.18129802190616315,
      "incr_op_margin_yoy": 0.26725403817914833,
      "rev_growth_yoy": 0.12527593818984548,
      "rev_growth_yoy_accel": 0.047593031777657294,
      "fcf_margin_change": 0.08886365807207895
    },
    {
      "date": "2025-12-31T00:00:00",
      "quarter_label": "2025-12 (Q4)",
      "revenue": 625100000,
      "gross_profit": 309300000,
      "operating_income": 113700000,
      "net_income": 83700000,
      "opex": 195600000,
      "cogs": 315800000,
      "rd": 20600000,
      "sga": 194500000,
      "fcf": 140300000,
      "ocf": 154700000,
      "capex": -14400000,
      "gross_margin": 0.49480083186690127,
      "op_margin": 0.18189089745640696,
      "fcf_margin": 0.22444408894576867,
      "incr_op_margin_yoy": 0.29161747343565525,
      "rev_growth_yoy": 0.1567357512953368,
      "rev_growth_yoy_accel": 0.03145981310549131,
      "op_leverage_ratio": 0.4763316871395387,
      "fcf_margin_change": 0.043146067039605523
    }
  ],
  "signals": [
    {
      "quarter": "2025-12 (Q4)",
      "signal": "INCREMENTAL MARGIN (YoY)",
      "detail": "YoY Incr OPM: +29.2% vs year-ago OPM: +16.5%",
      "severity": "MEDIUM"
    },
    {
      "quarter": "2025-09 (Q3)",
      "signal": "FCF MARGIN EXPANSION",
      "detail": "FCF margin: +9.2% -> +18.1% (+8.9%)",
      "severity": "MEDIUM"
    },
    {
      "quarter": "2025-06 (Q2)",
      "signal": "OPERATING LEVERAGE",
      "detail": "Rev growth +15.4% vs OpEx growth +3.1% (leverage: 4.9x)",
      "severity": "MEDIUM"
    },
    {
      "quarter": "2025-06 (Q2)",
      "signal": "YoY REVENUE GROWTH ACCELERATION",
      "detail": "YoY growth: +7.8% vs prior quarter YoY: -2.3% (accel: +10.0%)",
      "severity": "MEDIUM"
    },
    {
      "quarter": "2025-06 (Q2)",
      "signal": "INCREMENTAL MARGIN (YoY)",
      "detail": "YoY Incr OPM: +51.3% vs year-ago OPM: +18.7%",
      "severity": "HIGH"
    },
    {
      "quarter": "2025-03 (Q1)",
      "signal": "GROSS MARGIN INFLECTION",
      "detail": "GM: +47.3% -> +46.7% -> +48.8% (reversal +2.1%)",
      "severity": "MEDIUM"
    },
    {
      "quarter": "2025-03 (Q1)",
      "signal": "INCREMENTAL MARGIN (YoY)",
      "detail": "YoY Incr OPM: +69.8% vs year-ago OPM: +16.9%",
      "severity": "HIGH"
    },
    {
      "quarter": "2024-12 (Q4)",
      "signal": "FCF MARGIN EXPANSION",
      "detail": "FCF margin: +15.5% -> +23.6% (+8.1%)",
      "severity": "MEDIUM"
    },
    {
      "quarter": "2024-12 (Q4)",
      "signal": "YoY REVENUE GROWTH DECELERATION",
      "detail": "YoY growth: -1.3% vs prior quarter YoY: +7.8% (decel: -9.1%)",
      "severity": "WARNING"
    },
    {
      "quarter": "2024-06 (Q2)",
      "signal": "FCF MARGIN EXPANSION",
      "detail": "FCF margin: +6.2% -> +13.1% (+6.9%)",
      "severity": "MEDIUM"
    },
    {
      "quarter": "2024-06 (Q2)",
      "signal": "OPERATING LEVERAGE",
      "detail": "Rev growth +4.6% vs OpEx growth +1.5% (leverage: 3.2x)",
      "severity": "MEDIUM"
    },
    {
      "quarter": "2024-06 (Q2)",
      "signal": "YoY REVENUE GROWTH DECELERATION",
      "detail": "YoY growth: +12.1% vs prior quarter YoY: +21.0% (decel: -8.9%)",
      "severity": "WARNING"
    },
    {
      "quarter": "2024-03 (Q1)",
      "signal": "YoY REVENUE GROWTH ACCELERATION",
      "detail": "YoY growth: +21.0% vs prior quarter YoY: +9.1% (accel: +11.9%)",
      "severity": "MEDIUM"
    },
    {
      "quarter": "2023-12 (Q4)",
      "signal": "YoY REVENUE GROWTH ACCELERATION",
      "detail": "YoY growth: +9.1% vs prior quarter YoY: +3.4% (accel: +5.7%)",
      "severity": "MEDIUM"
    },
    {
      "quarter": "2023-12 (Q4)",
      "signal": "INCREMENTAL MARGIN (YoY)",
      "detail": "YoY Incr OPM: +25.2% vs year-ago OPM: +13.4%",
      "severity": "MEDIUM"
    },
    {
      "quarter": "2023-09 (Q3)",
      "signal": "FCF MARGIN EXPANSION",
      "detail": "FCF margin: +11.4% -> +18.4% (+7.1%)",
      "severity": "MEDIUM"
    },
    {
      "quarter": "2023-09 (Q3)",
      "signal": "INCREMENTAL MARGIN (YoY)",
      "detail": "YoY Incr OPM: +40.6% vs year-ago OPM: +16.5%",
      "severity": "HIGH"
    },
    {
      "quarter": "2023-06 (Q2)",
      "signal": "FCF MARGIN EXPANSION",
      "detail": "FCF margin: +6.0% -> +11.4% (+5.4%)",
      "severity": "MEDIUM"
    },
    {
      "quarter": "2023-06 (Q2)",
      "signal": "INCREMENTAL MARGIN (YoY)",
      "detail": "YoY Incr OPM: +72.6% vs year-ago OPM: +18.2%",
      "severity": "HIGH"
    },
    {
      "quarter": "2023-03 (Q1)",
      "signal": "GROSS MARGIN INFLECTION",
      "detail": "GM: +44.7% -> +43.6% -> +46.2% (reversal +2.7%)",
      "severity": "MEDIUM"
    },
    {
      "quarter": "2023-03 (Q1)",
      "signal": "INCREMENTAL MARGIN (YoY)",
      "detail": "YoY Incr OPM: +155.3% vs year-ago OPM: +15.4%",
      "severity": "HIGH"
    },
    {
      "quarter": "2022-12 (Q4)",
      "signal": "FCF MARGIN EXPANSION",
      "detail": "FCF margin: +7.0% -> +25.9% (+18.8%)",
      "severity": "MEDIUM"
    },
    {
      "quarter": "2022-09 (Q3)",
      "signal": "YoY REVENUE GROWTH DECELERATION",
      "detail": "YoY growth: +7.2% vs prior quarter YoY: +12.8% (decel: -5.6%)",
      "severity": "WARNING"
    },
    {
      "quarter": "2022-09 (Q3)",
      "signal": "INCREMENTAL MARGIN (YoY)",
      "detail": "YoY Incr OPM: +47.9% vs year-ago OPM: +14.2%",
      "severity": "HIGH"
    },
    {
      "quarter": "2022-06 (Q2)",
      "signal": "FCF TURNED POSITIVE",
      "detail": "FCF margin: -1.6% -> +7.5%",
      "severity": "HIGH"
    },
    {
      "quarter": "2022-06 (Q2)",
      "signal": "INCREMENTAL MARGIN (YoY)",
      "detail": "YoY Incr OPM: +72.5% vs year-ago OPM: +11.3%",
      "severity": "HIGH"
    },
    {
      "quarter": "2021-09 (Q3)",
      "signal": "FCF MARGIN EXPANSION",
      "detail": "FCF margin: +6.6% -> +12.1% (+5.5%)",
      "severity": "MEDIUM"
    }
  ],
  "data_quality": {
    "n_quarters": 20,
    "coverage": {
      "revenue": [
        20,
        20
      ],
      "gross_profit": [
        20,
        20
      ],
      "op_income": [
        20,
        20
      ],
      "fcf": [
        20,
        20
      ]
    },
    "gaps": [],
    "warnings": []
  },
  "market_cap": null,
  "source": "SEC EDGAR",
  "last_updated": "2026-02-24T10:09:48.632696"
}