{
  "ticker": "WTTR",
  "name": "Select Water Solutions, Inc.",
  "sector": "Energy",
  "industry": "Oil & Gas Equipment & Services",
  "quarters": [
    {
      "date": "2021-03-31T00:00:00",
      "quarter_label": "2021-03 (Q1)",
      "revenue": 143742000,
      "gross_profit": -4397000,
      "operating_income": -25044000,
      "net_income": -23107000,
      "opex": 20647000,
      "cogs": 148139000,
      "rd": null,
      "sga": 19894000,
      "fcf": -8407000,
      "ocf": -3873000,
      "capex": -4534000,
      "gross_margin": -0.030589528460714336,
      "op_margin": -0.17422882664774386,
      "fcf_margin": -0.05848673317471581
    },
    {
      "date": "2021-06-30T00:00:00",
      "quarter_label": "2021-06 (Q2)",
      "revenue": 161117000,
      "gross_profit": -1637000,
      "operating_income": -18373000,
      "net_income": -16567000,
      "opex": 16736000,
      "cogs": 162754000,
      "rd": null,
      "sga": 15890000,
      "fcf": -16483000,
      "ocf": -7566000,
      "capex": -8917000,
      "gross_margin": -0.010160318278021562,
      "op_margin": -0.11403514216376918,
      "fcf_margin": -0.1023045364548744,
      "op_leverage_ratio": null,
      "fcf_margin_change": -0.04381780328015859
    },
    {
      "date": "2021-09-30T00:00:00",
      "quarter_label": "2021-09 (Q3)",
      "revenue": 204633000,
      "gross_profit": 8985000,
      "operating_income": -13775000,
      "net_income": -12044000,
      "opex": 22760000,
      "cogs": 195648000,
      "rd": null,
      "sga": 22044000,
      "fcf": -18931000,
      "ocf": -2457000,
      "capex": -16474000,
      "gross_margin": 0.04390787409655334,
      "op_margin": -0.06731563335336921,
      "fcf_margin": -0.09251196043648874,
      "op_leverage_ratio": 0.7503680006992353,
      "fcf_margin_change": 0.009792576018385665
    },
    {
      "date": "2021-12-31T00:00:00",
      "quarter_label": "2021-12 (Q4)",
      "revenue": 255128000,
      "gross_profit": 17909000,
      "operating_income": -8348000,
      "net_income": 9493000,
      "opex": 26257000,
      "cogs": 237219000,
      "rd": null,
      "sga": 25248000,
      "fcf": -12421000,
      "ocf": -2352000,
      "capex": -10069000,
      "gross_margin": 0.07019613684111504,
      "op_margin": -0.03272083032830579,
      "fcf_margin": -0.04868536577717852,
      "op_leverage_ratio": 1.6060140144935198,
      "fcf_margin_change": 0.04382659465931022
    },
    {
      "date": "2022-03-31T00:00:00",
      "quarter_label": "2022-03 (Q1)",
      "revenue": 294769000,
      "gross_profit": 24682000,
      "operating_income": -4291000,
      "net_income": 6802000,
      "opex": 28973000,
      "cogs": 270087000,
      "rd": null,
      "sga": 28315000,
      "fcf": -34013000,
      "ocf": -18550000,
      "capex": -15463000,
      "gross_margin": 0.08373336409188212,
      "op_margin": -0.014557161709677748,
      "fcf_margin": -0.1153886602729595,
      "incr_op_margin_yoy": 0.1374125156428983,
      "rev_growth_yoy": 1.0506810813819203,
      "op_leverage_ratio": 1.5021102708258511,
      "fcf_margin_change": -0.066703294495781
    },
    {
      "date": "2022-06-30T00:00:00",
      "quarter_label": "2022-06 (Q2)",
      "revenue": 335903000,
      "gross_profit": 35662000,
      "operating_income": 8279000,
      "net_income": 12503000,
      "opex": 27383000,
      "cogs": 300241000,
      "rd": null,
      "sga": 26695000,
      "fcf": -4431000,
      "ocf": 11082000,
      "capex": -15513000,
      "gross_margin": 0.10616755432371845,
      "op_margin": 0.024646996305481048,
      "fcf_margin": -0.01319130820504729,
      "incr_op_margin_yoy": 0.15248360852699874,
      "rev_growth_yoy": 1.0848389679549644,
      "rev_growth_yoy_accel": 0.03415788657304408,
      "op_leverage_ratio": null,
      "fcf_margin_change": 0.10219735206791222
    },
    {
      "date": "2022-09-30T00:00:00",
      "quarter_label": "2022-09 (Q3)",
      "revenue": 375072000,
      "gross_profit": 58840000,
      "operating_income": 28432000,
      "net_income": 21324000,
      "opex": 30408000,
      "cogs": 316232000,
      "rd": null,
      "sga": 29782000,
      "fcf": -14478000,
      "ocf": 5361000,
      "capex": -19839000,
      "gross_margin": 0.15687654636976367,
      "op_margin": 0.07580411227710947,
      "fcf_margin": -0.0386005886869721,
      "incr_op_margin_yoy": 0.24763698449298577,
      "rev_growth_yoy": 0.8329008517687763,
      "rev_growth_yoy_accel": -0.2519381161861881,
      "op_leverage_ratio": 1.0555632188483772,
      "fcf_margin_change": -0.025409280481924812
    },
    {
      "date": "2022-12-31T00:00:00",
      "quarter_label": "2022-12 (Q4)",
      "revenue": 381676000,
      "gross_profit": 41571000,
      "operating_income": 6742000,
      "net_income": 7649000,
      "opex": 34829000,
      "cogs": 340105000,
      "rd": null,
      "sga": 34143000,
      "fcf": 14269000,
      "ocf": 35338000,
      "capex": -21069000,
      "gross_margin": 0.10891698718284619,
      "op_margin": 0.0176641968580681,
      "fcf_margin": 0.03738511197979438,
      "incr_op_margin_yoy": 0.11924329108322533,
      "rev_growth_yoy": 0.49601768524034995,
      "rev_growth_yoy_accel": -0.3368831665284263,
      "op_leverage_ratio": 0.12110435529244253,
      "fcf_margin_change": 0.07598570066676649
    },
    {
      "date": "2023-03-31T00:00:00",
      "quarter_label": "2023-03 (Q1)",
      "revenue": 416592000,
      "gross_profit": 59665000,
      "operating_income": 11999000,
      "net_income": 12347000,
      "opex": 47666000,
      "cogs": 356927000,
      "rd": null,
      "sga": 35829000,
      "fcf": -45901000,
      "ocf": -18016000,
      "capex": -27885000,
      "gross_margin": 0.14322166532242578,
      "op_margin": 0.02880276145485271,
      "fcf_margin": -0.11018214464031954,
      "incr_op_margin_yoy": 0.13371859172734213,
      "rev_growth_yoy": 0.4132829435931187,
      "rev_growth_yoy_accel": -0.08273474164723127,
      "op_leverage_ratio": 0.2482030401947458,
      "fcf_margin_change": -0.14756725662011394
    },
    {
      "date": "2023-06-30T00:00:00",
      "quarter_label": "2023-06 (Q2)",
      "revenue": 404628000,
      "gross_profit": 61174000,
      "operating_income": 25735000,
      "net_income": 20115000,
      "opex": 35439000,
      "cogs": 343454000,
      "rd": null,
      "sga": 34335000,
      "fcf": 62615000,
      "ocf": 101965000,
      "capex": -39350000,
      "gross_margin": 0.15118578051939066,
      "op_margin": 0.0636016291507261,
      "fcf_margin": 0.1547470763268978,
      "incr_op_margin_yoy": 0.25399781738814114,
      "rev_growth_yoy": 0.2045977558997687,
      "rev_growth_yoy_accel": -0.20868518769334998,
      "fcf_margin_change": 0.2649292209672173
    },
    {
      "date": "2023-09-30T00:00:00",
      "quarter_label": "2023-09 (Q3)",
      "revenue": 389273000,
      "gross_profit": 56265000,
      "operating_income": 16750000,
      "net_income": 14346000,
      "opex": 39515000,
      "cogs": 333008000,
      "rd": null,
      "sga": 38983000,
      "fcf": 83047000,
      "ocf": 118213000,
      "capex": -35166000,
      "gross_margin": 0.1445386656665117,
      "op_margin": 0.04302892828426323,
      "fcf_margin": 0.21333871087899753,
      "incr_op_margin_yoy": -0.8226181254841208,
      "rev_growth_yoy": 0.03786206381708045,
      "rev_growth_yoy_accel": -0.16673569208268824,
      "fcf_margin_change": 0.05859163455209973
    },
    {
      "date": "2023-12-31T00:00:00",
      "quarter_label": "2023-12 (Q4)",
      "revenue": 374860000,
      "gross_profit": 54558000,
      "operating_income": 6705000,
      "net_income": 27595000,
      "opex": 47853000,
      "cogs": 320302000,
      "rd": null,
      "sga": 46401000,
      "fcf": 49728000,
      "ocf": 83193000,
      "capex": -33465000,
      "gross_margin": 0.14554233580536732,
      "op_margin": 0.01788667769300539,
      "fcf_margin": 0.13265752547617776,
      "incr_op_margin_yoy": 0.005428403755868545,
      "rev_growth_yoy": -0.01785807857973779,
      "rev_growth_yoy_accel": -0.055720142396818245,
      "fcf_margin_change": -0.08068118540281977
    },
    {
      "date": "2024-03-31T00:00:00",
      "quarter_label": "2024-03 (Q1)",
      "revenue": 366548000,
      "gross_profit": 52677000,
      "operating_income": 7005000,
      "net_income": 3625000,
      "opex": 45672000,
      "cogs": 313871000,
      "rd": null,
      "sga": 43980000,
      "fcf": -1634000,
      "ocf": 32129000,
      "capex": -33763000,
      "gross_margin": 0.14371105557798705,
      "op_margin": 0.019110730381832666,
      "fcf_margin": -0.004457806344598797,
      "incr_op_margin_yoy": 0.09979218287906642,
      "rev_growth_yoy": -0.12012712678111917,
      "rev_growth_yoy_accel": -0.10226904820138139,
      "fcf_margin_change": -0.13711533182077656
    },
    {
      "date": "2024-06-30T00:00:00",
      "quarter_label": "2024-06 (Q2)",
      "revenue": 365131000,
      "gross_profit": 60156000,
      "operating_income": 20364000,
      "net_income": 12868000,
      "opex": 39792000,
      "cogs": 304975000,
      "rd": null,
      "sga": 38981000,
      "fcf": 34001000,
      "ocf": 83114000,
      "capex": -49113000,
      "gross_margin": 0.1647518287956925,
      "op_margin": 0.055771764106580926,
      "fcf_margin": 0.09312000350559115,
      "incr_op_margin_yoy": 0.13598501151986228,
      "rev_growth_yoy": -0.09761311624504483,
      "rev_growth_yoy_accel": 0.02251401053607434,
      "fcf_margin_change": 0.09757780985018995
    },
    {
      "date": "2024-09-30T00:00:00",
      "quarter_label": "2024-09 (Q3)",
      "revenue": 371349000,
      "gross_profit": 62449000,
      "operating_income": 24515000,
      "net_income": 15791000,
      "opex": 37934000,
      "cogs": 308900000,
      "rd": null,
      "sga": 37268000,
      "fcf": 16672000,
      "ocf": 51876000,
      "capex": -35204000,
      "gross_margin": 0.1681679498261743,
      "op_margin": 0.06601606574947018,
      "fcf_margin": 0.0448957719019036,
      "incr_op_margin_yoy": -0.4332180316893551,
      "rev_growth_yoy": -0.04604480660102293,
      "rev_growth_yoy_accel": 0.0515683096440219,
      "op_leverage_ratio": null,
      "fcf_margin_change": -0.048224231603687544
    },
    {
      "date": "2024-12-31T00:00:00",
      "quarter_label": "2024-12 (Q4)",
      "revenue": 349047000,
      "gross_profit": 44184000,
      "operating_income": 2605000,
      "net_income": -1640000,
      "opex": 41579000,
      "cogs": 304863000,
      "rd": null,
      "sga": 39749000,
      "fcf": 12694000,
      "ocf": 67767000,
      "capex": -55073000,
      "gross_margin": 0.12658467197827228,
      "op_margin": 0.007463178311230292,
      "fcf_margin": 0.03636759519491645,
      "incr_op_margin_yoy": 0.15883469569596714,
      "rev_growth_yoy": -0.0688603745398282,
      "rev_growth_yoy_accel": -0.022815567938805265,
      "fcf_margin_change": -0.008528176706987155
    },
    {
      "date": "2025-03-31T00:00:00",
      "quarter_label": "2025-03 (Q1)",
      "revenue": 374384000,
      "gross_profit": 55770000,
      "operating_income": 15541000,
      "net_income": 8239000,
      "opex": 40229000,
      "cogs": 318614000,
      "rd": null,
      "sga": 37432000,
      "fcf": -53488000,
      "ocf": -5061000,
      "capex": -48427000,
      "gross_margin": 0.1489646993461259,
      "op_margin": 0.04151085516475063,
      "fcf_margin": -0.14286935339117057,
      "incr_op_margin_yoy": 1.0893312914752424,
      "rev_growth_yoy": 0.021377827733339152,
      "rev_growth_yoy_accel": 0.09023820227316735,
      "op_leverage_ratio": null,
      "fcf_margin_change": -0.17923694858608702
    },
    {
      "date": "2025-06-30T00:00:00",
      "quarter_label": "2025-06 (Q2)",
      "revenue": 364215000,
      "gross_profit": 57753000,
      "operating_income": 15425000,
      "net_income": 10647000,
      "opex": 42328000,
      "cogs": 306462000,
      "rd": null,
      "sga": 38935000,
      "fcf": 3180000,
      "ocf": 82586000,
      "capex": -79406000,
      "gross_margin": 0.15856842798896256,
      "op_margin": 0.0423513584009445,
      "fcf_margin": 0.008731106626580453,
      "rev_growth_yoy": -0.0025086886624252664,
      "rev_growth_yoy_accel": -0.023886516395764418,
      "fcf_margin_change": 0.15160046001775102
    },
    {
      "date": "2025-09-30T00:00:00",
      "quarter_label": "2025-09 (Q3)",
      "revenue": 322243000,
      "gross_profit": 43554000,
      "operating_income": -1772000,
      "net_income": 2683000,
      "opex": 45326000,
      "cogs": 278689000,
      "rd": null,
      "sga": 41674000,
      "fcf": -23534000,
      "ocf": 71696000,
      "capex": -95230000,
      "gross_margin": 0.13515887079005595,
      "op_margin": -0.005498955756990842,
      "fcf_margin": -0.07303184242947093,
      "incr_op_margin_yoy": 0.535311367246365,
      "rev_growth_yoy": -0.13223679072785977,
      "rev_growth_yoy_accel": -0.1297281020654345,
      "fcf_margin_change": -0.08176294905605139
    },
    {
      "date": "2025-12-31T00:00:00",
      "quarter_label": "2025-12 (Q4)",
      "revenue": 346502000,
      "gross_profit": 45321000,
      "operating_income": -388000,
      "net_income": -346000,
      "opex": 45709000,
      "cogs": 301181000,
      "rd": null,
      "sga": 43275000,
      "fcf": -6047000,
      "ocf": 65452000,
      "capex": -71499000,
      "gross_margin": 0.13079578184252905,
      "op_margin": -0.0011197626564926032,
      "fcf_margin": -0.017451558721161782,
      "incr_op_margin_yoy": 1.1760314341846758,
      "rev_growth_yoy": -0.007291281689858386,
      "rev_growth_yoy_accel": 0.12494550903800138,
      "op_leverage_ratio": 8.90918593787156,
      "fcf_margin_change": 0.05558028370830915
    }
  ],
  "signals": [
    {
      "quarter": "2025-12 (Q4)",
      "signal": "FCF MARGIN EXPANSION",
      "detail": "FCF margin: -7.3% -> -1.7% (+5.6%)",
      "severity": "MEDIUM"
    },
    {
      "quarter": "2025-12 (Q4)",
      "signal": "OPERATING LEVERAGE",
      "detail": "Rev growth +7.5% vs OpEx growth +0.8% (leverage: 8.9x)",
      "severity": "MEDIUM"
    },
    {
      "quarter": "2025-12 (Q4)",
      "signal": "YoY REVENUE GROWTH ACCELERATION",
      "detail": "YoY growth: -0.7% vs prior quarter YoY: -13.2% (accel: +12.5%)",
      "severity": "MEDIUM"
    },
    {
      "quarter": "2025-09 (Q3)",
      "signal": "YoY REVENUE GROWTH DECELERATION",
      "detail": "YoY growth: -13.2% vs prior quarter YoY: -0.3% (decel: -13.0%)",
      "severity": "WARNING"
    },
    {
      "quarter": "2025-06 (Q2)",
      "signal": "FCF TURNED POSITIVE",
      "detail": "FCF margin: -14.3% -> +0.9%",
      "severity": "HIGH"
    },
    {
      "quarter": "2025-03 (Q1)",
      "signal": "GROSS MARGIN INFLECTION",
      "detail": "GM: +16.8% -> +12.7% -> +14.9% (reversal +2.2%)",
      "severity": "MEDIUM"
    },
    {
      "quarter": "2025-03 (Q1)",
      "signal": "YoY REVENUE GROWTH ACCELERATION",
      "detail": "YoY growth: +2.1% vs prior quarter YoY: -6.9% (accel: +9.0%)",
      "severity": "MEDIUM"
    },
    {
      "quarter": "2025-03 (Q1)",
      "signal": "INCREMENTAL MARGIN (YoY)",
      "detail": "YoY Incr OPM: +108.9% vs year-ago OPM: +1.9%",
      "severity": "HIGH"
    },
    {
      "quarter": "2024-12 (Q4)",
      "signal": "INCREMENTAL MARGIN (YoY)",
      "detail": "YoY Incr OPM: +15.9% vs year-ago OPM: +1.8%",
      "severity": "MEDIUM"
    },
    {
      "quarter": "2024-09 (Q3)",
      "signal": "YoY REVENUE GROWTH ACCELERATION",
      "detail": "YoY growth: -4.6% vs prior quarter YoY: -9.8% (accel: +5.2%)",
      "severity": "MEDIUM"
    },
    {
      "quarter": "2024-06 (Q2)",
      "signal": "FCF TURNED POSITIVE",
      "detail": "FCF margin: -0.4% -> +9.3%",
      "severity": "HIGH"
    },
    {
      "quarter": "2024-06 (Q2)",
      "signal": "GROSS MARGIN INFLECTION",
      "detail": "GM: +14.6% -> +14.4% -> +16.5% (reversal +2.1%)",
      "severity": "MEDIUM"
    },
    {
      "quarter": "2024-03 (Q1)",
      "signal": "YoY REVENUE GROWTH DECELERATION",
      "detail": "YoY growth: -12.0% vs prior quarter YoY: -1.8% (decel: -10.2%)",
      "severity": "WARNING"
    },
    {
      "quarter": "2023-12 (Q4)",
      "signal": "YoY REVENUE GROWTH DECELERATION",
      "detail": "YoY growth: -1.8% vs prior quarter YoY: +3.8% (decel: -5.6%)",
      "severity": "WARNING"
    },
    {
      "quarter": "2023-09 (Q3)",
      "signal": "FCF MARGIN EXPANSION",
      "detail": "FCF margin: +15.5% -> +21.3% (+5.9%)",
      "severity": "MEDIUM"
    },
    {
      "quarter": "2023-09 (Q3)",
      "signal": "YoY REVENUE GROWTH DECELERATION",
      "detail": "YoY growth: +3.8% vs prior quarter YoY: +20.5% (decel: -16.7%)",
      "severity": "WARNING"
    },
    {
      "quarter": "2023-06 (Q2)",
      "signal": "FCF TURNED POSITIVE",
      "detail": "FCF margin: -11.0% -> +15.5%",
      "severity": "HIGH"
    },
    {
      "quarter": "2023-06 (Q2)",
      "signal": "YoY REVENUE GROWTH DECELERATION",
      "detail": "YoY growth: +20.5% vs prior quarter YoY: +41.3% (decel: -20.9%)",
      "severity": "WARNING"
    },
    {
      "quarter": "2023-06 (Q2)",
      "signal": "INCREMENTAL MARGIN (YoY)",
      "detail": "YoY Incr OPM: +25.4% vs year-ago OPM: +2.5%",
      "severity": "HIGH"
    },
    {
      "quarter": "2023-03 (Q1)",
      "signal": "GROSS MARGIN INFLECTION",
      "detail": "GM: +15.7% -> +10.9% -> +14.3% (reversal +3.4%)",
      "severity": "MEDIUM"
    },
    {
      "quarter": "2023-03 (Q1)",
      "signal": "YoY REVENUE GROWTH DECELERATION",
      "detail": "YoY growth: +41.3% vs prior quarter YoY: +49.6% (decel: -8.3%)",
      "severity": "WARNING"
    },
    {
      "quarter": "2023-03 (Q1)",
      "signal": "OP MARGIN TURNED POSITIVE (YoY)",
      "detail": "Op margin: -1.5% (year-ago) -> +2.9%",
      "severity": "HIGH"
    },
    {
      "quarter": "2022-12 (Q4)",
      "signal": "FCF TURNED POSITIVE",
      "detail": "FCF margin: -3.9% -> +3.7%",
      "severity": "HIGH"
    },
    {
      "quarter": "2022-12 (Q4)",
      "signal": "YoY REVENUE GROWTH DECELERATION",
      "detail": "YoY growth: +49.6% vs prior quarter YoY: +83.3% (decel: -33.7%)",
      "severity": "WARNING"
    },
    {
      "quarter": "2022-12 (Q4)",
      "signal": "OP MARGIN TURNED POSITIVE (YoY)",
      "detail": "Op margin: -3.3% (year-ago) -> +1.8%",
      "severity": "HIGH"
    },
    {
      "quarter": "2022-09 (Q3)",
      "signal": "YoY REVENUE GROWTH DECELERATION",
      "detail": "YoY growth: +83.3% vs prior quarter YoY: +108.5% (decel: -25.2%)",
      "severity": "WARNING"
    },
    {
      "quarter": "2022-09 (Q3)",
      "signal": "OP MARGIN TURNED POSITIVE (YoY)",
      "detail": "Op margin: -6.7% (year-ago) -> +7.6%",
      "severity": "HIGH"
    },
    {
      "quarter": "2022-06 (Q2)",
      "signal": "FCF MARGIN EXPANSION",
      "detail": "FCF margin: -11.5% -> -1.3% (+10.2%)",
      "severity": "MEDIUM"
    },
    {
      "quarter": "2022-06 (Q2)",
      "signal": "OP MARGIN TURNED POSITIVE (YoY)",
      "detail": "Op margin: -11.4% (year-ago) -> +2.5%",
      "severity": "HIGH"
    },
    {
      "quarter": "2022-06 (Q2)",
      "signal": "OP MARGIN TURNED POSITIVE (QoQ)",
      "detail": "Op margin: -1.5% -> +2.5%",
      "severity": "HIGH"
    },
    {
      "quarter": "2022-03 (Q1)",
      "signal": "OPERATING LEVERAGE",
      "detail": "Rev growth +15.5% vs OpEx growth +10.3% (leverage: 1.5x)",
      "severity": "MEDIUM"
    },
    {
      "quarter": "2021-12 (Q4)",
      "signal": "OPERATING LEVERAGE",
      "detail": "Rev growth +24.7% vs OpEx growth +15.4% (leverage: 1.6x)",
      "severity": "MEDIUM"
    }
  ],
  "data_quality": {
    "n_quarters": 20,
    "coverage": {
      "revenue": [
        20,
        20
      ],
      "gross_profit": [
        20,
        20
      ],
      "op_income": [
        20,
        20
      ],
      "fcf": [
        20,
        20
      ]
    },
    "gaps": [],
    "warnings": []
  },
  "market_cap": null,
  "source": "SEC EDGAR",
  "last_updated": "2026-02-24T10:27:45.011900"
}