{
  "ticker": "WU",
  "name": "THE WESTERN UNION COMPANY",
  "quarters": [
    {
      "date": "2020-12-31T00:00:00",
      "quarter_label": "2020-12 (Q4)",
      "revenue": 1271800000,
      "gross_profit": 512600000,
      "operating_income": 227100000,
      "net_income": 177100000,
      "opex": 1044700000,
      "cogs": 759200000,
      "rd": null,
      "sga": 285500000,
      "fcf": 279900000,
      "ocf": 291900000,
      "capex": -12000000,
      "gross_margin": 0.4030507941500236,
      "op_margin": 0.17856581223462809,
      "fcf_margin": 0.22008177386381506
    },
    {
      "date": "2021-03-31T00:00:00",
      "quarter_label": "2021-03 (Q1)",
      "revenue": 1210000000,
      "gross_profit": 504000000,
      "operating_income": 232800000,
      "net_income": 181800000,
      "opex": 977200000,
      "cogs": 706000000,
      "rd": null,
      "sga": 271200000,
      "fcf": 167100000,
      "ocf": 175800000,
      "capex": -8700000,
      "gross_margin": 0.41652892561983473,
      "op_margin": 0.19239669421487604,
      "fcf_margin": 0.138099173553719,
      "fcf_margin_change": -0.08198260031009605
    },
    {
      "date": "2021-06-30T00:00:00",
      "quarter_label": "2021-06 (Q2)",
      "revenue": 1289700000,
      "gross_profit": 534700000,
      "operating_income": 254900000,
      "net_income": 222500000,
      "opex": 1034800000,
      "cogs": 755000000,
      "rd": null,
      "sga": 279800000,
      "fcf": 164500000,
      "ocf": 173700000,
      "capex": -9200000,
      "gross_margin": 0.41459254090098474,
      "op_margin": 0.1976428626812437,
      "fcf_margin": 0.12754904241296425,
      "op_leverage_ratio": 1.1174649908172636,
      "fcf_margin_change": -0.01055013114075476
    },
    {
      "date": "2021-09-30T00:00:00",
      "quarter_label": "2021-09 (Q3)",
      "revenue": 1286300000,
      "gross_profit": 566200000,
      "operating_income": 318600000,
      "net_income": 232700000,
      "opex": 967700000,
      "cogs": 720100000,
      "rd": null,
      "sga": 247600000,
      "fcf": 328000000,
      "ocf": 336500000,
      "capex": -8500000,
      "gross_margin": 0.4401772525849335,
      "op_margin": 0.24768716473606467,
      "fcf_margin": 0.25499494674648215,
      "fcf_margin_change": 0.1274459043335179
    },
    {
      "date": "2021-12-31T00:00:00",
      "quarter_label": "2021-12 (Q4)",
      "revenue": 1284800000,
      "gross_profit": 569500000,
      "operating_income": 316800000,
      "net_income": 168800000,
      "opex": 968000000,
      "cogs": 715300000,
      "rd": null,
      "sga": 252700000,
      "fcf": 348000000,
      "ocf": 359300000,
      "capex": -11300000,
      "gross_margin": 0.44325965130759654,
      "op_margin": 0.2465753424657534,
      "fcf_margin": 0.27085927770859275,
      "incr_op_margin_yoy": 6.9,
      "rev_growth_yoy": 0.010221732976883158,
      "fcf_margin_change": 0.015864330962110595
    },
    {
      "date": "2022-03-31T00:00:00",
      "quarter_label": "2022-03 (Q1)",
      "revenue": 1155700000,
      "gross_profit": 500600000,
      "operating_income": 237500000,
      "net_income": 293300000,
      "opex": 918200000,
      "cogs": 655100000,
      "rd": null,
      "sga": 263100000,
      "fcf": 189700000,
      "ocf": 200000000,
      "capex": -10300000,
      "gross_margin": 0.43315739378731505,
      "op_margin": 0.20550315825906376,
      "fcf_margin": 0.16414294367050272,
      "incr_op_margin_yoy": -0.0865561694290976,
      "rev_growth_yoy": -0.04487603305785124,
      "rev_growth_yoy_accel": -0.0550977660347344,
      "fcf_margin_change": -0.10671633403809003
    },
    {
      "date": "2022-06-30T00:00:00",
      "quarter_label": "2022-06 (Q2)",
      "revenue": 1138300000,
      "gross_profit": 485300000,
      "operating_income": 264000000,
      "net_income": 194000000,
      "opex": 874300000,
      "cogs": 653000000,
      "rd": null,
      "sga": 221300000,
      "fcf": 101800000,
      "ocf": 106800000,
      "capex": -5000000,
      "gross_margin": 0.426337520864447,
      "op_margin": 0.2319248001405605,
      "fcf_margin": 0.08943160853904945,
      "incr_op_margin_yoy": -0.06010568031704095,
      "rev_growth_yoy": -0.11739164146700783,
      "rev_growth_yoy_accel": -0.07251560840915658,
      "fcf_margin_change": -0.07471133513145327
    },
    {
      "date": "2022-09-30T00:00:00",
      "quarter_label": "2022-09 (Q3)",
      "revenue": 1089600000,
      "gross_profit": 452300000,
      "operating_income": 231800000,
      "net_income": 173900000,
      "opex": 857800000,
      "cogs": 637300000,
      "rd": null,
      "sga": 220500000,
      "fcf": 209800000,
      "ocf": 215600000,
      "capex": -5800000,
      "gross_margin": 0.4151064610866373,
      "op_margin": 0.21273861967694566,
      "fcf_margin": 0.19254772393538913,
      "incr_op_margin_yoy": 0.4412811387900356,
      "rev_growth_yoy": -0.15291922568607635,
      "rev_growth_yoy_accel": -0.03552758421906853,
      "fcf_margin_change": 0.10311611539633968
    },
    {
      "date": "2022-12-31T00:00:00",
      "quarter_label": "2022-12 (Q4)",
      "revenue": 1091900000,
      "gross_profit": 410900000,
      "operating_income": 151600000,
      "net_income": 249400000,
      "opex": 940300000,
      "cogs": 681000000,
      "rd": null,
      "sga": 259300000,
      "fcf": 48400000,
      "ocf": 59200000,
      "capex": -10800000,
      "gross_margin": 0.3763165125011448,
      "op_margin": 0.13884055316420918,
      "fcf_margin": 0.04432640351680557,
      "incr_op_margin_yoy": 0.8564022809745983,
      "rev_growth_yoy": -0.15014009962640099,
      "rev_growth_yoy_accel": 0.0027791260596753686,
      "fcf_margin_change": -0.14822132041858355
    },
    {
      "date": "2023-03-31T00:00:00",
      "quarter_label": "2023-03 (Q1)",
      "revenue": 1036900000,
      "gross_profit": 407400000,
      "operating_income": 204700000,
      "net_income": 151800000,
      "opex": 832200000,
      "cogs": 629500000,
      "rd": null,
      "sga": 202700000,
      "fcf": 130500000,
      "ocf": 137300000,
      "capex": -6800000,
      "gross_margin": 0.39290191918217765,
      "op_margin": 0.19741537274568424,
      "fcf_margin": 0.12585591667470344,
      "incr_op_margin_yoy": 0.2760942760942761,
      "rev_growth_yoy": -0.10279484295232327,
      "rev_growth_yoy_accel": 0.04734525667407771,
      "fcf_margin_change": 0.08152951315789787
    },
    {
      "date": "2023-06-30T00:00:00",
      "quarter_label": "2023-06 (Q2)",
      "revenue": 1170000000,
      "gross_profit": 471100000,
      "operating_income": 242600000,
      "net_income": 176200000,
      "opex": 927400000,
      "cogs": 698900000,
      "rd": null,
      "sga": 228500000,
      "fcf": 122300000,
      "ocf": 126700000,
      "capex": -4400000,
      "gross_margin": 0.40264957264957263,
      "op_margin": 0.20735042735042736,
      "fcf_margin": 0.10452991452991453,
      "incr_op_margin_yoy": -0.6750788643533123,
      "rev_growth_yoy": 0.02784854607748397,
      "rev_growth_yoy_accel": 0.13064338902980724,
      "op_leverage_ratio": 1.1221009862137545,
      "fcf_margin_change": -0.021326002144788914
    },
    {
      "date": "2023-09-30T00:00:00",
      "quarter_label": "2023-09 (Q3)",
      "revenue": 1097800000,
      "gross_profit": 410600000,
      "operating_income": 210900000,
      "net_income": 171000000,
      "opex": 886900000,
      "cogs": 687200000,
      "rd": null,
      "sga": 199700000,
      "fcf": 249600000,
      "ocf": 254600000,
      "capex": -5000000,
      "gross_margin": 0.37402076881034796,
      "op_margin": 0.19211149571871014,
      "fcf_margin": 0.2273638185461833,
      "incr_op_margin_yoy": -2.548780487804878,
      "rev_growth_yoy": 0.007525697503671072,
      "rev_growth_yoy_accel": -0.020322848573812897,
      "fcf_margin_change": 0.12283390401626876
    },
    {
      "date": "2023-12-31T00:00:00",
      "quarter_label": "2023-12 (Q4)",
      "revenue": 1052300000,
      "gross_profit": 396200000,
      "operating_income": 159300000,
      "net_income": 127000000,
      "opex": 893000000,
      "cogs": 656100000,
      "rd": null,
      "sga": 236900000,
      "fcf": 257800000,
      "ocf": 264500000,
      "capex": -6700000,
      "gross_margin": 0.37650860020906585,
      "op_margin": 0.15138268554594697,
      "fcf_margin": 0.24498717095885203,
      "incr_op_margin_yoy": -0.19444444444444445,
      "rev_growth_yoy": -0.03626705742284092,
      "rev_growth_yoy_accel": -0.043792754926511995,
      "fcf_margin_change": 0.01762335241266874
    },
    {
      "date": "2024-03-31T00:00:00",
      "quarter_label": "2024-03 (Q1)",
      "revenue": 1049100000,
      "gross_profit": 407800000,
      "operating_income": 192100000,
      "net_income": 142700000,
      "opex": 857000000,
      "cogs": 641300000,
      "rd": null,
      "sga": 215700000,
      "fcf": 83000000,
      "ocf": 94000000,
      "capex": -11000000,
      "gross_margin": 0.3887141359260318,
      "op_margin": 0.18310933180821656,
      "fcf_margin": 0.07911543227528357,
      "incr_op_margin_yoy": -1.0327868852459017,
      "rev_growth_yoy": 0.01176584048606423,
      "rev_growth_yoy_accel": 0.04803289790890515,
      "fcf_margin_change": -0.16587173868356847
    },
    {
      "date": "2024-06-30T00:00:00",
      "quarter_label": "2024-06 (Q2)",
      "revenue": 1066400000,
      "gross_profit": 402500000,
      "operating_income": 190700000,
      "net_income": 141000000,
      "opex": 875700000,
      "cogs": 663900000,
      "rd": null,
      "sga": 211800000,
      "fcf": -38900000,
      "ocf": -33800000,
      "capex": -5100000,
      "gross_margin": 0.3774381095273818,
      "op_margin": 0.17882595648912228,
      "fcf_margin": -0.03647786946736684,
      "incr_op_margin_yoy": 0.500965250965251,
      "rev_growth_yoy": -0.08854700854700855,
      "rev_growth_yoy_accel": -0.10031284903307278,
      "op_leverage_ratio": 0.7557330780597783,
      "fcf_margin_change": -0.11559330174265042
    },
    {
      "date": "2024-09-30T00:00:00",
      "quarter_label": "2024-09 (Q3)",
      "revenue": 1036000000,
      "gross_profit": 382400000,
      "operating_income": 164900000,
      "net_income": 264800000,
      "opex": 871100000,
      "cogs": 653600000,
      "rd": null,
      "sga": 217500000,
      "fcf": 205100000,
      "ocf": 212100000,
      "capex": -7000000,
      "gross_margin": 0.3691119691119691,
      "op_margin": 0.15916988416988417,
      "fcf_margin": 0.19797297297297298,
      "incr_op_margin_yoy": 0.7443365695792881,
      "rev_growth_yoy": -0.0562944069958098,
      "rev_growth_yoy_accel": 0.032252601551198745,
      "fcf_margin_change": 0.2344508424403398
    },
    {
      "date": "2024-12-31T00:00:00",
      "quarter_label": "2024-12 (Q4)",
      "revenue": 1058200000,
      "gross_profit": 396500000,
      "operating_income": 178100000,
      "net_income": 385700000,
      "opex": 880100000,
      "cogs": 661700000,
      "rd": null,
      "sga": 218400000,
      "fcf": 119700000,
      "ocf": 134000000,
      "capex": -14300000,
      "gross_margin": 0.3746928746928747,
      "op_margin": 0.1683046683046683,
      "fcf_margin": 0.11311661311661311,
      "incr_op_margin_yoy": 3.1864406779661016,
      "rev_growth_yoy": 0.005606766131331369,
      "rev_growth_yoy_accel": 0.06190117312714117,
      "op_leverage_ratio": 2.074047619047619,
      "fcf_margin_change": -0.08485635985635986
    },
    {
      "date": "2025-03-31T00:00:00",
      "quarter_label": "2025-03 (Q1)",
      "revenue": 983600000,
      "gross_profit": 364400000,
      "operating_income": 177400000,
      "net_income": 123500000,
      "opex": 806200000,
      "cogs": 619200000,
      "rd": null,
      "sga": 187000000,
      "fcf": 144800000,
      "ocf": 148200000,
      "capex": -3400000,
      "gross_margin": 0.37047580317202117,
      "op_margin": 0.18035786905246035,
      "fcf_margin": 0.14721431476209842,
      "incr_op_margin_yoy": 0.22442748091603054,
      "rev_growth_yoy": -0.062434467638928605,
      "rev_growth_yoy_accel": -0.06804123377025997,
      "fcf_margin_change": 0.03409770164548531
    },
    {
      "date": "2025-06-30T00:00:00",
      "quarter_label": "2025-06 (Q2)",
      "revenue": 1026100000,
      "gross_profit": 383300000,
      "operating_income": 192700000,
      "net_income": 122100000,
      "opex": 833400000,
      "cogs": 642800000,
      "rd": null,
      "sga": 190600000,
      "fcf": -7800000,
      "ocf": -300000,
      "capex": -7500000,
      "gross_margin": 0.37355033622453954,
      "op_margin": 0.1877984601890654,
      "fcf_margin": -0.0076015982847675665,
      "incr_op_margin_yoy": -0.04962779156327544,
      "rev_growth_yoy": -0.0377906976744186,
      "rev_growth_yoy_accel": 0.024643769964510003,
      "op_leverage_ratio": 1.2806908296055306,
      "fcf_margin_change": -0.15481591304686598
    },
    {
      "date": "2025-09-30T00:00:00",
      "quarter_label": "2025-09 (Q3)",
      "revenue": 1032600000,
      "gross_profit": 389400000,
      "operating_income": 201900000,
      "net_income": 139600000,
      "opex": 830700000,
      "cogs": 643200000,
      "rd": null,
      "sga": 187500000,
      "fcf": 252700000,
      "ocf": 260400000,
      "capex": -7700000,
      "gross_margin": 0.37710633352701917,
      "op_margin": 0.19552585705984893,
      "fcf_margin": 0.24472206081735426,
      "incr_op_margin_yoy": -10.882352941176471,
      "rev_growth_yoy": -0.003281853281853282,
      "rev_growth_yoy_accel": 0.03450884439256532,
      "fcf_margin_change": 0.25232365910212184
    }
  ],
  "signals": [
    {
      "quarter": "2025-09 (Q3)",
      "signal": "FCF TURNED POSITIVE",
      "detail": "FCF margin: -0.8% -> +24.5%",
      "severity": "HIGH"
    },
    {
      "quarter": "2025-03 (Q1)",
      "signal": "YoY REVENUE GROWTH DECELERATION",
      "detail": "YoY growth: -6.2% vs prior quarter YoY: +0.6% (decel: -6.8%)",
      "severity": "WARNING"
    },
    {
      "quarter": "2024-12 (Q4)",
      "signal": "OPERATING LEVERAGE",
      "detail": "Rev growth +2.1% vs OpEx growth +1.0% (leverage: 2.1x)",
      "severity": "MEDIUM"
    },
    {
      "quarter": "2024-12 (Q4)",
      "signal": "YoY REVENUE GROWTH ACCELERATION",
      "detail": "YoY growth: +0.6% vs prior quarter YoY: -5.6% (accel: +6.2%)",
      "severity": "MEDIUM"
    },
    {
      "quarter": "2024-12 (Q4)",
      "signal": "INCREMENTAL MARGIN (YoY)",
      "detail": "YoY Incr OPM: +318.6% vs year-ago OPM: +15.1%",
      "severity": "HIGH"
    },
    {
      "quarter": "2024-09 (Q3)",
      "signal": "FCF TURNED POSITIVE",
      "detail": "FCF margin: -3.6% -> +19.8%",
      "severity": "HIGH"
    },
    {
      "quarter": "2024-09 (Q3)",
      "signal": "INCREMENTAL MARGIN (YoY)",
      "detail": "YoY Incr OPM: +74.4% vs year-ago OPM: +19.2%",
      "severity": "HIGH"
    },
    {
      "quarter": "2024-06 (Q2)",
      "signal": "YoY REVENUE GROWTH DECELERATION",
      "detail": "YoY growth: -8.9% vs prior quarter YoY: +1.2% (decel: -10.0%)",
      "severity": "WARNING"
    },
    {
      "quarter": "2024-06 (Q2)",
      "signal": "INCREMENTAL MARGIN (YoY)",
      "detail": "YoY Incr OPM: +50.1% vs year-ago OPM: +20.7%",
      "severity": "HIGH"
    },
    {
      "quarter": "2023-09 (Q3)",
      "signal": "FCF MARGIN EXPANSION",
      "detail": "FCF margin: +10.5% -> +22.7% (+12.3%)",
      "severity": "MEDIUM"
    },
    {
      "quarter": "2023-06 (Q2)",
      "signal": "YoY REVENUE GROWTH ACCELERATION",
      "detail": "YoY growth: +2.8% vs prior quarter YoY: -10.3% (accel: +13.1%)",
      "severity": "MEDIUM"
    },
    {
      "quarter": "2023-03 (Q1)",
      "signal": "FCF MARGIN EXPANSION",
      "detail": "FCF margin: +4.4% -> +12.6% (+8.2%)",
      "severity": "MEDIUM"
    },
    {
      "quarter": "2022-12 (Q4)",
      "signal": "INCREMENTAL MARGIN (YoY)",
      "detail": "YoY Incr OPM: +85.6% vs year-ago OPM: +24.7%",
      "severity": "HIGH"
    },
    {
      "quarter": "2022-09 (Q3)",
      "signal": "FCF MARGIN EXPANSION",
      "detail": "FCF margin: +8.9% -> +19.3% (+10.3%)",
      "severity": "MEDIUM"
    },
    {
      "quarter": "2022-09 (Q3)",
      "signal": "INCREMENTAL MARGIN (YoY)",
      "detail": "YoY Incr OPM: +44.1% vs year-ago OPM: +24.8%",
      "severity": "MEDIUM"
    },
    {
      "quarter": "2022-06 (Q2)",
      "signal": "YoY REVENUE GROWTH DECELERATION",
      "detail": "YoY growth: -11.7% vs prior quarter YoY: -4.5% (decel: -7.3%)",
      "severity": "WARNING"
    },
    {
      "quarter": "2022-03 (Q1)",
      "signal": "YoY REVENUE GROWTH DECELERATION",
      "detail": "YoY growth: -4.5% vs prior quarter YoY: +1.0% (decel: -5.5%)",
      "severity": "WARNING"
    },
    {
      "quarter": "2021-12 (Q4)",
      "signal": "INCREMENTAL MARGIN (YoY)",
      "detail": "YoY Incr OPM: +690.0% vs year-ago OPM: +17.9%",
      "severity": "HIGH"
    },
    {
      "quarter": "2021-09 (Q3)",
      "signal": "FCF MARGIN EXPANSION",
      "detail": "FCF margin: +12.8% -> +25.5% (+12.7%)",
      "severity": "MEDIUM"
    },
    {
      "quarter": "2021-09 (Q3)",
      "signal": "GROSS MARGIN INFLECTION",
      "detail": "GM: +41.7% -> +41.5% -> +44.0% (reversal +2.6%)",
      "severity": "MEDIUM"
    }
  ],
  "data_quality": {
    "n_quarters": 20,
    "coverage": {
      "revenue": [
        20,
        20
      ],
      "gross_profit": [
        20,
        20
      ],
      "op_income": [
        20,
        20
      ],
      "fcf": [
        20,
        20
      ]
    },
    "gaps": [],
    "warnings": []
  },
  "market_cap": null,
  "source": "SEC EDGAR",
  "last_updated": "2026-02-02T21:22:18.258145"
}