{
  "ticker": "WULF",
  "name": "TERAWULF INC.",
  "quarters": [
    {
      "date": "2020-09-30T00:00:00",
      "quarter_label": "2020-09 (Q3)",
      "revenue": 3134984,
      "gross_profit": 873779,
      "operating_income": -242514,
      "net_income": -273996,
      "opex": 1116293,
      "cogs": 2261205,
      "rd": 136520,
      "sga": 979773,
      "fcf": 559218,
      "ocf": 559218,
      "capex": null,
      "gross_margin": 0.27871880685834444,
      "op_margin": -0.07735733260520627,
      "fcf_margin": 0.17837985776003962
    },
    {
      "date": "2020-12-31T00:00:00",
      "quarter_label": "2020-12 (Q4)",
      "revenue": 4227605,
      "gross_profit": 1493171,
      "operating_income": 286508,
      "net_income": 1463185,
      "opex": 1206663,
      "cogs": 2734434,
      "rd": 150159,
      "sga": 1056504,
      "fcf": 231289,
      "ocf": 231289,
      "capex": null,
      "gross_margin": 0.35319548538711637,
      "op_margin": 0.06777075909409701,
      "fcf_margin": 0.05470922661885394,
      "op_leverage_ratio": 4.305148473794447,
      "fcf_margin_change": -0.12367063114118568
    },
    {
      "date": "2021-03-31T00:00:00",
      "quarter_label": "2021-03 (Q1)",
      "revenue": 3073408,
      "gross_profit": 996332,
      "operating_income": -322181,
      "net_income": -321639,
      "opex": 1318513,
      "cogs": 2077076,
      "rd": 134922,
      "sga": 1183591,
      "fcf": 771355,
      "ocf": 771355,
      "capex": null,
      "gross_margin": 0.3241782412227729,
      "op_margin": -0.10482858117112989,
      "fcf_margin": 0.25097709122902,
      "fcf_margin_change": 0.19626786461016607
    },
    {
      "date": "2021-06-30T00:00:00",
      "quarter_label": "2021-06 (Q2)",
      "revenue": 4251348,
      "gross_profit": 1429304,
      "operating_income": -644093,
      "net_income": -722276,
      "opex": 4267000,
      "cogs": 2822044,
      "rd": 128895,
      "sga": 1944502,
      "fcf": 568214,
      "ocf": 568214,
      "capex": null,
      "gross_margin": 0.3362001887401361,
      "op_margin": -0.15150324085443018,
      "fcf_margin": 0.13365501953733264,
      "op_leverage_ratio": 0.17139105458856488,
      "fcf_margin_change": -0.11732207169168737
    },
    {
      "date": "2021-09-30T00:00:00",
      "quarter_label": "2021-09 (Q3)",
      "revenue": 4743452,
      "gross_profit": 1582090,
      "operating_income": -826572,
      "net_income": -851736,
      "opex": 6034000,
      "cogs": 3161362,
      "rd": 134608,
      "sga": 2274054,
      "fcf": -776702,
      "ocf": -774101,
      "capex": -2601,
      "gross_margin": 0.33353136070524164,
      "op_margin": -0.17425537351279194,
      "fcf_margin": -0.1637419330900787,
      "incr_op_margin_yoy": -0.36311446668506925,
      "rev_growth_yoy": 0.5130705611256708,
      "op_leverage_ratio": 0.2795222170590009,
      "fcf_margin_change": -0.29739695262741134
    },
    {
      "date": "2022-03-31T00:00:00",
      "quarter_label": "2022-03 (Q1)",
      "revenue": 217000,
      "gross_profit": 185000,
      "operating_income": -9167000,
      "net_income": -18183000,
      "opex": 9352000,
      "cogs": 32000,
      "rd": null,
      "sga": 5985000,
      "fcf": -42997000,
      "ocf": -15252000,
      "capex": -27745000,
      "gross_margin": 0.8525345622119815,
      "op_margin": -42.244239631336406,
      "fcf_margin": -198.14285714285714,
      "incr_op_margin_yoy": 3.096483065444432,
      "rev_growth_yoy": -0.9293943400941235,
      "rev_growth_yoy_accel": -1.4424649012197943,
      "fcf_margin_change": -197.97911520976706
    },
    {
      "date": "2022-06-30T00:00:00",
      "quarter_label": "2022-06 (Q2)",
      "revenue": 1385000,
      "gross_profit": 794000,
      "operating_income": -7816000,
      "net_income": -13669000,
      "opex": 8610000,
      "cogs": 591000,
      "rd": null,
      "sga": 4334000,
      "fcf": -26007000,
      "ocf": -8283000,
      "capex": -17724000,
      "gross_margin": 0.5732851985559567,
      "op_margin": -5.643321299638989,
      "fcf_margin": -18.777617328519856,
      "incr_op_margin_yoy": 2.502106164359666,
      "rev_growth_yoy": -0.674220976499689,
      "rev_growth_yoy_accel": 0.25517336359443443,
      "op_leverage_ratio": Infinity,
      "fcf_margin_change": 179.3652398143373
    },
    {
      "date": "2022-09-30T00:00:00",
      "quarter_label": "2022-09 (Q3)",
      "revenue": 3864000,
      "gross_profit": -1317000,
      "operating_income": -13374000,
      "net_income": -33988000,
      "opex": 12057000,
      "cogs": 5181000,
      "rd": null,
      "sga": 5934000,
      "fcf": -14552000,
      "ocf": -6074000,
      "capex": -8478000,
      "gross_margin": -0.3408385093167702,
      "op_margin": -3.4611801242236027,
      "fcf_margin": -3.7660455486542443,
      "rev_growth_yoy": -0.1854033729022661,
      "rev_growth_yoy_accel": 0.48881760359742293,
      "op_leverage_ratio": 4.4708347864883295,
      "fcf_margin_change": 15.011571779865612
    },
    {
      "date": "2022-12-31T00:00:00",
      "quarter_label": "2022-12 (Q4)",
      "revenue": 9567000,
      "gross_profit": 4288000,
      "operating_income": -13388000,
      "net_income": -24951000,
      "opex": 17676000,
      "cogs": 5279000,
      "rd": null,
      "sga": 6517000,
      "fcf": -11626000,
      "ocf": -4457000,
      "capex": -7169000,
      "gross_margin": 0.4482073795338142,
      "op_margin": -1.3993937493467126,
      "fcf_margin": -1.2152189819170063,
      "op_leverage_ratio": 3.1669884730047455,
      "fcf_margin_change": 2.5508265667372383
    },
    {
      "date": "2023-03-31T00:00:00",
      "quarter_label": "2023-03 (Q1)",
      "revenue": 11533000,
      "gross_profit": 6531000,
      "operating_income": -9221000,
      "net_income": -26257000,
      "opex": 15752000,
      "cogs": 5002000,
      "rd": null,
      "sga": 6492000,
      "fcf": -18699000,
      "ocf": -8713000,
      "capex": -9986000,
      "gross_margin": 0.5662880430070233,
      "op_margin": -0.7995317783750976,
      "fcf_margin": -1.6213474377872192,
      "incr_op_margin_yoy": -0.004772004241781549,
      "rev_growth_yoy": 52.14746543778802,
      "op_leverage_ratio": Infinity,
      "fcf_margin_change": -0.40612845587021296
    },
    {
      "date": "2023-06-30T00:00:00",
      "quarter_label": "2023-06 (Q2)",
      "revenue": 15456000,
      "gross_profit": 10343000,
      "operating_income": -5845000,
      "net_income": -17540000,
      "opex": 16188000,
      "cogs": 5113000,
      "rd": null,
      "sga": 5878000,
      "fcf": -6301000,
      "ocf": -297000,
      "capex": -6004000,
      "gross_margin": 0.6691899585921325,
      "op_margin": -0.37817028985507245,
      "fcf_margin": -0.4076733954451346,
      "incr_op_margin_yoy": 0.14007533224362162,
      "rev_growth_yoy": 10.15956678700361,
      "rev_growth_yoy_accel": -41.98789865078441,
      "op_leverage_ratio": 12.289245778169862,
      "fcf_margin_change": 1.2136740423420846
    },
    {
      "date": "2023-09-30T00:00:00",
      "quarter_label": "2023-09 (Q3)",
      "revenue": 18955000,
      "gross_profit": 10687000,
      "operating_income": -9689000,
      "net_income": -19099000,
      "opex": 20376000,
      "cogs": 8268000,
      "rd": null,
      "sga": 5767000,
      "fcf": -23024000,
      "ocf": 2378000,
      "capex": -25402000,
      "gross_margin": 0.5638090213663941,
      "op_margin": -0.5111580058032181,
      "fcf_margin": -1.2146663149564758,
      "incr_op_margin_yoy": 0.2441852759923133,
      "rev_growth_yoy": 3.905538302277433,
      "rev_growth_yoy_accel": -6.254028484726177,
      "op_leverage_ratio": 0.8750509812122182,
      "fcf_margin_change": -0.8069929195113412
    },
    {
      "date": "2023-12-31T00:00:00",
      "quarter_label": "2023-12 (Q4)",
      "revenue": 23285000,
      "gross_profit": 14353000,
      "operating_income": -4666000,
      "net_income": -10525000,
      "opex": 19019000,
      "cogs": 8932000,
      "rd": null,
      "sga": null,
      "fcf": -22881000,
      "ocf": 10895000,
      "capex": -33776000,
      "gross_margin": 0.6164054112089328,
      "op_margin": -0.20038651492377066,
      "fcf_margin": -0.9826497745329611,
      "incr_op_margin_yoy": 0.6358069689459105,
      "rev_growth_yoy": 1.4338873209992684,
      "rev_growth_yoy_accel": -2.4716509812781644,
      "op_leverage_ratio": Infinity,
      "fcf_margin_change": 0.23201654042351472
    },
    {
      "date": "2024-03-31T00:00:00",
      "quarter_label": "2024-03 (Q1)",
      "revenue": 42433000,
      "gross_profit": 28025000,
      "operating_income": -2316000,
      "net_income": -9613000,
      "opex": 30341000,
      "cogs": 14408000,
      "rd": null,
      "sga": null,
      "fcf": -24133000,
      "ocf": 22846000,
      "capex": -46979000,
      "gross_margin": 0.6604529493554545,
      "op_margin": -0.05458016166662739,
      "fcf_margin": -0.5687318832041101,
      "incr_op_margin_yoy": 0.22346278317152105,
      "rev_growth_yoy": 2.6792681869418193,
      "rev_growth_yoy_accel": 1.245380865942551,
      "op_leverage_ratio": 1.3813753578509984,
      "fcf_margin_change": 0.41391789132885104
    },
    {
      "date": "2024-06-30T00:00:00",
      "quarter_label": "2024-06 (Q2)",
      "revenue": 35574000,
      "gross_profit": 21656000,
      "operating_income": -6765000,
      "net_income": -10876000,
      "opex": 28421000,
      "cogs": 13918000,
      "rd": null,
      "sga": null,
      "fcf": -30219000,
      "ocf": 16381000,
      "capex": -46600000,
      "gross_margin": 0.6087592061618036,
      "op_margin": -0.1901669758812616,
      "fcf_margin": -0.8494687131050768,
      "incr_op_margin_yoy": -0.04573019186797892,
      "rev_growth_yoy": 1.3016304347826086,
      "rev_growth_yoy_accel": -1.3776377521592107,
      "fcf_margin_change": -0.2807368299009667
    },
    {
      "date": "2024-09-30T00:00:00",
      "quarter_label": "2024-09 (Q3)",
      "revenue": 27059000,
      "gross_profit": 10814000,
      "operating_income": -15711000,
      "net_income": -22733000,
      "opex": 42770000,
      "cogs": 14660000,
      "rd": null,
      "sga": null,
      "fcf": -41653000,
      "ocf": -20925000,
      "capex": -20728000,
      "gross_margin": 0.39964521970508887,
      "op_margin": -0.5806201263904801,
      "fcf_margin": -1.5393399608263425,
      "incr_op_margin_yoy": -0.7430898321816387,
      "rev_growth_yoy": 0.42753890793985755,
      "rev_growth_yoy_accel": -0.8740915268427512,
      "fcf_margin_change": -0.6898712477212657
    },
    {
      "date": "2024-12-31T00:00:00",
      "quarter_label": "2024-12 (Q4)",
      "revenue": 34985000,
      "gross_profit": 15363000,
      "operating_income": -51424000,
      "net_income": -29196000,
      "opex": 86409000,
      "cogs": 19622000,
      "rd": null,
      "sga": null,
      "fcf": -196357000,
      "ocf": -42724000,
      "capex": -153633000,
      "gross_margin": 0.43913105616692866,
      "op_margin": -1.469887094469058,
      "fcf_margin": -5.612605402315278,
      "incr_op_margin_yoy": -3.9964102564102566,
      "rev_growth_yoy": 0.5024694009018682,
      "rev_growth_yoy_accel": 0.07493049296201065,
      "op_leverage_ratio": 0.2870825436369061,
      "fcf_margin_change": -4.073265441488935
    },
    {
      "date": "2025-03-31T00:00:00",
      "quarter_label": "2025-03 (Q1)",
      "revenue": 34405000,
      "gross_profit": 9852000,
      "operating_income": -59628000,
      "net_income": -61418000,
      "opex": 94033000,
      "cogs": 24553000,
      "rd": null,
      "sga": null,
      "fcf": -37200000,
      "ocf": 56487000,
      "capex": -93687000,
      "gross_margin": 0.286353727655864,
      "op_margin": -1.7331201860194738,
      "fcf_margin": -1.081238192123238,
      "incr_op_margin_yoy": 7.139013452914798,
      "rev_growth_yoy": -0.18919237385996748,
      "rev_growth_yoy_accel": -0.6916617747618357,
      "fcf_margin_change": 4.53136721019204
    },
    {
      "date": "2025-06-30T00:00:00",
      "quarter_label": "2025-06 (Q2)",
      "revenue": 47636000,
      "gross_profit": 25542000,
      "operating_income": -15590000,
      "net_income": -18370000,
      "opex": 63226000,
      "cogs": 22094000,
      "rd": null,
      "sga": null,
      "fcf": -174752000,
      "ocf": -54810000,
      "capex": -119942000,
      "gross_margin": 0.5361911159627173,
      "op_margin": -0.32727349063733313,
      "fcf_margin": -3.668486018977244,
      "incr_op_margin_yoy": -0.7316365445199801,
      "rev_growth_yoy": 0.339067858548378,
      "rev_growth_yoy_accel": 0.5282602324083455,
      "op_leverage_ratio": Infinity,
      "fcf_margin_change": -2.5872478268540062
    },
    {
      "date": "2025-09-30T00:00:00",
      "quarter_label": "2025-09 (Q3)",
      "revenue": 50578000,
      "gross_profit": 28952000,
      "operating_income": -24672000,
      "net_income": -455050000,
      "opex": 75250000,
      "cogs": 17123000,
      "rd": null,
      "sga": null,
      "fcf": -268256000,
      "ocf": -36686000,
      "capex": -231570000,
      "gross_margin": 0.5724227925184863,
      "op_margin": -0.48780102020641386,
      "fcf_margin": -5.303807979754043,
      "incr_op_margin_yoy": -0.3810110974106042,
      "rev_growth_yoy": 0.8691747662515245,
      "rev_growth_yoy_accel": 0.5301069077031464,
      "op_leverage_ratio": 0.32475371003451714,
      "fcf_margin_change": -1.6353219607767993
    }
  ],
  "signals": [
    {
      "quarter": "2025-09 (Q3)",
      "signal": "YoY REVENUE GROWTH ACCELERATION",
      "detail": "YoY growth: +86.9% vs prior quarter YoY: +33.9% (accel: +53.0%)",
      "severity": "HIGH"
    },
    {
      "quarter": "2025-06 (Q2)",
      "signal": "GROSS MARGIN INFLECTION",
      "detail": "GM: +43.9% -> +28.6% -> +53.6% (reversal +25.0%)",
      "severity": "HIGH"
    },
    {
      "quarter": "2025-06 (Q2)",
      "signal": "YoY REVENUE GROWTH ACCELERATION",
      "detail": "YoY growth: +33.9% vs prior quarter YoY: -18.9% (accel: +52.8%)",
      "severity": "HIGH"
    },
    {
      "quarter": "2025-03 (Q1)",
      "signal": "FCF MARGIN EXPANSION",
      "detail": "FCF margin: -561.3% -> -108.1% (+453.1%)",
      "severity": "MEDIUM"
    },
    {
      "quarter": "2025-03 (Q1)",
      "signal": "YoY REVENUE GROWTH DECELERATION",
      "detail": "YoY growth: -18.9% vs prior quarter YoY: +50.2% (decel: -69.2%)",
      "severity": "WARNING"
    },
    {
      "quarter": "2024-12 (Q4)",
      "signal": "GROSS MARGIN INFLECTION",
      "detail": "GM: +60.9% -> +40.0% -> +43.9% (reversal +3.9%)",
      "severity": "MEDIUM"
    },
    {
      "quarter": "2024-12 (Q4)",
      "signal": "YoY REVENUE GROWTH ACCELERATION",
      "detail": "YoY growth: +50.2% vs prior quarter YoY: +42.8% (accel: +7.5%)",
      "severity": "MEDIUM"
    },
    {
      "quarter": "2024-09 (Q3)",
      "signal": "YoY REVENUE GROWTH DECELERATION",
      "detail": "YoY growth: +42.8% vs prior quarter YoY: +130.2% (decel: -87.4%)",
      "severity": "WARNING"
    },
    {
      "quarter": "2024-06 (Q2)",
      "signal": "YoY REVENUE GROWTH DECELERATION",
      "detail": "YoY growth: +130.2% vs prior quarter YoY: +267.9% (decel: -137.8%)",
      "severity": "WARNING"
    },
    {
      "quarter": "2024-03 (Q1)",
      "signal": "FCF MARGIN EXPANSION",
      "detail": "FCF margin: -98.3% -> -56.9% (+41.4%)",
      "severity": "MEDIUM"
    },
    {
      "quarter": "2024-03 (Q1)",
      "signal": "YoY REVENUE GROWTH ACCELERATION",
      "detail": "YoY growth: +267.9% vs prior quarter YoY: +143.4% (accel: +124.5%)",
      "severity": "HIGH"
    },
    {
      "quarter": "2023-12 (Q4)",
      "signal": "FCF MARGIN EXPANSION",
      "detail": "FCF margin: -121.5% -> -98.3% (+23.2%)",
      "severity": "MEDIUM"
    },
    {
      "quarter": "2023-12 (Q4)",
      "signal": "GROSS MARGIN INFLECTION",
      "detail": "GM: +66.9% -> +56.4% -> +61.6% (reversal +5.3%)",
      "severity": "HIGH"
    },
    {
      "quarter": "2023-12 (Q4)",
      "signal": "YoY REVENUE GROWTH DECELERATION",
      "detail": "YoY growth: +143.4% vs prior quarter YoY: +390.6% (decel: -247.2%)",
      "severity": "WARNING"
    },
    {
      "quarter": "2023-09 (Q3)",
      "signal": "YoY REVENUE GROWTH DECELERATION",
      "detail": "YoY growth: +390.6% vs prior quarter YoY: +1016.0% (decel: -625.4%)",
      "severity": "WARNING"
    },
    {
      "quarter": "2023-06 (Q2)",
      "signal": "FCF MARGIN EXPANSION",
      "detail": "FCF margin: -162.1% -> -40.8% (+121.4%)",
      "severity": "MEDIUM"
    },
    {
      "quarter": "2023-06 (Q2)",
      "signal": "OPERATING LEVERAGE",
      "detail": "Rev growth +34.0% vs OpEx growth +2.8% (leverage: 12.3x)",
      "severity": "MEDIUM"
    },
    {
      "quarter": "2023-06 (Q2)",
      "signal": "YoY REVENUE GROWTH DECELERATION",
      "detail": "YoY growth: +1016.0% vs prior quarter YoY: +5214.7% (decel: -4198.8%)",
      "severity": "WARNING"
    },
    {
      "quarter": "2022-12 (Q4)",
      "signal": "FCF MARGIN EXPANSION",
      "detail": "FCF margin: -376.6% -> -121.5% (+255.1%)",
      "severity": "MEDIUM"
    },
    {
      "quarter": "2022-12 (Q4)",
      "signal": "OPERATING LEVERAGE",
      "detail": "Rev growth +147.6% vs OpEx growth +46.6% (leverage: 3.2x)",
      "severity": "MEDIUM"
    },
    {
      "quarter": "2022-12 (Q4)",
      "signal": "GROSS MARGIN INFLECTION",
      "detail": "GM: +57.3% -> -34.1% -> +44.8% (reversal +78.9%)",
      "severity": "HIGH"
    },
    {
      "quarter": "2022-09 (Q3)",
      "signal": "FCF MARGIN EXPANSION",
      "detail": "FCF margin: -1877.8% -> -376.6% (+1501.2%)",
      "severity": "MEDIUM"
    },
    {
      "quarter": "2022-09 (Q3)",
      "signal": "OPERATING LEVERAGE",
      "detail": "Rev growth +179.0% vs OpEx growth +40.0% (leverage: 4.5x)",
      "severity": "MEDIUM"
    },
    {
      "quarter": "2022-09 (Q3)",
      "signal": "YoY REVENUE GROWTH ACCELERATION",
      "detail": "YoY growth: -18.5% vs prior quarter YoY: -67.4% (accel: +48.9%)",
      "severity": "HIGH"
    },
    {
      "quarter": "2022-06 (Q2)",
      "signal": "FCF MARGIN EXPANSION",
      "detail": "FCF margin: -19814.3% -> -1877.8% (+17936.5%)",
      "severity": "MEDIUM"
    },
    {
      "quarter": "2022-06 (Q2)",
      "signal": "YoY REVENUE GROWTH ACCELERATION",
      "detail": "YoY growth: -67.4% vs prior quarter YoY: -92.9% (accel: +25.5%)",
      "severity": "HIGH"
    },
    {
      "quarter": "2022-03 (Q1)",
      "signal": "GROSS MARGIN INFLECTION",
      "detail": "GM: +33.6% -> +33.4% -> +85.3% (reversal +51.9%)",
      "severity": "HIGH"
    },
    {
      "quarter": "2022-03 (Q1)",
      "signal": "YoY REVENUE GROWTH DECELERATION",
      "detail": "YoY growth: -92.9% vs prior quarter YoY: +51.3% (decel: -144.2%)",
      "severity": "WARNING"
    },
    {
      "quarter": "2021-03 (Q1)",
      "signal": "FCF MARGIN EXPANSION",
      "detail": "FCF margin: +5.5% -> +25.1% (+19.6%)",
      "severity": "MEDIUM"
    },
    {
      "quarter": "2020-12 (Q4)",
      "signal": "OPERATING LEVERAGE",
      "detail": "Rev growth +34.9% vs OpEx growth +8.1% (leverage: 4.3x)",
      "severity": "MEDIUM"
    },
    {
      "quarter": "2020-12 (Q4)",
      "signal": "OP MARGIN TURNED POSITIVE (QoQ)",
      "detail": "Op margin: -7.7% -> +6.8%",
      "severity": "HIGH"
    }
  ],
  "data_quality": {
    "n_quarters": 20,
    "coverage": {
      "revenue": [
        20,
        20
      ],
      "gross_profit": [
        20,
        20
      ],
      "op_income": [
        20,
        20
      ],
      "fcf": [
        20,
        20
      ]
    },
    "gaps": [
      [
        "2021-09 (Q3)",
        "2022-03 (Q1)",
        182
      ]
    ],
    "warnings": [
      "gap: 1Q missing between 2021-09 (Q3) and 2022-03 (Q1)"
    ]
  },
  "market_cap": null,
  "source": "SEC EDGAR",
  "last_updated": "2026-02-02T20:54:10.716492"
}