{
  "ticker": "WVVIP",
  "name": "WILLAMETTE VALLEY VINEYARDS, INC.",
  "quarters": [
    {
      "date": "2020-12-31T00:00:00",
      "quarter_label": "2020-12 (Q4)",
      "revenue": 8306172,
      "gross_profit": 5095005,
      "operating_income": 1669827,
      "net_income": 1090694,
      "opex": 3425178,
      "cogs": 3211167,
      "rd": null,
      "sga": null,
      "fcf": 1207526,
      "ocf": 1964343,
      "capex": -756817,
      "gross_margin": 0.6133998910689545,
      "op_margin": 0.2010344837549716,
      "fcf_margin": 0.14537695583476962
    },
    {
      "date": "2021-03-31T00:00:00",
      "quarter_label": "2021-03 (Q1)",
      "revenue": 5765338,
      "gross_profit": 3493567,
      "operating_income": 176009,
      "net_income": 122685,
      "opex": 3317558,
      "cogs": 2271771,
      "rd": null,
      "sga": null,
      "fcf": -946724,
      "ocf": -398853,
      "capex": -547871,
      "gross_margin": 0.6059604831494702,
      "op_margin": 0.03052882589017331,
      "fcf_margin": -0.16420962656482585,
      "fcf_margin_change": -0.30958658239959547
    },
    {
      "date": "2021-06-30T00:00:00",
      "quarter_label": "2021-06 (Q2)",
      "revenue": 8949951,
      "gross_profit": 5139723,
      "operating_income": 1537594,
      "net_income": 1077551,
      "opex": 3602129,
      "cogs": 3810228,
      "rd": null,
      "sga": null,
      "fcf": 77559,
      "ocf": 2591613,
      "capex": -2514054,
      "gross_margin": 0.5742738703262175,
      "op_margin": 0.17179915286687045,
      "fcf_margin": 0.008665857500225421,
      "op_leverage_ratio": 6.439613088893462,
      "fcf_margin_change": 0.17287548406505127
    },
    {
      "date": "2021-09-30T00:00:00",
      "quarter_label": "2021-09 (Q3)",
      "revenue": 7641228,
      "gross_profit": 4461638,
      "operating_income": 692873,
      "net_income": 456191,
      "opex": 3768765,
      "cogs": 3179590,
      "rd": null,
      "sga": null,
      "fcf": -1721396,
      "ocf": 1578024,
      "capex": -3299420,
      "gross_margin": 0.5838901810023206,
      "op_margin": 0.09067560868488678,
      "fcf_margin": -0.22527740305615798,
      "fcf_margin_change": -0.2339432605563834
    },
    {
      "date": "2021-12-31T00:00:00",
      "quarter_label": "2021-12 (Q4)",
      "revenue": 9430347,
      "gross_profit": 5570745,
      "operating_income": 1283543,
      "net_income": 789036,
      "opex": 4287202,
      "cogs": 3859602,
      "rd": null,
      "sga": null,
      "fcf": -4884663,
      "ocf": -1198076,
      "capex": -3686587,
      "gross_margin": 0.590725346585868,
      "op_margin": 0.13610771692706536,
      "fcf_margin": -0.5179727744906948,
      "incr_op_margin_yoy": -0.34361554028509794,
      "rev_growth_yoy": 0.135342128720667,
      "op_leverage_ratio": 1.7020767468564066,
      "fcf_margin_change": -0.29269537143453683
    },
    {
      "date": "2022-03-31T00:00:00",
      "quarter_label": "2022-03 (Q1)",
      "revenue": 6242318,
      "gross_profit": 3720029,
      "operating_income": -136232,
      "net_income": -98942,
      "opex": 3856261,
      "cogs": 2522289,
      "rd": null,
      "sga": 1378534,
      "fcf": -5700775,
      "ocf": -670304,
      "capex": -5030471,
      "gross_margin": 0.5959371182307598,
      "op_margin": -0.021823944246352076,
      "fcf_margin": -0.9132464895252053,
      "rev_growth_yoy": 0.08273235671525243,
      "rev_growth_yoy_accel": -0.05260977200541457,
      "fcf_margin_change": -0.3952737150345105
    },
    {
      "date": "2022-06-30T00:00:00",
      "quarter_label": "2022-06 (Q2)",
      "revenue": 8700861,
      "gross_profit": 4827257,
      "operating_income": 444443,
      "net_income": 257401,
      "opex": 4382814,
      "cogs": 3873604,
      "rd": null,
      "sga": 1363201,
      "fcf": -5038469,
      "ocf": -308765,
      "capex": -4729704,
      "gross_margin": 0.554802220148098,
      "op_margin": 0.051080347105878374,
      "fcf_margin": -0.57907705915541,
      "rev_growth_yoy": -0.027831437289433204,
      "rev_growth_yoy_accel": -0.11056379400468563,
      "op_leverage_ratio": 2.8844050567097064,
      "fcf_margin_change": 0.3341694303697953
    },
    {
      "date": "2022-09-30T00:00:00",
      "quarter_label": "2022-09 (Q3)",
      "revenue": 7602878,
      "gross_profit": 3894183,
      "operating_income": -1226035,
      "net_income": -949821,
      "opex": 5120218,
      "cogs": 3708695,
      "rd": null,
      "sga": 1345723,
      "fcf": -4518390,
      "ocf": -1160891,
      "capex": -3357499,
      "gross_margin": 0.5121985385008151,
      "op_margin": -0.16125932837538626,
      "fcf_margin": -0.5942999479933783,
      "rev_growth_yoy": -0.005018826816841481,
      "rev_growth_yoy_accel": 0.022812610472591723,
      "fcf_margin_change": -0.015222888837968296
    },
    {
      "date": "2022-12-31T00:00:00",
      "quarter_label": "2022-12 (Q4)",
      "revenue": 11388024,
      "gross_profit": 6372627,
      "operating_income": 371406,
      "net_income": 144870,
      "opex": 6001221,
      "cogs": 5015397,
      "rd": null,
      "sga": 1632766,
      "fcf": -2218011,
      "ocf": -526268,
      "capex": -1691743,
      "gross_margin": 0.5595902326865486,
      "op_margin": 0.03261373527136929,
      "fcf_margin": -0.19476697625505532,
      "incr_op_margin_yoy": -0.46592824046050496,
      "rev_growth_yoy": 0.20759331549517743,
      "rev_growth_yoy_accel": 0.21261214231201891,
      "op_leverage_ratio": 2.8934479802849546,
      "fcf_margin_change": 0.3995329717383229
    },
    {
      "date": "2023-03-31T00:00:00",
      "quarter_label": "2023-03 (Q1)",
      "revenue": 8308940,
      "gross_profit": 4478463,
      "operating_income": -974950,
      "net_income": -744823,
      "opex": 5453413,
      "cogs": 3830477,
      "rd": null,
      "sga": 1469833,
      "fcf": -2760876,
      "ocf": -1279932,
      "capex": -1480944,
      "gross_margin": 0.538993301191247,
      "op_margin": -0.11733747024289501,
      "fcf_margin": -0.3322777634692271,
      "incr_op_margin_yoy": -0.40584006170455944,
      "rev_growth_yoy": 0.3310664403832038,
      "rev_growth_yoy_accel": 0.12347312488802639,
      "fcf_margin_change": -0.1375107872141718
    },
    {
      "date": "2023-06-30T00:00:00",
      "quarter_label": "2023-06 (Q2)",
      "revenue": 10726243,
      "gross_profit": 6250578,
      "operating_income": 308839,
      "net_income": 108453,
      "opex": 5941739,
      "cogs": 4475665,
      "rd": null,
      "sga": 1591696,
      "fcf": 707466,
      "ocf": 1132510,
      "capex": -425044,
      "gross_margin": 0.582736937807581,
      "op_margin": 0.028792840139832746,
      "fcf_margin": 0.06595655160898369,
      "incr_op_margin_yoy": -0.06695230825592406,
      "rev_growth_yoy": 0.2327794915928435,
      "rev_growth_yoy_accel": -0.09828694879036032,
      "op_leverage_ratio": 3.2489573415711344,
      "fcf_margin_change": 0.3982343150782108
    },
    {
      "date": "2023-09-30T00:00:00",
      "quarter_label": "2023-09 (Q3)",
      "revenue": 9348066,
      "gross_profit": 5684578,
      "operating_income": -282768,
      "net_income": -326982,
      "opex": 5967346,
      "cogs": 3663488,
      "rd": null,
      "sga": 1615467,
      "fcf": -1393593,
      "ocf": 79333,
      "capex": -1472926,
      "gross_margin": 0.6081020395020745,
      "op_margin": -0.03024882366042345,
      "fcf_margin": -0.1490782157507232,
      "incr_op_margin_yoy": 0.5404959236483404,
      "rev_growth_yoy": 0.2295430756616113,
      "rev_growth_yoy_accel": -0.003236415931232195,
      "fcf_margin_change": -0.2150347673597069
    },
    {
      "date": "2023-12-31T00:00:00",
      "quarter_label": "2023-12 (Q4)",
      "revenue": 10752865,
      "gross_profit": 6143509,
      "operating_income": -258323,
      "net_income": -235241,
      "opex": 6401832,
      "cogs": 4609356,
      "rd": null,
      "sga": 1523231,
      "fcf": -2849794,
      "ocf": -1920761,
      "capex": -929033,
      "gross_margin": 0.5713369413639993,
      "op_margin": -0.02402364393117555,
      "fcf_margin": -0.26502648363947656,
      "rev_growth_yoy": -0.055774294118101614,
      "rev_growth_yoy_accel": -0.2853173697797129,
      "op_leverage_ratio": 2.063943727116211,
      "fcf_margin_change": -0.11594826788875337
    },
    {
      "date": "2024-03-31T00:00:00",
      "quarter_label": "2024-03 (Q1)",
      "revenue": 8803080,
      "gross_profit": 5272722,
      "operating_income": -602577,
      "net_income": -521805,
      "opex": 5875299,
      "cogs": 3530358,
      "rd": null,
      "sga": 1847517,
      "fcf": -3319423,
      "ocf": -3012769,
      "capex": -306654,
      "gross_margin": 0.59896331738437,
      "op_margin": -0.06845070134543818,
      "fcf_margin": -0.3770751827769372,
      "rev_growth_yoy": 0.05947088316921292,
      "rev_growth_yoy_accel": 0.11524517728731454,
      "fcf_margin_change": -0.11204869913746063
    },
    {
      "date": "2024-06-30T00:00:00",
      "quarter_label": "2024-06 (Q2)",
      "revenue": 10332358,
      "gross_profit": 6471690,
      "operating_income": 536906,
      "net_income": 195978,
      "opex": 5934784,
      "cogs": 3860668,
      "rd": null,
      "sga": 1596613,
      "fcf": 45810,
      "ocf": 800697,
      "capex": -754887,
      "gross_margin": 0.6263517001636993,
      "op_margin": 0.05196354984989873,
      "fcf_margin": 0.004433644285263829,
      "rev_growth_yoy": -0.036721618184484536,
      "rev_growth_yoy_accel": -0.09619250135369745,
      "op_leverage_ratio": 17.158301685048055,
      "fcf_margin_change": 0.381508827062201
    },
    {
      "date": "2024-09-30T00:00:00",
      "quarter_label": "2024-09 (Q3)",
      "revenue": 9370713,
      "gross_profit": 5808114,
      "operating_income": -136506,
      "net_income": -282945,
      "opex": 5944620,
      "cogs": 3562599,
      "rd": null,
      "sga": 1617769,
      "fcf": -373902,
      "ocf": 52244,
      "capex": -426146,
      "gross_margin": 0.6198155892726626,
      "op_margin": -0.014567301335554722,
      "fcf_margin": -0.03990112598689129,
      "rev_growth_yoy": 0.0024226401482402883,
      "rev_growth_yoy_accel": 0.03914425833272482,
      "fcf_margin_change": -0.04433477027215511
    },
    {
      "date": "2024-12-31T00:00:00",
      "quarter_label": "2024-12 (Q4)",
      "revenue": 11276291,
      "gross_profit": 6642930,
      "operating_income": 774035,
      "net_income": 490878,
      "opex": 5868895,
      "cogs": 4633361,
      "rd": null,
      "sga": 1441862,
      "fcf": -1442496,
      "ocf": -1077915,
      "capex": -364581,
      "gross_margin": 0.5891059391780507,
      "op_margin": 0.06864269465908604,
      "fcf_margin": -0.12792291366017425,
      "rev_growth_yoy": 0.04867781749329132,
      "rev_growth_yoy_accel": 0.04625517734505104,
      "op_leverage_ratio": Infinity,
      "fcf_margin_change": -0.08802178767328296
    },
    {
      "date": "2025-03-31T00:00:00",
      "quarter_label": "2025-03 (Q1)",
      "revenue": 7541583,
      "gross_profit": 4759108,
      "operating_income": -869978,
      "net_income": -728981,
      "opex": 5629086,
      "cogs": 2782475,
      "rd": null,
      "sga": 1661376,
      "fcf": -1436613,
      "ocf": -1337263,
      "capex": -99350,
      "gross_margin": 0.6310489455595728,
      "op_margin": -0.11535747866197323,
      "fcf_margin": -0.1904922348530806,
      "incr_op_margin_yoy": 0.2119711739306554,
      "rev_growth_yoy": -0.14330177619651305,
      "rev_growth_yoy_accel": -0.19197959368980438,
      "fcf_margin_change": -0.06256932119290634
    },
    {
      "date": "2025-06-30T00:00:00",
      "quarter_label": "2025-06 (Q2)",
      "revenue": 10195763,
      "gross_profit": 6216618,
      "operating_income": 398164,
      "net_income": 92795,
      "opex": 5818454,
      "cogs": 3979145,
      "rd": null,
      "sga": 1624819,
      "fcf": 1242541,
      "ocf": 1309495,
      "capex": -66954,
      "gross_margin": 0.6097256281849627,
      "op_margin": 0.03905190813085788,
      "fcf_margin": 0.12186836826238508,
      "rev_growth_yoy": -0.013220118776372247,
      "rev_growth_yoy_accel": 0.1300816574201408,
      "op_leverage_ratio": 10.461625000213042,
      "fcf_margin_change": 0.31236060311546565
    },
    {
      "date": "2025-09-30T00:00:00",
      "quarter_label": "2025-09 (Q3)",
      "revenue": 8353200,
      "gross_profit": 5003972,
      "operating_income": -1213527,
      "net_income": -1092450,
      "opex": 6217499,
      "cogs": 3349228,
      "rd": null,
      "sga": 1773066,
      "fcf": -1508223,
      "ocf": -1417934,
      "capex": -90289,
      "gross_margin": 0.5990485083560791,
      "op_margin": -0.14527689987070824,
      "fcf_margin": -0.18055631374802472,
      "incr_op_margin_yoy": 1.0584837736716877,
      "rev_growth_yoy": -0.10858437346229684,
      "rev_growth_yoy_accel": -0.09536425468592459,
      "fcf_margin_change": -0.3024246820104098
    }
  ],
  "signals": [
    {
      "quarter": "2025-09 (Q3)",
      "signal": "YoY REVENUE GROWTH DECELERATION",
      "detail": "YoY growth: -10.9% vs prior quarter YoY: -1.3% (decel: -9.5%)",
      "severity": "WARNING"
    },
    {
      "quarter": "2025-06 (Q2)",
      "signal": "FCF TURNED POSITIVE",
      "detail": "FCF margin: -19.0% -> +12.2%",
      "severity": "HIGH"
    },
    {
      "quarter": "2025-06 (Q2)",
      "signal": "OPERATING LEVERAGE",
      "detail": "Rev growth +35.2% vs OpEx growth +3.4% (leverage: 10.5x)",
      "severity": "MEDIUM"
    },
    {
      "quarter": "2025-06 (Q2)",
      "signal": "YoY REVENUE GROWTH ACCELERATION",
      "detail": "YoY growth: -1.3% vs prior quarter YoY: -14.3% (accel: +13.0%)",
      "severity": "MEDIUM"
    },
    {
      "quarter": "2025-06 (Q2)",
      "signal": "OP MARGIN TURNED POSITIVE (QoQ)",
      "detail": "Op margin: -11.5% -> +3.9%",
      "severity": "HIGH"
    },
    {
      "quarter": "2025-03 (Q1)",
      "signal": "GROSS MARGIN INFLECTION",
      "detail": "GM: +62.0% -> +58.9% -> +63.1% (reversal +4.2%)",
      "severity": "MEDIUM"
    },
    {
      "quarter": "2025-03 (Q1)",
      "signal": "YoY REVENUE GROWTH DECELERATION",
      "detail": "YoY growth: -14.3% vs prior quarter YoY: +4.9% (decel: -19.2%)",
      "severity": "WARNING"
    },
    {
      "quarter": "2024-12 (Q4)",
      "signal": "OP MARGIN TURNED POSITIVE (YoY)",
      "detail": "Op margin: -2.4% (year-ago) -> +6.9%",
      "severity": "HIGH"
    },
    {
      "quarter": "2024-12 (Q4)",
      "signal": "OP MARGIN TURNED POSITIVE (QoQ)",
      "detail": "Op margin: -1.5% -> +6.9%",
      "severity": "HIGH"
    },
    {
      "quarter": "2024-06 (Q2)",
      "signal": "FCF TURNED POSITIVE",
      "detail": "FCF margin: -37.7% -> +0.4%",
      "severity": "HIGH"
    },
    {
      "quarter": "2024-06 (Q2)",
      "signal": "OPERATING LEVERAGE",
      "detail": "Rev growth +17.4% vs OpEx growth +1.0% (leverage: 17.2x)",
      "severity": "MEDIUM"
    },
    {
      "quarter": "2024-06 (Q2)",
      "signal": "YoY REVENUE GROWTH DECELERATION",
      "detail": "YoY growth: -3.7% vs prior quarter YoY: +5.9% (decel: -9.6%)",
      "severity": "WARNING"
    },
    {
      "quarter": "2024-06 (Q2)",
      "signal": "OP MARGIN TURNED POSITIVE (QoQ)",
      "detail": "Op margin: -6.8% -> +5.2%",
      "severity": "HIGH"
    },
    {
      "quarter": "2024-03 (Q1)",
      "signal": "GROSS MARGIN INFLECTION",
      "detail": "GM: +60.8% -> +57.1% -> +59.9% (reversal +2.8%)",
      "severity": "MEDIUM"
    },
    {
      "quarter": "2024-03 (Q1)",
      "signal": "YoY REVENUE GROWTH ACCELERATION",
      "detail": "YoY growth: +5.9% vs prior quarter YoY: -5.6% (accel: +11.5%)",
      "severity": "MEDIUM"
    },
    {
      "quarter": "2023-12 (Q4)",
      "signal": "OPERATING LEVERAGE",
      "detail": "Rev growth +15.0% vs OpEx growth +7.3% (leverage: 2.1x)",
      "severity": "MEDIUM"
    },
    {
      "quarter": "2023-12 (Q4)",
      "signal": "YoY REVENUE GROWTH DECELERATION",
      "detail": "YoY growth: -5.6% vs prior quarter YoY: +23.0% (decel: -28.5%)",
      "severity": "WARNING"
    },
    {
      "quarter": "2023-06 (Q2)",
      "signal": "FCF TURNED POSITIVE",
      "detail": "FCF margin: -33.2% -> +6.6%",
      "severity": "HIGH"
    },
    {
      "quarter": "2023-06 (Q2)",
      "signal": "OPERATING LEVERAGE",
      "detail": "Rev growth +29.1% vs OpEx growth +9.0% (leverage: 3.2x)",
      "severity": "MEDIUM"
    },
    {
      "quarter": "2023-06 (Q2)",
      "signal": "GROSS MARGIN INFLECTION",
      "detail": "GM: +56.0% -> +53.9% -> +58.3% (reversal +4.4%)",
      "severity": "MEDIUM"
    },
    {
      "quarter": "2023-06 (Q2)",
      "signal": "YoY REVENUE GROWTH DECELERATION",
      "detail": "YoY growth: +23.3% vs prior quarter YoY: +33.1% (decel: -9.8%)",
      "severity": "WARNING"
    },
    {
      "quarter": "2023-06 (Q2)",
      "signal": "OP MARGIN TURNED POSITIVE (QoQ)",
      "detail": "Op margin: -11.7% -> +2.9%",
      "severity": "HIGH"
    },
    {
      "quarter": "2023-03 (Q1)",
      "signal": "YoY REVENUE GROWTH ACCELERATION",
      "detail": "YoY growth: +33.1% vs prior quarter YoY: +20.8% (accel: +12.3%)",
      "severity": "MEDIUM"
    },
    {
      "quarter": "2022-12 (Q4)",
      "signal": "FCF MARGIN EXPANSION",
      "detail": "FCF margin: -59.4% -> -19.5% (+40.0%)",
      "severity": "MEDIUM"
    },
    {
      "quarter": "2022-12 (Q4)",
      "signal": "OPERATING LEVERAGE",
      "detail": "Rev growth +49.8% vs OpEx growth +17.2% (leverage: 2.9x)",
      "severity": "MEDIUM"
    },
    {
      "quarter": "2022-12 (Q4)",
      "signal": "GROSS MARGIN INFLECTION",
      "detail": "GM: +55.5% -> +51.2% -> +56.0% (reversal +4.7%)",
      "severity": "MEDIUM"
    },
    {
      "quarter": "2022-12 (Q4)",
      "signal": "YoY REVENUE GROWTH ACCELERATION",
      "detail": "YoY growth: +20.8% vs prior quarter YoY: -0.5% (accel: +21.3%)",
      "severity": "HIGH"
    },
    {
      "quarter": "2022-12 (Q4)",
      "signal": "OP MARGIN TURNED POSITIVE (QoQ)",
      "detail": "Op margin: -16.1% -> +3.3%",
      "severity": "HIGH"
    },
    {
      "quarter": "2022-06 (Q2)",
      "signal": "FCF MARGIN EXPANSION",
      "detail": "FCF margin: -91.3% -> -57.9% (+33.4%)",
      "severity": "MEDIUM"
    },
    {
      "quarter": "2022-06 (Q2)",
      "signal": "OPERATING LEVERAGE",
      "detail": "Rev growth +39.4% vs OpEx growth +13.7% (leverage: 2.9x)",
      "severity": "MEDIUM"
    },
    {
      "quarter": "2022-06 (Q2)",
      "signal": "YoY REVENUE GROWTH DECELERATION",
      "detail": "YoY growth: -2.8% vs prior quarter YoY: +8.3% (decel: -11.1%)",
      "severity": "WARNING"
    },
    {
      "quarter": "2022-06 (Q2)",
      "signal": "OP MARGIN TURNED POSITIVE (QoQ)",
      "detail": "Op margin: -2.2% -> +5.1%",
      "severity": "HIGH"
    },
    {
      "quarter": "2022-03 (Q1)",
      "signal": "YoY REVENUE GROWTH DECELERATION",
      "detail": "YoY growth: +8.3% vs prior quarter YoY: +13.5% (decel: -5.3%)",
      "severity": "WARNING"
    },
    {
      "quarter": "2021-12 (Q4)",
      "signal": "OPERATING LEVERAGE",
      "detail": "Rev growth +23.4% vs OpEx growth +13.8% (leverage: 1.7x)",
      "severity": "MEDIUM"
    },
    {
      "quarter": "2021-06 (Q2)",
      "signal": "FCF TURNED POSITIVE",
      "detail": "FCF margin: -16.4% -> +0.9%",
      "severity": "HIGH"
    },
    {
      "quarter": "2021-06 (Q2)",
      "signal": "OPERATING LEVERAGE",
      "detail": "Rev growth +55.2% vs OpEx growth +8.6% (leverage: 6.4x)",
      "severity": "MEDIUM"
    }
  ],
  "data_quality": {
    "n_quarters": 20,
    "coverage": {
      "revenue": [
        20,
        20
      ],
      "gross_profit": [
        20,
        20
      ],
      "op_income": [
        20,
        20
      ],
      "fcf": [
        20,
        20
      ]
    },
    "gaps": [],
    "warnings": []
  },
  "market_cap": null,
  "source": "SEC EDGAR",
  "last_updated": "2026-02-03T01:00:48.790837"
}