{
  "ticker": "WW",
  "name": "WW INTERNATIONAL, INC.",
  "quarters": [
    {
      "date": "2021-01-02T00:00:00",
      "quarter_label": "2021-01 (Q1)",
      "revenue": 323427000,
      "gross_profit": 182083000,
      "operating_income": 47668000,
      "net_income": 12611000,
      "opex": 134415000,
      "cogs": 141345000,
      "rd": null,
      "sga": 71778000,
      "fcf": 7495000,
      "ocf": 8516000,
      "capex": -1021000,
      "gross_margin": 0.562980208826103,
      "op_margin": 0.1473841083150139,
      "fcf_margin": 0.023173699165499478
    },
    {
      "date": "2021-04-03T00:00:00",
      "quarter_label": "2021-04 (Q2)",
      "revenue": 331796000,
      "gross_profit": 193435000,
      "operating_income": 2831000,
      "net_income": -18227000,
      "opex": 190604000,
      "cogs": 138361000,
      "rd": null,
      "sga": 73671000,
      "fcf": -12566000,
      "ocf": -11878000,
      "capex": -688000,
      "gross_margin": 0.5829937672545781,
      "op_margin": 0.008532351203751704,
      "fcf_margin": -0.03787266874826701,
      "op_leverage_ratio": 0.06190043896807746,
      "fcf_margin_change": -0.06104636791376648
    },
    {
      "date": "2021-07-03T00:00:00",
      "quarter_label": "2021-07 (Q3)",
      "revenue": 311379000,
      "gross_profit": 186026000,
      "operating_income": 59673000,
      "net_income": 8860000,
      "opex": 126353000,
      "cogs": 125353000,
      "rd": null,
      "sga": 69199000,
      "fcf": 49834000,
      "ocf": 50130000,
      "capex": -296000,
      "gross_margin": 0.5974262875788027,
      "op_margin": 0.19164105479174895,
      "fcf_margin": 0.16004290591208784,
      "fcf_margin_change": 0.19791557466035484
    },
    {
      "date": "2021-10-02T00:00:00",
      "quarter_label": "2021-10 (Q4)",
      "revenue": 293497000,
      "gross_profit": 178037000,
      "operating_income": 79723000,
      "net_income": 46330000,
      "opex": 98314000,
      "cogs": 115460000,
      "rd": null,
      "sga": 63745000,
      "fcf": 86158000,
      "ocf": 87121000,
      "capex": -963000,
      "gross_margin": 0.6066058596851075,
      "op_margin": 0.27163139657304847,
      "fcf_margin": 0.29355666327083413,
      "fcf_margin_change": 0.1335137573587463
    },
    {
      "date": "2022-01-01T00:00:00",
      "quarter_label": "2022-01 (Q1)",
      "revenue": 275791000,
      "gross_profit": 168857000,
      "operating_income": 54057000,
      "net_income": 29929000,
      "opex": 114800000,
      "cogs": 106934000,
      "rd": null,
      "sga": 61999000,
      "fcf": 31409000,
      "ocf": 31908000,
      "capex": -499000,
      "gross_margin": 0.6122643596056434,
      "op_margin": 0.19600712133463383,
      "fcf_margin": 0.11388696512939146,
      "incr_op_margin_yoy": -0.1341212528339911,
      "rev_growth_yoy": -0.14728516790496773,
      "fcf_margin_change": -0.17966969814144268
    },
    {
      "date": "2022-04-02T00:00:00",
      "quarter_label": "2022-04 (Q2)",
      "revenue": 297761000,
      "gross_profit": 180098000,
      "operating_income": 8970000,
      "net_income": -8243000,
      "opex": 171128000,
      "cogs": 117663000,
      "rd": null,
      "sga": 63558000,
      "fcf": -10777000,
      "ocf": -10454000,
      "capex": -323000,
      "gross_margin": 0.6048407951343527,
      "op_margin": 0.03012483166029131,
      "fcf_margin": -0.036193457168668834,
      "incr_op_margin_yoy": -0.18037314529161158,
      "rev_growth_yoy": -0.10257809015178002,
      "rev_growth_yoy_accel": 0.04470707775318772,
      "op_leverage_ratio": 0.16235569387896037,
      "fcf_margin_change": -0.1500804222980603
    },
    {
      "date": "2022-07-02T00:00:00",
      "quarter_label": "2022-07 (Q3)",
      "revenue": 269454000,
      "gross_profit": 162962000,
      "operating_income": 13366000,
      "net_income": -4623000,
      "opex": 149596000,
      "cogs": 106492000,
      "rd": null,
      "sga": 71319000,
      "fcf": 36124000,
      "ocf": 36867000,
      "capex": -743000,
      "gross_margin": 0.6047859746004884,
      "op_margin": 0.04960401404321331,
      "fcf_margin": 0.13406369918427635,
      "incr_op_margin_yoy": 1.1045199761478832,
      "rev_growth_yoy": -0.13464299133852958,
      "rev_growth_yoy_accel": -0.03206490118674957,
      "fcf_margin_change": 0.1702571563529452
    },
    {
      "date": "2022-10-01T00:00:00",
      "quarter_label": "2022-10 (Q4)",
      "revenue": 249718000,
      "gross_profit": 152351000,
      "operating_income": -254529000,
      "net_income": -206036000,
      "opex": 406880000,
      "cogs": 97367000,
      "rd": null,
      "sga": 58443000,
      "fcf": 53443000,
      "ocf": 54133000,
      "capex": -690000,
      "gross_margin": 0.6100921839835334,
      "op_margin": -1.0192657317454088,
      "fcf_margin": 0.21401340712323502,
      "incr_op_margin_yoy": 7.6349848100687545,
      "rev_growth_yoy": -0.14916336453183507,
      "rev_growth_yoy_accel": -0.014520373193305486,
      "fcf_margin_change": 0.07994970793895867
    },
    {
      "date": "2022-12-31T00:00:00",
      "quarter_label": "2022-12 (Q4)",
      "revenue": 222903000,
      "gross_profit": 125969000,
      "operating_income": -51777000,
      "net_income": -35780000,
      "opex": 177746000,
      "cogs": 96935000,
      "rd": null,
      "sga": 70520000,
      "fcf": -4209000,
      "ocf": -3900000,
      "capex": -309000,
      "gross_margin": 0.5651292266142672,
      "op_margin": -0.23228489522348286,
      "fcf_margin": -0.0188826529925573,
      "incr_op_margin_yoy": 2.001096657086674,
      "rev_growth_yoy": -0.19176840433516684,
      "rev_growth_yoy_accel": -0.04260503980333177,
      "fcf_margin_change": -0.23289606011579234
    },
    {
      "date": "2023-04-01T00:00:00",
      "quarter_label": "2023-04 (Q2)",
      "revenue": 241895000,
      "gross_profit": 119511000,
      "operating_income": -28583000,
      "net_income": -118679000,
      "opex": 148094000,
      "cogs": 122384000,
      "rd": null,
      "sga": 59860000,
      "fcf": -27712000,
      "ocf": -26722000,
      "capex": -990000,
      "gross_margin": 0.49406147295314085,
      "op_margin": -0.11816283924843424,
      "fcf_margin": -0.1145621033919676,
      "incr_op_margin_yoy": 0.6721977589231375,
      "rev_growth_yoy": -0.18762027263476413,
      "rev_growth_yoy_accel": 0.004148131700402707,
      "op_leverage_ratio": Infinity,
      "fcf_margin_change": -0.0956794503994103
    },
    {
      "date": "2023-07-01T00:00:00",
      "quarter_label": "2023-07 (Q3)",
      "revenue": 226830000,
      "gross_profit": 143180000,
      "operating_income": 26317000,
      "net_income": 50828000,
      "opex": 116863000,
      "cogs": 83650000,
      "rd": null,
      "sga": 65744000,
      "fcf": -1091000,
      "ocf": -335000,
      "capex": -756000,
      "gross_margin": 0.6312216197152052,
      "op_margin": 0.11602080853502623,
      "fcf_margin": -0.004809769430851298,
      "incr_op_margin_yoy": -0.30384290540540543,
      "rev_growth_yoy": -0.15818655503351223,
      "rev_growth_yoy_accel": 0.029433717601251908,
      "fcf_margin_change": 0.10975233396111629
    },
    {
      "date": "2023-09-30T00:00:00",
      "quarter_label": "2023-09 (Q3)",
      "revenue": 214871000,
      "gross_profit": 141755000,
      "operating_income": 30607000,
      "net_income": 43731000,
      "opex": 111148000,
      "cogs": 73116000,
      "rd": null,
      "sga": 63034000,
      "fcf": 25507000,
      "ocf": 25904000,
      "capex": -397000,
      "gross_margin": 0.6597214142438952,
      "op_margin": 0.1424436056983027,
      "fcf_margin": 0.11870843436294334,
      "incr_op_margin_yoy": -8.18251212442965,
      "rev_growth_yoy": -0.13954540721934341,
      "rev_growth_yoy_accel": 0.018641147814168813,
      "fcf_margin_change": 0.12351820379379465
    },
    {
      "date": "2023-12-30T00:00:00",
      "quarter_label": "2023-12 (Q4)",
      "revenue": 205955000,
      "gross_profit": 124857000,
      "operating_income": -6008000,
      "net_income": -88135000,
      "opex": 130865000,
      "cogs": 81100000,
      "rd": null,
      "sga": 76312000,
      "fcf": 7497000,
      "ocf": 7839000,
      "capex": -342000,
      "gross_margin": 0.6062343715860261,
      "op_margin": -0.029171420941467796,
      "fcf_margin": 0.036401155592241025,
      "incr_op_margin_yoy": -2.700554637715365,
      "rev_growth_yoy": -0.07603307268183919,
      "rev_growth_yoy_accel": 0.06351233453750423,
      "fcf_margin_change": -0.08230727877070232
    },
    {
      "date": "2024-03-30T00:00:00",
      "quarter_label": "2024-03 (Q1)",
      "revenue": 206548000,
      "gross_profit": 137800000,
      "operating_income": -269332000,
      "net_income": -347902000,
      "opex": 407132000,
      "cogs": 68748000,
      "rd": null,
      "sga": 58982000,
      "fcf": -36511000,
      "ocf": -36035000,
      "capex": -476000,
      "gross_margin": 0.6671572709491256,
      "op_margin": -1.303968084900362,
      "fcf_margin": -0.17676762786374112,
      "incr_op_margin_yoy": 6.811016493620392,
      "rev_growth_yoy": -0.14612538498108685,
      "rev_growth_yoy_accel": -0.07009231229924766,
      "fcf_margin_change": -0.21316878345598214
    },
    {
      "date": "2024-06-29T00:00:00",
      "quarter_label": "2024-06 (Q2)",
      "revenue": 202073000,
      "gross_profit": 137294000,
      "operating_income": 35933000,
      "net_income": 23269000,
      "opex": 101361000,
      "cogs": 64779000,
      "rd": null,
      "sga": 47665000,
      "fcf": -2195000,
      "ocf": -1941000,
      "capex": -254000,
      "gross_margin": 0.6794277315623561,
      "op_margin": 0.17782187625264137,
      "fcf_margin": -0.0108624111088567,
      "incr_op_margin_yoy": -0.3884153976653068,
      "rev_growth_yoy": -0.10914341136533968,
      "rev_growth_yoy_accel": 0.03698197361574716,
      "fcf_margin_change": 0.16590521675488443
    },
    {
      "date": "2024-09-28T00:00:00",
      "quarter_label": "2024-09 (Q3)",
      "revenue": 192887000,
      "gross_profit": 129496000,
      "operating_income": -39045000,
      "net_income": -46192000,
      "opex": 168541000,
      "cogs": 63391000,
      "rd": null,
      "sga": 67094000,
      "fcf": 16661000,
      "ocf": 16529000,
      "capex": 132000,
      "gross_margin": 0.671356804761337,
      "op_margin": -0.2024242172878421,
      "fcf_margin": 0.08637699793143136,
      "incr_op_margin_yoy": 3.1683042212518195,
      "rev_growth_yoy": -0.1023125503208902,
      "rev_growth_yoy_accel": 0.006830861044449479,
      "fcf_margin_change": 0.09723940904028806
    },
    {
      "date": "2024-12-28T00:00:00",
      "quarter_label": "2024-12 (Q4)",
      "revenue": 184413000,
      "gross_profit": 128513000,
      "operating_income": 36222000,
      "net_income": 25123000,
      "opex": 92291000,
      "cogs": 55900000,
      "rd": null,
      "sga": 44084000,
      "fcf": 4487000,
      "ocf": 4607000,
      "capex": -120000,
      "gross_margin": 0.6968760336852609,
      "op_margin": 0.19641782303850597,
      "fcf_margin": 0.024331256473242125,
      "incr_op_margin_yoy": -1.9603565128586018,
      "rev_growth_yoy": -0.10459566410138137,
      "rev_growth_yoy_accel": -0.002283113780491161,
      "fcf_margin_change": -0.06204574145818924
    },
    {
      "date": "2025-03-29T00:00:00",
      "quarter_label": "2025-03 (Q1)",
      "revenue": 186571000,
      "gross_profit": 132876000,
      "operating_income": -20201000,
      "net_income": -72585000,
      "opex": 153077000,
      "cogs": 53695000,
      "rd": null,
      "sga": 46750000,
      "fcf": 14993000,
      "ocf": 14998000,
      "capex": -5000,
      "gross_margin": 0.7122007171532553,
      "op_margin": -0.10827513386324777,
      "fcf_margin": 0.08036082778138082,
      "incr_op_margin_yoy": -12.470891525254043,
      "rev_growth_yoy": -0.0967184383291051,
      "rev_growth_yoy_accel": 0.007877225772276272,
      "op_leverage_ratio": 0.01776706509024606,
      "fcf_margin_change": 0.056029571308138695
    },
    {
      "date": "2025-06-24T00:00:00",
      "quarter_label": "2025-06 (Q2)",
      "revenue": 176997000,
      "gross_profit": 130508000,
      "operating_income": 41404000,
      "net_income": 1190688000,
      "opex": 89104000,
      "cogs": 46489000,
      "rd": null,
      "sga": 42851000,
      "fcf": -49503000,
      "ocf": -49421000,
      "capex": -82000,
      "gross_margin": 0.7373458307202947,
      "op_margin": 0.23392486878308671,
      "fcf_margin": -0.27968270648655064,
      "incr_op_margin_yoy": -0.21817674270218534,
      "rev_growth_yoy": -0.12409376809370871,
      "rev_growth_yoy_accel": -0.02737532976460362,
      "fcf_margin_change": -0.36004353426793145
    },
    {
      "date": "2025-09-30T00:00:00",
      "quarter_label": "2025-09 (Q3)",
      "revenue": 184258000,
      "gross_profit": 133020000,
      "operating_income": 10621000,
      "net_income": -56262000,
      "opex": 122399000,
      "cogs": 51238000,
      "rd": null,
      "sga": 62975000,
      "fcf": 8412000,
      "ocf": 8418000,
      "capex": -6000,
      "gross_margin": 0.7219225216815552,
      "op_margin": 0.05764200197549089,
      "fcf_margin": 0.04565337732961391,
      "incr_op_margin_yoy": -5.755707497971955,
      "rev_growth_yoy": -0.04473603716165423,
      "rev_growth_yoy_accel": 0.07935773093205448,
      "op_leverage_ratio": 0.10978644254771187,
      "fcf_margin_change": 0.3253360838161645
    }
  ],
  "signals": [
    {
      "quarter": "2025-09 (Q3)",
      "signal": "FCF TURNED POSITIVE",
      "detail": "FCF margin: -28.0% -> +4.6%",
      "severity": "HIGH"
    },
    {
      "quarter": "2025-09 (Q3)",
      "signal": "YoY REVENUE GROWTH ACCELERATION",
      "detail": "YoY growth: -4.5% vs prior quarter YoY: -12.4% (accel: +7.9%)",
      "severity": "MEDIUM"
    },
    {
      "quarter": "2025-09 (Q3)",
      "signal": "OP MARGIN TURNED POSITIVE (YoY)",
      "detail": "Op margin: -20.2% (year-ago) -> +5.8%",
      "severity": "HIGH"
    },
    {
      "quarter": "2025-06 (Q2)",
      "signal": "OP MARGIN TURNED POSITIVE (QoQ)",
      "detail": "Op margin: -10.8% -> +23.4%",
      "severity": "HIGH"
    },
    {
      "quarter": "2025-03 (Q1)",
      "signal": "FCF MARGIN EXPANSION",
      "detail": "FCF margin: +2.4% -> +8.0% (+5.6%)",
      "severity": "MEDIUM"
    },
    {
      "quarter": "2024-12 (Q4)",
      "signal": "GROSS MARGIN INFLECTION",
      "detail": "GM: +67.9% -> +67.1% -> +69.7% (reversal +2.6%)",
      "severity": "MEDIUM"
    },
    {
      "quarter": "2024-12 (Q4)",
      "signal": "OP MARGIN TURNED POSITIVE (YoY)",
      "detail": "Op margin: -2.9% (year-ago) -> +19.6%",
      "severity": "HIGH"
    },
    {
      "quarter": "2024-12 (Q4)",
      "signal": "OP MARGIN TURNED POSITIVE (QoQ)",
      "detail": "Op margin: -20.2% -> +19.6%",
      "severity": "HIGH"
    },
    {
      "quarter": "2024-09 (Q3)",
      "signal": "FCF TURNED POSITIVE",
      "detail": "FCF margin: -1.1% -> +8.6%",
      "severity": "HIGH"
    },
    {
      "quarter": "2024-06 (Q2)",
      "signal": "FCF MARGIN EXPANSION",
      "detail": "FCF margin: -17.7% -> -1.1% (+16.6%)",
      "severity": "MEDIUM"
    },
    {
      "quarter": "2024-06 (Q2)",
      "signal": "OP MARGIN TURNED POSITIVE (QoQ)",
      "detail": "Op margin: -130.4% -> +17.8%",
      "severity": "HIGH"
    },
    {
      "quarter": "2024-03 (Q1)",
      "signal": "GROSS MARGIN INFLECTION",
      "detail": "GM: +66.0% -> +60.6% -> +66.7% (reversal +6.1%)",
      "severity": "HIGH"
    },
    {
      "quarter": "2024-03 (Q1)",
      "signal": "YoY REVENUE GROWTH DECELERATION",
      "detail": "YoY growth: -14.6% vs prior quarter YoY: -7.6% (decel: -7.0%)",
      "severity": "WARNING"
    },
    {
      "quarter": "2023-12 (Q4)",
      "signal": "YoY REVENUE GROWTH ACCELERATION",
      "detail": "YoY growth: -7.6% vs prior quarter YoY: -14.0% (accel: +6.4%)",
      "severity": "MEDIUM"
    },
    {
      "quarter": "2023-09 (Q3)",
      "signal": "FCF TURNED POSITIVE",
      "detail": "FCF margin: -0.5% -> +11.9%",
      "severity": "HIGH"
    },
    {
      "quarter": "2023-09 (Q3)",
      "signal": "OP MARGIN TURNED POSITIVE (YoY)",
      "detail": "Op margin: -101.9% (year-ago) -> +14.2%",
      "severity": "HIGH"
    },
    {
      "quarter": "2023-07 (Q3)",
      "signal": "FCF MARGIN EXPANSION",
      "detail": "FCF margin: -11.5% -> -0.5% (+11.0%)",
      "severity": "MEDIUM"
    },
    {
      "quarter": "2023-07 (Q3)",
      "signal": "GROSS MARGIN INFLECTION",
      "detail": "GM: +56.5% -> +49.4% -> +63.1% (reversal +13.7%)",
      "severity": "HIGH"
    },
    {
      "quarter": "2023-07 (Q3)",
      "signal": "OP MARGIN TURNED POSITIVE (QoQ)",
      "detail": "Op margin: -11.8% -> +11.6%",
      "severity": "HIGH"
    },
    {
      "quarter": "2022-10 (Q4)",
      "signal": "FCF MARGIN EXPANSION",
      "detail": "FCF margin: +13.4% -> +21.4% (+8.0%)",
      "severity": "MEDIUM"
    },
    {
      "quarter": "2022-07 (Q3)",
      "signal": "FCF TURNED POSITIVE",
      "detail": "FCF margin: -3.6% -> +13.4%",
      "severity": "HIGH"
    },
    {
      "quarter": "2022-07 (Q3)",
      "signal": "INCREMENTAL MARGIN (YoY)",
      "detail": "YoY Incr OPM: +110.5% vs year-ago OPM: +19.2%",
      "severity": "HIGH"
    },
    {
      "quarter": "2021-10 (Q4)",
      "signal": "FCF MARGIN EXPANSION",
      "detail": "FCF margin: +16.0% -> +29.4% (+13.4%)",
      "severity": "MEDIUM"
    },
    {
      "quarter": "2021-07 (Q3)",
      "signal": "FCF TURNED POSITIVE",
      "detail": "FCF margin: -3.8% -> +16.0%",
      "severity": "HIGH"
    }
  ],
  "data_quality": {
    "n_quarters": 20,
    "coverage": {
      "revenue": [
        20,
        20
      ],
      "gross_profit": [
        20,
        20
      ],
      "op_income": [
        20,
        20
      ],
      "fcf": [
        20,
        20
      ]
    },
    "gaps": [],
    "warnings": []
  },
  "market_cap": null,
  "source": "SEC EDGAR",
  "last_updated": "2026-02-02T22:58:09.926706"
}