{
  "ticker": "WWW",
  "name": "WOLVERINE WORLD WIDE, INC.",
  "quarters": [
    {
      "date": "2021-01-02T00:00:00",
      "quarter_label": "2021-01 (Q1)",
      "revenue": 509600000,
      "gross_profit": 204600000,
      "operating_income": -204100000,
      "net_income": -170700000,
      "opex": 408700000,
      "cogs": 305000000,
      "rd": null,
      "sga": 182200000,
      "fcf": 169300000,
      "ocf": 173600000,
      "capex": -4300000,
      "gross_margin": 0.40149136577708006,
      "op_margin": -0.4005102040816326,
      "fcf_margin": 0.33222135007849296
    },
    {
      "date": "2021-04-03T00:00:00",
      "quarter_label": "2021-04 (Q2)",
      "revenue": 510700000,
      "gross_profit": 222300000,
      "operating_income": 58100000,
      "net_income": 38500000,
      "opex": 164200000,
      "cogs": 288400000,
      "rd": null,
      "sga": 174400000,
      "fcf": 24100000,
      "ocf": 26300000,
      "capex": -2200000,
      "gross_margin": 0.43528490307421186,
      "op_margin": 0.11376542001174858,
      "fcf_margin": 0.04719013119248091,
      "fcf_margin_change": -0.28503121888601207
    },
    {
      "date": "2021-07-03T00:00:00",
      "quarter_label": "2021-07 (Q3)",
      "revenue": 631900000,
      "gross_profit": 270400000,
      "operating_income": 63800000,
      "net_income": 44700000,
      "opex": 206600000,
      "cogs": 361500000,
      "rd": null,
      "sga": 201800000,
      "fcf": 20900000,
      "ocf": 25400000,
      "capex": -4500000,
      "gross_margin": 0.4279158094635227,
      "op_margin": 0.10096534261750277,
      "fcf_margin": 0.033074853616078495,
      "op_leverage_ratio": 0.9190604091313809,
      "fcf_margin_change": -0.014115277576402414
    },
    {
      "date": "2021-10-02T00:00:00",
      "quarter_label": "2021-10 (Q4)",
      "revenue": 636700000,
      "gross_profit": 274800000,
      "operating_income": 42500000,
      "net_income": 0,
      "opex": 232300000,
      "cogs": 361900000,
      "rd": null,
      "sga": 215000000,
      "fcf": -38000000,
      "ocf": -34700000,
      "capex": -3300000,
      "gross_margin": 0.4316004397675514,
      "op_margin": 0.06675043191455944,
      "fcf_margin": -0.059682739123606096,
      "fcf_margin_change": -0.09275759273968459
    },
    {
      "date": "2022-01-01T00:00:00",
      "quarter_label": "2022-01 (Q1)",
      "revenue": 635600000,
      "gross_profit": 262400000,
      "operating_income": -8700000,
      "net_income": -14600000,
      "opex": 271100000,
      "cogs": 373200000,
      "rd": null,
      "sga": 226600000,
      "fcf": 62200000,
      "ocf": 69800000,
      "capex": -7600000,
      "gross_margin": 0.4128382630585274,
      "op_margin": -0.01368785399622404,
      "fcf_margin": 0.09786028949024543,
      "incr_op_margin_yoy": 1.5507936507936508,
      "rev_growth_yoy": 0.24725274725274726,
      "fcf_margin_change": 0.15754302861385153
    },
    {
      "date": "2022-04-02T00:00:00",
      "quarter_label": "2022-04 (Q2)",
      "revenue": 614800000,
      "gross_profit": 261300000,
      "operating_income": 19600000,
      "net_income": 9700000,
      "opex": 241700000,
      "cogs": 353500000,
      "rd": null,
      "sga": 211300000,
      "fcf": -100000000,
      "ocf": -92500000,
      "capex": -7500000,
      "gross_margin": 0.4250162654521796,
      "op_margin": 0.03188028627195836,
      "fcf_margin": -0.16265452179570591,
      "incr_op_margin_yoy": -0.36983669548511044,
      "rev_growth_yoy": 0.20383786959075778,
      "rev_growth_yoy_accel": -0.04341487766198948,
      "fcf_margin_change": -0.26051481128595133
    },
    {
      "date": "2022-07-02T00:00:00",
      "quarter_label": "2022-07 (Q3)",
      "revenue": 713600000,
      "gross_profit": 307100000,
      "operating_income": 167900000,
      "net_income": 124600000,
      "opex": 139200000,
      "cogs": 406500000,
      "rd": null,
      "sga": 229200000,
      "fcf": -164000000,
      "ocf": -155400000,
      "capex": -8600000,
      "gross_margin": 0.4303531390134529,
      "op_margin": 0.2352858744394619,
      "fcf_margin": -0.22982062780269058,
      "incr_op_margin_yoy": 1.2741738066095472,
      "rev_growth_yoy": 0.129292609590125,
      "rev_growth_yoy_accel": -0.07454526000063277,
      "op_leverage_ratio": Infinity,
      "fcf_margin_change": -0.06716610600698467
    },
    {
      "date": "2022-10-01T00:00:00",
      "quarter_label": "2022-10 (Q4)",
      "revenue": 691400000,
      "gross_profit": 277800000,
      "operating_income": 58800000,
      "net_income": 39000000,
      "opex": 219000000,
      "cogs": 413600000,
      "rd": null,
      "sga": 216800000,
      "fcf": -249700000,
      "ocf": -242300000,
      "capex": -7400000,
      "gross_margin": 0.4017934625397744,
      "op_margin": 0.08504483656349436,
      "fcf_margin": -0.3611512872432745,
      "incr_op_margin_yoy": 0.2979890310786106,
      "rev_growth_yoy": 0.08591173237003298,
      "rev_growth_yoy_accel": -0.043380877220092026,
      "fcf_margin_change": -0.13133065944058392
    },
    {
      "date": "2022-12-31T00:00:00",
      "quarter_label": "2022-12 (Q4)",
      "revenue": 665000000,
      "gross_profit": 224200000,
      "operating_income": -454700000,
      "net_income": -361600000,
      "opex": 678900000,
      "cogs": 440800000,
      "rd": null,
      "sga": 249100000,
      "fcf": 298300000,
      "ocf": 311300000,
      "capex": -13000000,
      "gross_margin": 0.33714285714285713,
      "op_margin": -0.6837593984962406,
      "fcf_margin": 0.44857142857142857,
      "incr_op_margin_yoy": -15.170068027210885,
      "rev_growth_yoy": 0.046255506607929514,
      "rev_growth_yoy_accel": -0.03965622576210347,
      "fcf_margin_change": 0.8097227158147031
    },
    {
      "date": "2023-04-01T00:00:00",
      "quarter_label": "2023-04 (Q2)",
      "revenue": 599400000,
      "gross_profit": 236300000,
      "operating_income": 45300000,
      "net_income": 19000000,
      "opex": 191000000,
      "cogs": 363100000,
      "rd": null,
      "sga": 212000000,
      "fcf": -105100000,
      "ocf": -97800000,
      "capex": -7300000,
      "gross_margin": 0.39422756089422756,
      "op_margin": 0.07557557557557558,
      "fcf_margin": -0.175342008675342,
      "incr_op_margin_yoy": -1.6688311688311688,
      "rev_growth_yoy": -0.025048796356538713,
      "rev_growth_yoy_accel": -0.07130430296446823,
      "fcf_margin_change": -0.6239134372467705
    },
    {
      "date": "2023-07-01T00:00:00",
      "quarter_label": "2023-07 (Q3)",
      "revenue": 589100000,
      "gross_profit": 227800000,
      "operating_income": 46100000,
      "net_income": 24000000,
      "opex": 181700000,
      "cogs": 361300000,
      "rd": null,
      "sga": 195500000,
      "fcf": 136800000,
      "ocf": 143700000,
      "capex": -6900000,
      "gross_margin": 0.38669156340179933,
      "op_margin": 0.0782549652011543,
      "fcf_margin": 0.23221863860125616,
      "incr_op_margin_yoy": 0.9783132530120482,
      "rev_growth_yoy": -0.17446748878923768,
      "rev_growth_yoy_accel": -0.14941869243269895,
      "fcf_margin_change": 0.40756064727659813
    },
    {
      "date": "2023-09-30T00:00:00",
      "quarter_label": "2023-09 (Q3)",
      "revenue": 527700000,
      "gross_profit": 215400000,
      "operating_income": 27300000,
      "net_income": 8600000,
      "opex": 188100000,
      "cogs": 312300000,
      "rd": null,
      "sga": 203300000,
      "fcf": -43200000,
      "ocf": -38900000,
      "capex": -4300000,
      "gross_margin": 0.4081864695849915,
      "op_margin": 0.05173393973848778,
      "fcf_margin": -0.08186469584991472,
      "incr_op_margin_yoy": 0.19242516799022602,
      "rev_growth_yoy": -0.2367659820653746,
      "rev_growth_yoy_accel": -0.06229849327613693,
      "fcf_margin_change": -0.31408333445117087
    },
    {
      "date": "2023-12-30T00:00:00",
      "quarter_label": "2023-12 (Q4)",
      "revenue": 526700000,
      "gross_profit": 193000000,
      "operating_income": -186900000,
      "net_income": -91200000,
      "opex": 379900000,
      "cogs": 333700000,
      "rd": null,
      "sga": 245400000,
      "fcf": 118700000,
      "ocf": 114800000,
      "capex": 3900000,
      "gross_margin": 0.3664325042718815,
      "op_margin": -0.35485095880007594,
      "fcf_margin": 0.225365483197266,
      "incr_op_margin_yoy": -1.9363702096890818,
      "rev_growth_yoy": -0.20796992481203008,
      "rev_growth_yoy_accel": 0.028796057253344526,
      "fcf_margin_change": 0.3072301790471807
    },
    {
      "date": "2024-03-30T00:00:00",
      "quarter_label": "2024-03 (Q1)",
      "revenue": 394900000,
      "gross_profit": 181400000,
      "operating_income": -3100000,
      "net_income": -14500000,
      "opex": 184500000,
      "cogs": 213500000,
      "rd": null,
      "sga": 176800000,
      "fcf": -42300000,
      "ocf": -37200000,
      "capex": -5100000,
      "gross_margin": 0.45935679918966826,
      "op_margin": -0.00785008863003292,
      "fcf_margin": -0.10711572550012662,
      "incr_op_margin_yoy": 0.23667481662591688,
      "rev_growth_yoy": -0.34117450784117453,
      "rev_growth_yoy_accel": -0.13320458302914445,
      "fcf_margin_change": -0.3324812086973926
    },
    {
      "date": "2024-06-29T00:00:00",
      "quarter_label": "2024-06 (Q2)",
      "revenue": 425200000,
      "gross_profit": 183200000,
      "operating_income": 29100000,
      "net_income": 14200000,
      "opex": 154100000,
      "cogs": 242000000,
      "rd": null,
      "sga": 166600000,
      "fcf": 23700000,
      "ocf": 26700000,
      "capex": -3000000,
      "gross_margin": 0.4308560677328316,
      "op_margin": 0.06843838193791157,
      "fcf_margin": 0.055738476011288805,
      "incr_op_margin_yoy": 0.10372178157413056,
      "rev_growth_yoy": -0.27822101510779157,
      "rev_growth_yoy_accel": 0.06295349273338297,
      "op_leverage_ratio": Infinity,
      "fcf_margin_change": 0.16285420151141541
    },
    {
      "date": "2024-09-28T00:00:00",
      "quarter_label": "2024-09 (Q3)",
      "revenue": 440200000,
      "gross_profit": 199200000,
      "operating_income": 35200000,
      "net_income": 23600000,
      "opex": 164000000,
      "cogs": 241000000,
      "rd": null,
      "sga": 171200000,
      "fcf": 104100000,
      "ocf": 108200000,
      "capex": -4100000,
      "gross_margin": 0.45252158109950025,
      "op_margin": 0.07996365288505225,
      "fcf_margin": 0.2364834166288051,
      "incr_op_margin_yoy": -0.09028571428571429,
      "rev_growth_yoy": -0.16581390941823004,
      "rev_growth_yoy_accel": 0.11240710568956153,
      "op_leverage_ratio": 0.5491177057498788,
      "fcf_margin_change": 0.18074494061751628
    },
    {
      "date": "2024-12-28T00:00:00",
      "quarter_label": "2024-12 (Q4)",
      "revenue": 494700000,
      "gross_profit": 217700000,
      "operating_income": 39800000,
      "net_income": 24600000,
      "opex": 177900000,
      "cogs": 277000000,
      "rd": null,
      "sga": 175400000,
      "fcf": 74400000,
      "ocf": 82400000,
      "capex": -8000000,
      "gross_margin": 0.44006468566808166,
      "op_margin": 0.08045279967657167,
      "fcf_margin": 0.15039417828987264,
      "incr_op_margin_yoy": -7.084375,
      "rev_growth_yoy": -0.06075564837668502,
      "rev_growth_yoy_accel": 0.10505826104154503,
      "op_leverage_ratio": 1.4607487113444182,
      "fcf_margin_change": -0.08608923833893245
    },
    {
      "date": "2025-03-29T00:00:00",
      "quarter_label": "2025-03 (Q1)",
      "revenue": 412300000,
      "gross_profit": 194800000,
      "operating_income": 19700000,
      "net_income": 11100000,
      "opex": 175100000,
      "cogs": 217500000,
      "rd": null,
      "sga": 172000000,
      "fcf": -91400000,
      "ocf": -83800000,
      "capex": -7600000,
      "gross_margin": 0.47247150133398014,
      "op_margin": 0.047780742178025706,
      "fcf_margin": -0.22168324035896192,
      "incr_op_margin_yoy": 1.3103448275862069,
      "rev_growth_yoy": 0.044061787794378325,
      "rev_growth_yoy_accel": 0.10481743617106334,
      "fcf_margin_change": -0.3720774186488346
    },
    {
      "date": "2025-06-28T00:00:00",
      "quarter_label": "2025-06 (Q2)",
      "revenue": 474200000,
      "gross_profit": 224000000,
      "operating_income": 40700000,
      "net_income": 26800000,
      "opex": 183300000,
      "cogs": 250200000,
      "rd": null,
      "sga": 182400000,
      "fcf": 41200000,
      "ocf": 44600000,
      "capex": -3400000,
      "gross_margin": 0.47237452551665965,
      "op_margin": 0.08582876423450021,
      "fcf_margin": 0.08688317165752847,
      "incr_op_margin_yoy": 0.23673469387755103,
      "rev_growth_yoy": 0.11523988711194733,
      "rev_growth_yoy_accel": 0.071178099317569,
      "op_leverage_ratio": 3.2058973160675097,
      "fcf_margin_change": 0.3085664120164904
    },
    {
      "date": "2025-09-27T00:00:00",
      "quarter_label": "2025-09 (Q3)",
      "revenue": 470300000,
      "gross_profit": 223200000,
      "operating_income": 39600000,
      "net_income": 25100000,
      "opex": 183600000,
      "cogs": 247100000,
      "rd": null,
      "sga": 183100000,
      "fcf": 30100000,
      "ocf": 33000000,
      "capex": -2900000,
      "gross_margin": 0.47459068679566235,
      "op_margin": 0.08420157346374654,
      "fcf_margin": 0.06400170104188815,
      "incr_op_margin_yoy": 0.1461794019933555,
      "rev_growth_yoy": 0.06837800999545661,
      "rev_growth_yoy_accel": -0.046861877116490716,
      "fcf_margin_change": -0.022881470615640317
    }
  ],
  "signals": [
    {
      "quarter": "2025-06 (Q2)",
      "signal": "FCF TURNED POSITIVE",
      "detail": "FCF margin: -22.2% -> +8.7%",
      "severity": "HIGH"
    },
    {
      "quarter": "2025-06 (Q2)",
      "signal": "OPERATING LEVERAGE",
      "detail": "Rev growth +15.0% vs OpEx growth +4.7% (leverage: 3.2x)",
      "severity": "MEDIUM"
    },
    {
      "quarter": "2025-06 (Q2)",
      "signal": "YoY REVENUE GROWTH ACCELERATION",
      "detail": "YoY growth: +11.5% vs prior quarter YoY: +4.4% (accel: +7.1%)",
      "severity": "MEDIUM"
    },
    {
      "quarter": "2025-06 (Q2)",
      "signal": "INCREMENTAL MARGIN (YoY)",
      "detail": "YoY Incr OPM: +23.7% vs year-ago OPM: +6.8%",
      "severity": "MEDIUM"
    },
    {
      "quarter": "2025-03 (Q1)",
      "signal": "GROSS MARGIN INFLECTION",
      "detail": "GM: +45.3% -> +44.0% -> +47.2% (reversal +3.2%)",
      "severity": "MEDIUM"
    },
    {
      "quarter": "2025-03 (Q1)",
      "signal": "YoY REVENUE GROWTH ACCELERATION",
      "detail": "YoY growth: +4.4% vs prior quarter YoY: -6.1% (accel: +10.5%)",
      "severity": "MEDIUM"
    },
    {
      "quarter": "2025-03 (Q1)",
      "signal": "OP MARGIN TURNED POSITIVE (YoY)",
      "detail": "Op margin: -0.8% (year-ago) -> +4.8%",
      "severity": "HIGH"
    },
    {
      "quarter": "2024-12 (Q4)",
      "signal": "YoY REVENUE GROWTH ACCELERATION",
      "detail": "YoY growth: -6.1% vs prior quarter YoY: -16.6% (accel: +10.5%)",
      "severity": "MEDIUM"
    },
    {
      "quarter": "2024-12 (Q4)",
      "signal": "OP MARGIN TURNED POSITIVE (YoY)",
      "detail": "Op margin: -35.5% (year-ago) -> +8.0%",
      "severity": "HIGH"
    },
    {
      "quarter": "2024-09 (Q3)",
      "signal": "FCF MARGIN EXPANSION",
      "detail": "FCF margin: +5.6% -> +23.6% (+18.1%)",
      "severity": "MEDIUM"
    },
    {
      "quarter": "2024-09 (Q3)",
      "signal": "GROSS MARGIN INFLECTION",
      "detail": "GM: +45.9% -> +43.1% -> +45.3% (reversal +2.2%)",
      "severity": "MEDIUM"
    },
    {
      "quarter": "2024-09 (Q3)",
      "signal": "YoY REVENUE GROWTH ACCELERATION",
      "detail": "YoY growth: -16.6% vs prior quarter YoY: -27.8% (accel: +11.2%)",
      "severity": "MEDIUM"
    },
    {
      "quarter": "2024-06 (Q2)",
      "signal": "FCF TURNED POSITIVE",
      "detail": "FCF margin: -10.7% -> +5.6%",
      "severity": "HIGH"
    },
    {
      "quarter": "2024-06 (Q2)",
      "signal": "YoY REVENUE GROWTH ACCELERATION",
      "detail": "YoY growth: -27.8% vs prior quarter YoY: -34.1% (accel: +6.3%)",
      "severity": "MEDIUM"
    },
    {
      "quarter": "2024-06 (Q2)",
      "signal": "OP MARGIN TURNED POSITIVE (QoQ)",
      "detail": "Op margin: -0.8% -> +6.8%",
      "severity": "HIGH"
    },
    {
      "quarter": "2024-03 (Q1)",
      "signal": "GROSS MARGIN INFLECTION",
      "detail": "GM: +40.8% -> +36.6% -> +45.9% (reversal +9.3%)",
      "severity": "HIGH"
    },
    {
      "quarter": "2024-03 (Q1)",
      "signal": "YoY REVENUE GROWTH DECELERATION",
      "detail": "YoY growth: -34.1% vs prior quarter YoY: -20.8% (decel: -13.3%)",
      "severity": "WARNING"
    },
    {
      "quarter": "2023-12 (Q4)",
      "signal": "FCF TURNED POSITIVE",
      "detail": "FCF margin: -8.2% -> +22.5%",
      "severity": "HIGH"
    },
    {
      "quarter": "2023-09 (Q3)",
      "signal": "GROSS MARGIN INFLECTION",
      "detail": "GM: +39.4% -> +38.7% -> +40.8% (reversal +2.1%)",
      "severity": "MEDIUM"
    },
    {
      "quarter": "2023-09 (Q3)",
      "signal": "YoY REVENUE GROWTH DECELERATION",
      "detail": "YoY growth: -23.7% vs prior quarter YoY: -17.4% (decel: -6.2%)",
      "severity": "WARNING"
    },
    {
      "quarter": "2023-09 (Q3)",
      "signal": "INCREMENTAL MARGIN (YoY)",
      "detail": "YoY Incr OPM: +19.2% vs year-ago OPM: +8.5%",
      "severity": "MEDIUM"
    },
    {
      "quarter": "2023-07 (Q3)",
      "signal": "FCF TURNED POSITIVE",
      "detail": "FCF margin: -17.5% -> +23.2%",
      "severity": "HIGH"
    },
    {
      "quarter": "2023-07 (Q3)",
      "signal": "YoY REVENUE GROWTH DECELERATION",
      "detail": "YoY growth: -17.4% vs prior quarter YoY: -2.5% (decel: -14.9%)",
      "severity": "WARNING"
    },
    {
      "quarter": "2023-07 (Q3)",
      "signal": "INCREMENTAL MARGIN (YoY)",
      "detail": "YoY Incr OPM: +97.8% vs year-ago OPM: +23.5%",
      "severity": "HIGH"
    },
    {
      "quarter": "2023-04 (Q2)",
      "signal": "GROSS MARGIN INFLECTION",
      "detail": "GM: +40.2% -> +33.7% -> +39.4% (reversal +5.7%)",
      "severity": "HIGH"
    },
    {
      "quarter": "2023-04 (Q2)",
      "signal": "YoY REVENUE GROWTH DECELERATION",
      "detail": "YoY growth: -2.5% vs prior quarter YoY: +4.6% (decel: -7.1%)",
      "severity": "WARNING"
    },
    {
      "quarter": "2023-04 (Q2)",
      "signal": "OP MARGIN TURNED POSITIVE (QoQ)",
      "detail": "Op margin: -68.4% -> +7.6%",
      "severity": "HIGH"
    },
    {
      "quarter": "2022-12 (Q4)",
      "signal": "FCF TURNED POSITIVE",
      "detail": "FCF margin: -36.1% -> +44.9%",
      "severity": "HIGH"
    },
    {
      "quarter": "2022-10 (Q4)",
      "signal": "INCREMENTAL MARGIN (YoY)",
      "detail": "YoY Incr OPM: +29.8% vs year-ago OPM: +6.7%",
      "severity": "HIGH"
    },
    {
      "quarter": "2022-07 (Q3)",
      "signal": "YoY REVENUE GROWTH DECELERATION",
      "detail": "YoY growth: +12.9% vs prior quarter YoY: +20.4% (decel: -7.5%)",
      "severity": "WARNING"
    },
    {
      "quarter": "2022-07 (Q3)",
      "signal": "INCREMENTAL MARGIN (YoY)",
      "detail": "YoY Incr OPM: +127.4% vs year-ago OPM: +10.1%",
      "severity": "HIGH"
    },
    {
      "quarter": "2022-04 (Q2)",
      "signal": "OP MARGIN TURNED POSITIVE (QoQ)",
      "detail": "Op margin: -1.4% -> +3.2%",
      "severity": "HIGH"
    },
    {
      "quarter": "2022-01 (Q1)",
      "signal": "FCF TURNED POSITIVE",
      "detail": "FCF margin: -6.0% -> +9.8%",
      "severity": "HIGH"
    },
    {
      "quarter": "2021-04 (Q2)",
      "signal": "OP MARGIN TURNED POSITIVE (QoQ)",
      "detail": "Op margin: -40.1% -> +11.4%",
      "severity": "HIGH"
    }
  ],
  "data_quality": {
    "n_quarters": 20,
    "coverage": {
      "revenue": [
        20,
        20
      ],
      "gross_profit": [
        20,
        20
      ],
      "op_income": [
        20,
        20
      ],
      "fcf": [
        20,
        20
      ]
    },
    "gaps": [],
    "warnings": []
  },
  "market_cap": null,
  "source": "SEC EDGAR",
  "last_updated": "2026-02-02T21:50:53.432381"
}