{
  "ticker": "WY",
  "name": "WEYERHAEUSER CO",
  "quarters": [
    {
      "date": "2020-12-31T00:00:00",
      "quarter_label": "2020-12 (Q4)",
      "revenue": 2063000000,
      "gross_profit": 671000000,
      "operating_income": 717000000,
      "net_income": 292000000,
      "opex": -46000000,
      "cogs": 1392000000,
      "rd": 1000000,
      "sga": null,
      "fcf": 444000000,
      "ocf": 444000000,
      "capex": null,
      "gross_margin": 0.32525448376151234,
      "op_margin": 0.34755210857973823,
      "fcf_margin": 0.21522055259331072
    },
    {
      "date": "2021-03-31T00:00:00",
      "quarter_label": "2021-03 (Q1)",
      "revenue": 2506000000,
      "gross_profit": 1076000000,
      "operating_income": 956000000,
      "net_income": 681000000,
      "opex": 120000000,
      "cogs": 1430000000,
      "rd": 1000000,
      "sga": null,
      "fcf": 698000000,
      "ocf": 698000000,
      "capex": null,
      "gross_margin": 0.42936951316839583,
      "op_margin": 0.38148443735035914,
      "fcf_margin": 0.2785315243415802,
      "op_leverage_ratio": Infinity,
      "fcf_margin_change": 0.06331097174826947
    },
    {
      "date": "2021-06-30T00:00:00",
      "quarter_label": "2021-06 (Q2)",
      "revenue": 3144000000,
      "gross_profit": 1561000000,
      "operating_income": 1429000000,
      "net_income": 1028000000,
      "opex": 132000000,
      "cogs": 1583000000,
      "rd": 1000000,
      "sga": null,
      "fcf": 1308000000,
      "ocf": 1308000000,
      "capex": null,
      "gross_margin": 0.49650127226463103,
      "op_margin": 0.45451653944020354,
      "fcf_margin": 0.41603053435114506,
      "op_leverage_ratio": 2.545889864325618,
      "fcf_margin_change": 0.13749901000956488
    },
    {
      "date": "2021-09-30T00:00:00",
      "quarter_label": "2021-09 (Q3)",
      "revenue": 2345000000,
      "gross_profit": 756000000,
      "operating_income": 649000000,
      "net_income": 482000000,
      "opex": 107000000,
      "cogs": 1589000000,
      "rd": 1000000,
      "sga": null,
      "fcf": 659000000,
      "ocf": 659000000,
      "capex": null,
      "gross_margin": 0.32238805970149254,
      "op_margin": 0.2767590618336887,
      "fcf_margin": 0.2810234541577825,
      "fcf_margin_change": -0.13500708019336255
    },
    {
      "date": "2021-12-31T00:00:00",
      "quarter_label": "2021-12 (Q4)",
      "revenue": 2206000000,
      "gross_profit": 705000000,
      "operating_income": 609000000,
      "net_income": 416000000,
      "opex": 96000000,
      "cogs": 1501000000,
      "rd": 2000000,
      "sga": null,
      "fcf": 494000000,
      "ocf": 494000000,
      "capex": null,
      "gross_margin": 0.31958295557570265,
      "op_margin": 0.2760652765185857,
      "fcf_margin": 0.22393472348141433,
      "incr_op_margin_yoy": -0.7552447552447552,
      "rev_growth_yoy": 0.06931652932622395,
      "fcf_margin_change": -0.05708873067636819
    },
    {
      "date": "2022-03-31T00:00:00",
      "quarter_label": "2022-03 (Q1)",
      "revenue": 3112000000,
      "gross_profit": 1465000000,
      "operating_income": 1344000000,
      "net_income": 771000000,
      "opex": 121000000,
      "cogs": 1647000000,
      "rd": 1000000,
      "sga": null,
      "fcf": 957000000,
      "ocf": 957000000,
      "capex": null,
      "gross_margin": 0.47075835475578404,
      "op_margin": 0.4318766066838046,
      "fcf_margin": 0.30751928020565555,
      "incr_op_margin_yoy": 0.6402640264026402,
      "rev_growth_yoy": 0.2418196328810854,
      "rev_growth_yoy_accel": 0.17250310355486145,
      "op_leverage_ratio": 1.5770806890299183,
      "fcf_margin_change": 0.08358455672424123
    },
    {
      "date": "2022-06-30T00:00:00",
      "quarter_label": "2022-06 (Q2)",
      "revenue": 2973000000,
      "gross_profit": 1184000000,
      "operating_income": 1047000000,
      "net_income": 788000000,
      "opex": 137000000,
      "cogs": 1789000000,
      "rd": 2000000,
      "sga": null,
      "fcf": 1146000000,
      "ocf": 1146000000,
      "capex": null,
      "gross_margin": 0.398250924991591,
      "op_margin": 0.3521695257315843,
      "fcf_margin": 0.3854692230070636,
      "incr_op_margin_yoy": 2.2339181286549707,
      "rev_growth_yoy": -0.05438931297709924,
      "rev_growth_yoy_accel": -0.29620894585818464,
      "fcf_margin_change": 0.07794994280140805
    },
    {
      "date": "2022-09-30T00:00:00",
      "quarter_label": "2022-09 (Q3)",
      "revenue": 2276000000,
      "gross_profit": 582000000,
      "operating_income": 457000000,
      "net_income": 310000000,
      "opex": 125000000,
      "cogs": 1694000000,
      "rd": 1000000,
      "sga": null,
      "fcf": 562000000,
      "ocf": 562000000,
      "capex": null,
      "gross_margin": 0.2557117750439367,
      "op_margin": 0.2007908611599297,
      "fcf_margin": 0.2469244288224956,
      "incr_op_margin_yoy": 2.782608695652174,
      "rev_growth_yoy": -0.029424307036247335,
      "rev_growth_yoy_accel": 0.024965005940851902,
      "fcf_margin_change": -0.138544794184568
    },
    {
      "date": "2022-12-31T00:00:00",
      "quarter_label": "2022-12 (Q4)",
      "revenue": 1823000000,
      "gross_profit": 389000000,
      "operating_income": 232000000,
      "net_income": 11000000,
      "opex": 157000000,
      "cogs": 1434000000,
      "rd": 2000000,
      "sga": null,
      "fcf": 167000000,
      "ocf": 167000000,
      "capex": null,
      "gross_margin": 0.2133845309928689,
      "op_margin": 0.1272627537026879,
      "fcf_margin": 0.0916072408118486,
      "incr_op_margin_yoy": 0.9843342036553525,
      "rev_growth_yoy": -0.17361740707162285,
      "rev_growth_yoy_accel": -0.1441931000353755,
      "fcf_margin_change": -0.155317188010647
    },
    {
      "date": "2023-03-31T00:00:00",
      "quarter_label": "2023-03 (Q1)",
      "revenue": 1881000000,
      "gross_profit": 369000000,
      "operating_income": 236000000,
      "net_income": 151000000,
      "opex": 133000000,
      "cogs": 1512000000,
      "rd": 2000000,
      "sga": null,
      "fcf": 126000000,
      "ocf": 126000000,
      "capex": null,
      "gross_margin": 0.19617224880382775,
      "op_margin": 0.12546517809675706,
      "fcf_margin": 0.06698564593301436,
      "incr_op_margin_yoy": 0.9000812347684809,
      "rev_growth_yoy": -0.3955655526992288,
      "rev_growth_yoy_accel": -0.22194814562760593,
      "op_leverage_ratio": Infinity,
      "fcf_margin_change": -0.024621594878834238
    },
    {
      "date": "2023-06-30T00:00:00",
      "quarter_label": "2023-06 (Q2)",
      "revenue": 1997000000,
      "gross_profit": 469000000,
      "operating_income": 319000000,
      "net_income": 230000000,
      "opex": 150000000,
      "cogs": 1528000000,
      "rd": 1000000,
      "sga": null,
      "fcf": 496000000,
      "ocf": 496000000,
      "capex": null,
      "gross_margin": 0.23485227841762643,
      "op_margin": 0.1597396094141212,
      "fcf_margin": 0.24837255883825737,
      "incr_op_margin_yoy": 0.7459016393442623,
      "rev_growth_yoy": -0.32828792465523043,
      "rev_growth_yoy_accel": 0.06727762804399834,
      "op_leverage_ratio": 0.48247177658942364,
      "fcf_margin_change": 0.181386912905243
    },
    {
      "date": "2023-09-30T00:00:00",
      "quarter_label": "2023-09 (Q3)",
      "revenue": 2022000000,
      "gross_profit": 502000000,
      "operating_income": 353000000,
      "net_income": 239000000,
      "opex": 149000000,
      "cogs": 1520000000,
      "rd": 2000000,
      "sga": null,
      "fcf": 523000000,
      "ocf": 523000000,
      "capex": null,
      "gross_margin": 0.24826904055390703,
      "op_margin": 0.17457962413452027,
      "fcf_margin": 0.25865479723046486,
      "incr_op_margin_yoy": 0.4094488188976378,
      "rev_growth_yoy": -0.11159929701230228,
      "rev_growth_yoy_accel": 0.21668862764292815,
      "op_leverage_ratio": Infinity,
      "fcf_margin_change": 0.010282238392207488
    },
    {
      "date": "2023-12-31T00:00:00",
      "quarter_label": "2023-12 (Q4)",
      "revenue": 1774000000,
      "gross_profit": 342000000,
      "operating_income": 278000000,
      "net_income": 219000000,
      "opex": 64000000,
      "cogs": 1432000000,
      "rd": 2000000,
      "sga": null,
      "fcf": 288000000,
      "ocf": 288000000,
      "capex": null,
      "gross_margin": 0.1927846674182638,
      "op_margin": 0.15670800450958286,
      "fcf_margin": 0.16234498308906425,
      "incr_op_margin_yoy": -0.9387755102040817,
      "rev_growth_yoy": -0.026878771256171146,
      "rev_growth_yoy_accel": 0.08472052575613113,
      "fcf_margin_change": -0.09630981414140061
    },
    {
      "date": "2024-03-31T00:00:00",
      "quarter_label": "2024-03 (Q1)",
      "revenue": 1796000000,
      "gross_profit": 355000000,
      "operating_income": 196000000,
      "net_income": 114000000,
      "opex": 159000000,
      "cogs": 1441000000,
      "rd": 1000000,
      "sga": null,
      "fcf": 124000000,
      "ocf": 124000000,
      "capex": null,
      "gross_margin": 0.19766146993318487,
      "op_margin": 0.1091314031180401,
      "fcf_margin": 0.06904231625835189,
      "incr_op_margin_yoy": 0.47058823529411764,
      "rev_growth_yoy": -0.045188729399255716,
      "rev_growth_yoy_accel": -0.01830995814308457,
      "op_leverage_ratio": 0.008354595620957693,
      "fcf_margin_change": -0.09330266683071237
    },
    {
      "date": "2024-06-30T00:00:00",
      "quarter_label": "2024-06 (Q2)",
      "revenue": 1939000000,
      "gross_profit": 404000000,
      "operating_income": 270000000,
      "net_income": 173000000,
      "opex": 134000000,
      "cogs": 1535000000,
      "rd": 3000000,
      "sga": null,
      "fcf": 432000000,
      "ocf": 432000000,
      "capex": null,
      "gross_margin": 0.20835482207323364,
      "op_margin": 0.13924703455389376,
      "fcf_margin": 0.22279525528623,
      "incr_op_margin_yoy": 0.8448275862068966,
      "rev_growth_yoy": -0.02904356534802203,
      "rev_growth_yoy_accel": 0.016145164051233684,
      "op_leverage_ratio": Infinity,
      "fcf_margin_change": 0.15375293902787812
    },
    {
      "date": "2024-09-30T00:00:00",
      "quarter_label": "2024-09 (Q3)",
      "revenue": 1681000000,
      "gross_profit": 250000000,
      "operating_income": 78000000,
      "net_income": 28000000,
      "opex": 172000000,
      "cogs": 1431000000,
      "rd": 1000000,
      "sga": null,
      "fcf": 234000000,
      "ocf": 234000000,
      "capex": null,
      "gross_margin": 0.148720999405116,
      "op_margin": 0.04640095181439619,
      "fcf_margin": 0.13920285544318858,
      "incr_op_margin_yoy": 0.8064516129032258,
      "rev_growth_yoy": -0.16864490603363008,
      "rev_growth_yoy_accel": -0.13960134068560806,
      "fcf_margin_change": -0.08359239984304143
    },
    {
      "date": "2024-12-31T00:00:00",
      "quarter_label": "2024-12 (Q4)",
      "revenue": 1708000000,
      "gross_profit": 304000000,
      "operating_income": 141000000,
      "net_income": 81000000,
      "opex": 163000000,
      "cogs": 1404000000,
      "rd": 2000000,
      "sga": null,
      "fcf": 218000000,
      "ocf": 218000000,
      "capex": null,
      "gross_margin": 0.17798594847775176,
      "op_margin": 0.08255269320843091,
      "fcf_margin": 0.12763466042154567,
      "incr_op_margin_yoy": 2.0757575757575757,
      "rev_growth_yoy": -0.03720405862457723,
      "rev_growth_yoy_accel": 0.13144084740905285,
      "op_leverage_ratio": Infinity,
      "fcf_margin_change": -0.011568195021642913
    },
    {
      "date": "2025-03-31T00:00:00",
      "quarter_label": "2025-03 (Q1)",
      "revenue": 1763000000,
      "gross_profit": 335000000,
      "operating_income": 179000000,
      "net_income": 83000000,
      "opex": 156000000,
      "cogs": 1428000000,
      "rd": 1000000,
      "sga": null,
      "fcf": 70000000,
      "ocf": 70000000,
      "capex": null,
      "gross_margin": 0.19001701644923427,
      "op_margin": 0.10153148043108338,
      "fcf_margin": 0.03970504821327283,
      "incr_op_margin_yoy": 0.5151515151515151,
      "rev_growth_yoy": -0.018374164810690423,
      "rev_growth_yoy_accel": 0.018829893813886805,
      "op_leverage_ratio": Infinity,
      "fcf_margin_change": -0.08792961220827283
    },
    {
      "date": "2025-06-30T00:00:00",
      "quarter_label": "2025-06 (Q2)",
      "revenue": 1884000000,
      "gross_profit": 325000000,
      "operating_income": 178000000,
      "net_income": 87000000,
      "opex": 147000000,
      "cogs": 1559000000,
      "rd": 1000000,
      "sga": null,
      "fcf": 396000000,
      "ocf": 396000000,
      "capex": null,
      "gross_margin": 0.17250530785562632,
      "op_margin": 0.09447983014861996,
      "fcf_margin": 0.21019108280254778,
      "incr_op_margin_yoy": 1.6727272727272726,
      "rev_growth_yoy": -0.028365136668385766,
      "rev_growth_yoy_accel": -0.009990971857695343,
      "op_leverage_ratio": Infinity,
      "fcf_margin_change": 0.17048603458927494
    },
    {
      "date": "2025-09-30T00:00:00",
      "quarter_label": "2025-09 (Q3)",
      "revenue": 1717000000,
      "gross_profit": 204000000,
      "operating_income": 123000000,
      "net_income": 80000000,
      "opex": 81000000,
      "cogs": 1513000000,
      "rd": 2000000,
      "sga": null,
      "fcf": 210000000,
      "ocf": 210000000,
      "capex": null,
      "gross_margin": 0.1188118811881188,
      "op_margin": 0.0716365754222481,
      "fcf_margin": 0.12230634828188701,
      "incr_op_margin_yoy": 1.25,
      "rev_growth_yoy": 0.021415823914336704,
      "rev_growth_yoy_accel": 0.04978096058272247,
      "fcf_margin_change": -0.08788473452066077
    }
  ],
  "signals": [
    {
      "quarter": "2025-09 (Q3)",
      "signal": "INCREMENTAL MARGIN (YoY)",
      "detail": "YoY Incr OPM: +125.0% vs year-ago OPM: +4.6%",
      "severity": "HIGH"
    },
    {
      "quarter": "2025-06 (Q2)",
      "signal": "FCF MARGIN EXPANSION",
      "detail": "FCF margin: +4.0% -> +21.0% (+17.0%)",
      "severity": "MEDIUM"
    },
    {
      "quarter": "2025-06 (Q2)",
      "signal": "INCREMENTAL MARGIN (YoY)",
      "detail": "YoY Incr OPM: +167.3% vs year-ago OPM: +13.9%",
      "severity": "HIGH"
    },
    {
      "quarter": "2025-03 (Q1)",
      "signal": "INCREMENTAL MARGIN (YoY)",
      "detail": "YoY Incr OPM: +51.5% vs year-ago OPM: +10.9%",
      "severity": "HIGH"
    },
    {
      "quarter": "2024-12 (Q4)",
      "signal": "GROSS MARGIN INFLECTION",
      "detail": "GM: +20.8% -> +14.9% -> +17.8% (reversal +2.9%)",
      "severity": "MEDIUM"
    },
    {
      "quarter": "2024-12 (Q4)",
      "signal": "YoY REVENUE GROWTH ACCELERATION",
      "detail": "YoY growth: -3.7% vs prior quarter YoY: -16.9% (accel: +13.1%)",
      "severity": "MEDIUM"
    },
    {
      "quarter": "2024-12 (Q4)",
      "signal": "INCREMENTAL MARGIN (YoY)",
      "detail": "YoY Incr OPM: +207.6% vs year-ago OPM: +15.7%",
      "severity": "HIGH"
    },
    {
      "quarter": "2024-09 (Q3)",
      "signal": "YoY REVENUE GROWTH DECELERATION",
      "detail": "YoY growth: -16.9% vs prior quarter YoY: -2.9% (decel: -14.0%)",
      "severity": "WARNING"
    },
    {
      "quarter": "2024-09 (Q3)",
      "signal": "INCREMENTAL MARGIN (YoY)",
      "detail": "YoY Incr OPM: +80.6% vs year-ago OPM: +17.5%",
      "severity": "HIGH"
    },
    {
      "quarter": "2024-06 (Q2)",
      "signal": "FCF MARGIN EXPANSION",
      "detail": "FCF margin: +6.9% -> +22.3% (+15.4%)",
      "severity": "MEDIUM"
    },
    {
      "quarter": "2024-06 (Q2)",
      "signal": "INCREMENTAL MARGIN (YoY)",
      "detail": "YoY Incr OPM: +84.5% vs year-ago OPM: +16.0%",
      "severity": "HIGH"
    },
    {
      "quarter": "2024-03 (Q1)",
      "signal": "INCREMENTAL MARGIN (YoY)",
      "detail": "YoY Incr OPM: +47.1% vs year-ago OPM: +12.5%",
      "severity": "HIGH"
    },
    {
      "quarter": "2023-12 (Q4)",
      "signal": "YoY REVENUE GROWTH ACCELERATION",
      "detail": "YoY growth: -2.7% vs prior quarter YoY: -11.2% (accel: +8.5%)",
      "severity": "MEDIUM"
    },
    {
      "quarter": "2023-09 (Q3)",
      "signal": "YoY REVENUE GROWTH ACCELERATION",
      "detail": "YoY growth: -11.2% vs prior quarter YoY: -32.8% (accel: +21.7%)",
      "severity": "HIGH"
    },
    {
      "quarter": "2023-09 (Q3)",
      "signal": "INCREMENTAL MARGIN (YoY)",
      "detail": "YoY Incr OPM: +40.9% vs year-ago OPM: +20.1%",
      "severity": "HIGH"
    },
    {
      "quarter": "2023-06 (Q2)",
      "signal": "FCF MARGIN EXPANSION",
      "detail": "FCF margin: +6.7% -> +24.8% (+18.1%)",
      "severity": "MEDIUM"
    },
    {
      "quarter": "2023-06 (Q2)",
      "signal": "GROSS MARGIN INFLECTION",
      "detail": "GM: +21.3% -> +19.6% -> +23.5% (reversal +3.9%)",
      "severity": "MEDIUM"
    },
    {
      "quarter": "2023-06 (Q2)",
      "signal": "YoY REVENUE GROWTH ACCELERATION",
      "detail": "YoY growth: -32.8% vs prior quarter YoY: -39.6% (accel: +6.7%)",
      "severity": "MEDIUM"
    },
    {
      "quarter": "2023-06 (Q2)",
      "signal": "INCREMENTAL MARGIN (YoY)",
      "detail": "YoY Incr OPM: +74.6% vs year-ago OPM: +35.2%",
      "severity": "HIGH"
    },
    {
      "quarter": "2023-03 (Q1)",
      "signal": "YoY REVENUE GROWTH DECELERATION",
      "detail": "YoY growth: -39.6% vs prior quarter YoY: -17.4% (decel: -22.2%)",
      "severity": "WARNING"
    },
    {
      "quarter": "2023-03 (Q1)",
      "signal": "INCREMENTAL MARGIN (YoY)",
      "detail": "YoY Incr OPM: +90.0% vs year-ago OPM: +43.2%",
      "severity": "HIGH"
    },
    {
      "quarter": "2022-12 (Q4)",
      "signal": "YoY REVENUE GROWTH DECELERATION",
      "detail": "YoY growth: -17.4% vs prior quarter YoY: -2.9% (decel: -14.4%)",
      "severity": "WARNING"
    },
    {
      "quarter": "2022-12 (Q4)",
      "signal": "INCREMENTAL MARGIN (YoY)",
      "detail": "YoY Incr OPM: +98.4% vs year-ago OPM: +27.6%",
      "severity": "HIGH"
    },
    {
      "quarter": "2022-09 (Q3)",
      "signal": "INCREMENTAL MARGIN (YoY)",
      "detail": "YoY Incr OPM: +278.3% vs year-ago OPM: +27.7%",
      "severity": "HIGH"
    },
    {
      "quarter": "2022-06 (Q2)",
      "signal": "FCF MARGIN EXPANSION",
      "detail": "FCF margin: +30.8% -> +38.5% (+7.8%)",
      "severity": "MEDIUM"
    },
    {
      "quarter": "2022-06 (Q2)",
      "signal": "YoY REVENUE GROWTH DECELERATION",
      "detail": "YoY growth: -5.4% vs prior quarter YoY: +24.2% (decel: -29.6%)",
      "severity": "WARNING"
    },
    {
      "quarter": "2022-06 (Q2)",
      "signal": "INCREMENTAL MARGIN (YoY)",
      "detail": "YoY Incr OPM: +223.4% vs year-ago OPM: +45.5%",
      "severity": "HIGH"
    },
    {
      "quarter": "2022-03 (Q1)",
      "signal": "FCF MARGIN EXPANSION",
      "detail": "FCF margin: +22.4% -> +30.8% (+8.4%)",
      "severity": "MEDIUM"
    },
    {
      "quarter": "2022-03 (Q1)",
      "signal": "OPERATING LEVERAGE",
      "detail": "Rev growth +41.1% vs OpEx growth +26.0% (leverage: 1.6x)",
      "severity": "MEDIUM"
    },
    {
      "quarter": "2022-03 (Q1)",
      "signal": "GROSS MARGIN INFLECTION",
      "detail": "GM: +32.2% -> +32.0% -> +47.1% (reversal +15.1%)",
      "severity": "HIGH"
    },
    {
      "quarter": "2022-03 (Q1)",
      "signal": "YoY REVENUE GROWTH ACCELERATION",
      "detail": "YoY growth: +24.2% vs prior quarter YoY: +6.9% (accel: +17.3%)",
      "severity": "HIGH"
    },
    {
      "quarter": "2022-03 (Q1)",
      "signal": "INCREMENTAL MARGIN (YoY)",
      "detail": "YoY Incr OPM: +64.0% vs year-ago OPM: +38.1%",
      "severity": "HIGH"
    },
    {
      "quarter": "2021-06 (Q2)",
      "signal": "FCF MARGIN EXPANSION",
      "detail": "FCF margin: +27.9% -> +41.6% (+13.7%)",
      "severity": "MEDIUM"
    },
    {
      "quarter": "2021-06 (Q2)",
      "signal": "OPERATING LEVERAGE",
      "detail": "Rev growth +25.5% vs OpEx growth +10.0% (leverage: 2.5x)",
      "severity": "MEDIUM"
    },
    {
      "quarter": "2021-03 (Q1)",
      "signal": "FCF MARGIN EXPANSION",
      "detail": "FCF margin: +21.5% -> +27.9% (+6.3%)",
      "severity": "MEDIUM"
    }
  ],
  "data_quality": {
    "n_quarters": 20,
    "coverage": {
      "revenue": [
        20,
        20
      ],
      "gross_profit": [
        20,
        20
      ],
      "op_income": [
        20,
        20
      ],
      "fcf": [
        20,
        20
      ]
    },
    "gaps": [],
    "warnings": []
  },
  "market_cap": null,
  "source": "SEC EDGAR",
  "last_updated": "2026-02-02T20:19:57.534434"
}