{
  "ticker": "XELA",
  "name": "EXELA TECHNOLOGIES, INC.",
  "quarters": [
    {
      "date": "2019-12-31T00:00:00",
      "quarter_label": "2019-12 (Q4)",
      "revenue": 393586000,
      "gross_profit": 78728000,
      "operating_income": -249512000,
      "net_income": -304084000,
      "opex": 328240000,
      "cogs": 314858000,
      "rd": null,
      "sga": 49678000,
      "fcf": -20057000,
      "ocf": -16494000,
      "capex": -3563000,
      "gross_margin": 0.2000274400004065,
      "op_margin": -0.6339453130954861,
      "fcf_margin": -0.05095963779199463
    },
    {
      "date": "2020-03-31T00:00:00",
      "quarter_label": "2020-03 (Q1)",
      "revenue": 365451000,
      "gross_profit": 72912000,
      "operating_income": -2198000,
      "net_income": -12670000,
      "opex": 75110000,
      "cogs": 292539000,
      "rd": null,
      "sga": 50374000,
      "fcf": -38964000,
      "ocf": -35373000,
      "capex": -3591000,
      "gross_margin": 0.199512383329092,
      "op_margin": -0.006014486210189601,
      "fcf_margin": -0.10661894481065862,
      "fcf_margin_change": -0.055659307018663985
    },
    {
      "date": "2020-06-30T00:00:00",
      "quarter_label": "2020-06 (Q2)",
      "revenue": 307722000,
      "gross_profit": 65934000,
      "operating_income": -5073000,
      "net_income": -48691000,
      "opex": 71007000,
      "cogs": 241788000,
      "rd": null,
      "sga": 47014000,
      "fcf": 10082000,
      "ocf": 12257000,
      "capex": -2175000,
      "gross_margin": 0.2142648234445376,
      "op_margin": -0.01648565913389358,
      "fcf_margin": 0.032763338337850396,
      "fcf_margin_change": 0.139382283148509
    },
    {
      "date": "2020-09-30T00:00:00",
      "quarter_label": "2020-09 (Q3)",
      "revenue": 305280000,
      "gross_profit": 71058000,
      "operating_income": 4766000,
      "net_income": -28318000,
      "opex": 66292000,
      "cogs": 234222000,
      "rd": null,
      "sga": 42837000,
      "fcf": -44171000,
      "ocf": -43044000,
      "capex": -1127000,
      "gross_margin": 0.23276336477987422,
      "op_margin": 0.015611897274633123,
      "fcf_margin": -0.14469012054507338,
      "fcf_margin_change": -0.17745345888292377
    },
    {
      "date": "2020-12-31T00:00:00",
      "quarter_label": "2020-12 (Q4)",
      "revenue": 314109000,
      "gross_profit": 59113000,
      "operating_income": -13915000,
      "net_income": -88851000,
      "opex": 73028000,
      "cogs": 254995000,
      "rd": null,
      "sga": 45879000,
      "fcf": 31609000,
      "ocf": 36379000,
      "capex": -4770000,
      "gross_margin": 0.18819263376725914,
      "op_margin": -0.04429990863044357,
      "fcf_margin": 0.10063067279192892,
      "incr_op_margin_yoy": -2.964341885073669,
      "rev_growth_yoy": -0.20193045484341415,
      "op_leverage_ratio": 0.28462445169295925,
      "fcf_margin_change": 0.2453207933370023
    },
    {
      "date": "2021-03-31T00:00:00",
      "quarter_label": "2021-03 (Q1)",
      "revenue": 300056000,
      "gross_profit": 67469000,
      "operating_income": 4278000,
      "net_income": -39200000,
      "opex": 63191000,
      "cogs": 232587000,
      "rd": null,
      "sga": 41885000,
      "fcf": -65534000,
      "ocf": -63925000,
      "capex": -1609000,
      "gross_margin": 0.22485469379049244,
      "op_margin": 0.014257338630122377,
      "fcf_margin": -0.2184058975657877,
      "incr_op_margin_yoy": -0.09902897775059255,
      "rev_growth_yoy": -0.1789432783054363,
      "rev_growth_yoy_accel": 0.022987176537977855,
      "fcf_margin_change": -0.3190365703577166
    },
    {
      "date": "2021-06-30T00:00:00",
      "quarter_label": "2021-06 (Q2)",
      "revenue": 293009000,
      "gross_profit": 83929000,
      "operating_income": 25371000,
      "net_income": -19367000,
      "opex": 58558000,
      "cogs": 209080000,
      "rd": null,
      "sga": 36390000,
      "fcf": 16048000,
      "ocf": 17937000,
      "capex": -1889000,
      "gross_margin": 0.28643830053001784,
      "op_margin": 0.08658778399298316,
      "fcf_margin": 0.05476964871386203,
      "incr_op_margin_yoy": -2.0691905117922924,
      "rev_growth_yoy": -0.04781263608061822,
      "rev_growth_yoy_accel": 0.13113064222481807,
      "fcf_margin_change": 0.27317554627964974
    },
    {
      "date": "2021-09-30T00:00:00",
      "quarter_label": "2021-09 (Q3)",
      "revenue": 279229000,
      "gross_profit": 67498000,
      "operating_income": 2416000,
      "net_income": -13214000,
      "opex": 65082000,
      "cogs": 211731000,
      "rd": null,
      "sga": 43244000,
      "fcf": -31052000,
      "ocf": -27600000,
      "capex": -3452000,
      "gross_margin": 0.24172990627764307,
      "op_margin": 0.008652396420142606,
      "fcf_margin": -0.11120621425425009,
      "incr_op_margin_yoy": 0.09020766957122567,
      "rev_growth_yoy": -0.0853347746331237,
      "rev_growth_yoy_accel": -0.037522138552505475,
      "fcf_margin_change": -0.16597586296811212
    },
    {
      "date": "2021-12-31T00:00:00",
      "quarter_label": "2021-12 (Q4)",
      "revenue": 294312000,
      "gross_profit": 58615000,
      "operating_income": -10676000,
      "net_income": -70609000,
      "opex": 69291000,
      "cogs": 235697000,
      "rd": null,
      "sga": 48262000,
      "fcf": -45570000,
      "ocf": -37946000,
      "capex": -7624000,
      "gross_margin": 0.19915939547147246,
      "op_margin": -0.03627442985675066,
      "fcf_margin": -0.1548356845796298,
      "incr_op_margin_yoy": -0.1636106480779916,
      "rev_growth_yoy": -0.06302589228579888,
      "rev_growth_yoy_accel": 0.02230888234732481,
      "op_leverage_ratio": 0.8352359423094986,
      "fcf_margin_change": -0.0436294703253797
    },
    {
      "date": "2022-03-31T00:00:00",
      "quarter_label": "2022-03 (Q1)",
      "revenue": 279398000,
      "gross_profit": 55894000,
      "operating_income": -7345000,
      "net_income": -56956000,
      "opex": 63239000,
      "cogs": 223504000,
      "rd": null,
      "sga": 43040000,
      "fcf": -51773000,
      "ocf": -44045000,
      "capex": -7728000,
      "gross_margin": 0.20005153938109793,
      "op_margin": -0.02628866348363267,
      "fcf_margin": -0.18530197066550225,
      "incr_op_margin_yoy": 0.5626391712653693,
      "rev_growth_yoy": -0.06884714853227397,
      "rev_growth_yoy_accel": -0.005821256246475087,
      "fcf_margin_change": -0.030466286085872457
    },
    {
      "date": "2022-06-30T00:00:00",
      "quarter_label": "2022-06 (Q2)",
      "revenue": 266770000,
      "gross_profit": 49493000,
      "operating_income": -20881000,
      "net_income": -79199000,
      "opex": 70374000,
      "cogs": 217277000,
      "rd": null,
      "sga": 50195000,
      "fcf": 67224000,
      "ocf": 70185000,
      "capex": -2961000,
      "gross_margin": 0.18552685834239233,
      "op_margin": -0.07827341905011807,
      "fcf_margin": 0.25199235296322675,
      "incr_op_margin_yoy": 1.7627196158390182,
      "rev_growth_yoy": -0.08955015033667908,
      "rev_growth_yoy_accel": -0.02070300180440511,
      "fcf_margin_change": 0.437294323628729
    },
    {
      "date": "2022-09-30T00:00:00",
      "quarter_label": "2022-09 (Q3)",
      "revenue": 264038000,
      "gross_profit": 46196000,
      "operating_income": -47491000,
      "net_income": -85282000,
      "opex": 93687000,
      "cogs": 217842000,
      "rd": null,
      "sga": 44369000,
      "fcf": -116610000,
      "ocf": -113091000,
      "capex": -3519000,
      "gross_margin": 0.1749596648967194,
      "op_margin": -0.1798642619622933,
      "fcf_margin": -0.4416409759201327,
      "incr_op_margin_yoy": 3.2853005068790733,
      "rev_growth_yoy": -0.05440337500761024,
      "rev_growth_yoy_accel": 0.03514677532906884,
      "fcf_margin_change": -0.6936333288833594
    },
    {
      "date": "2022-12-31T00:00:00",
      "quarter_label": "2022-12 (Q4)",
      "revenue": 266951000,
      "gross_profit": 48100000,
      "operating_income": -153060000,
      "net_income": -194144000,
      "opex": 201160000,
      "cogs": 218851000,
      "rd": null,
      "sga": 38920000,
      "fcf": -4302000,
      "ocf": -211000,
      "capex": -4091000,
      "gross_margin": 0.18018288000419552,
      "op_margin": -0.5733636510071136,
      "fcf_margin": -0.016115317043202685,
      "incr_op_margin_yoy": 5.20390336610504,
      "rev_growth_yoy": -0.09296596808828726,
      "rev_growth_yoy_accel": -0.03856259308067702,
      "op_leverage_ratio": 0.00961731875857475,
      "fcf_margin_change": 0.42552565887693
    },
    {
      "date": "2023-03-31T00:00:00",
      "quarter_label": "2023-03 (Q1)",
      "revenue": 273620000,
      "gross_profit": 57153000,
      "operating_income": -6900000,
      "net_income": -45436000,
      "opex": 64053000,
      "cogs": 216467000,
      "rd": null,
      "sga": 44381000,
      "fcf": -57157000,
      "ocf": -55269000,
      "capex": -1888000,
      "gross_margin": 0.2088772750529932,
      "op_margin": -0.025217454864410495,
      "fcf_margin": -0.20889189386740736,
      "incr_op_margin_yoy": -0.07701626860505364,
      "rev_growth_yoy": -0.020680176665545207,
      "rev_growth_yoy_accel": 0.07228579142274205,
      "op_leverage_ratio": Infinity,
      "fcf_margin_change": -0.19277657682420468
    },
    {
      "date": "2023-06-30T00:00:00",
      "quarter_label": "2023-06 (Q2)",
      "revenue": 272938000,
      "gross_profit": 60879000,
      "operating_income": 11224000,
      "net_income": -30886000,
      "opex": 49655000,
      "cogs": null,
      "rd": null,
      "sga": 32026000,
      "fcf": -941000,
      "ocf": 528000,
      "capex": -1469000,
      "gross_margin": 0.22305065619298156,
      "op_margin": 0.04112289237848889,
      "fcf_margin": -0.003447669434083931,
      "incr_op_margin_yoy": 5.205090791180285,
      "rev_growth_yoy": 0.02312104059676875,
      "rev_growth_yoy_accel": 0.04380121726231396,
      "fcf_margin_change": 0.20544422443332344
    },
    {
      "date": "2023-09-30T00:00:00",
      "quarter_label": "2023-09 (Q3)",
      "revenue": 253125000,
      "gross_profit": 54675000,
      "operating_income": 2065000,
      "net_income": -23108000,
      "opex": 52610000,
      "cogs": null,
      "rd": null,
      "sga": 35367000,
      "fcf": 14541000,
      "ocf": 16769000,
      "capex": -2228000,
      "gross_margin": 0.216,
      "op_margin": 0.008158024691358024,
      "fcf_margin": 0.05744592592592593,
      "incr_op_margin_yoy": -4.541006139466691,
      "rev_growth_yoy": -0.04133117202826866,
      "rev_growth_yoy_accel": -0.0644522126250374,
      "fcf_margin_change": 0.06089359536000986
    },
    {
      "date": "2023-12-31T00:00:00",
      "quarter_label": "2023-12 (Q4)",
      "revenue": -799683000,
      "gross_profit": 57995000,
      "operating_income": 1662000,
      "net_income": -25726000,
      "opex": 56333000,
      "cogs": null,
      "rd": null,
      "sga": 38898000,
      "fcf": 39038000,
      "ocf": 41528000,
      "capex": -2490000,
      "gross_margin": -0.07252248703548782,
      "op_margin": -0.0020783235357010217,
      "fcf_margin": -0.04881684367430594,
      "incr_op_margin_yoy": -0.14505631734971883,
      "rev_growth_yoy": -3.9956171731890873,
      "rev_growth_yoy_accel": -3.9542860011608187,
      "fcf_margin_change": -0.10626276960023187
    },
    {
      "date": "2024-03-31T00:00:00",
      "quarter_label": "2024-03 (Q1)",
      "revenue": 258811000,
      "gross_profit": 56823000,
      "operating_income": 71000,
      "net_income": -24879000,
      "opex": 56752000,
      "cogs": null,
      "rd": null,
      "sga": 40854000,
      "fcf": -31458000,
      "ocf": -29080000,
      "capex": -2378000,
      "gross_margin": 0.21955403750226998,
      "op_margin": 0.0002743314619548628,
      "fcf_margin": -0.1215481567630433,
      "incr_op_margin_yoy": -0.4707272604497265,
      "rev_growth_yoy": -0.054122505664790585,
      "rev_growth_yoy_accel": 3.941494667524297,
      "fcf_margin_change": -0.07273131308873736
    },
    {
      "date": "2024-06-30T00:00:00",
      "quarter_label": "2024-06 (Q2)",
      "revenue": 245653000,
      "gross_profit": 57689000,
      "operating_income": -2354000,
      "net_income": -25677000,
      "opex": 60043000,
      "cogs": null,
      "rd": null,
      "sga": 41778000,
      "fcf": 10499000,
      "ocf": 12154000,
      "capex": -1655000,
      "gross_margin": 0.23483938726577733,
      "op_margin": -0.009582622642507928,
      "fcf_margin": 0.04273914831082869,
      "incr_op_margin_yoy": 0.49763606377130293,
      "rev_growth_yoy": -0.09996775824546233,
      "rev_growth_yoy_accel": -0.04584525258067175,
      "fcf_margin_change": 0.164287305073872
    },
    {
      "date": "2024-09-30T00:00:00",
      "quarter_label": "2024-09 (Q3)",
      "revenue": 269168000,
      "gross_profit": 54261000,
      "operating_income": 3193000,
      "net_income": -24022000,
      "opex": 51068000,
      "cogs": null,
      "rd": null,
      "sga": 35088000,
      "fcf": 2411000,
      "ocf": 4708000,
      "capex": -2297000,
      "gross_margin": 0.20158785591154965,
      "op_margin": 0.011862479938179873,
      "fcf_margin": 0.008957231171610295,
      "incr_op_margin_yoy": 0.07031103908246587,
      "rev_growth_yoy": 0.06337975308641976,
      "rev_growth_yoy_accel": 0.16334751133188208,
      "op_leverage_ratio": Infinity,
      "fcf_margin_change": -0.033781917139218395
    }
  ],
  "signals": [
    {
      "quarter": "2024-09 (Q3)",
      "signal": "YoY REVENUE GROWTH ACCELERATION",
      "detail": "YoY growth: +6.3% vs prior quarter YoY: -10.0% (accel: +16.3%)",
      "severity": "HIGH"
    },
    {
      "quarter": "2024-09 (Q3)",
      "signal": "OP MARGIN TURNED POSITIVE (QoQ)",
      "detail": "Op margin: -1.0% -> +1.2%",
      "severity": "HIGH"
    },
    {
      "quarter": "2024-06 (Q2)",
      "signal": "FCF TURNED POSITIVE",
      "detail": "FCF margin: -12.2% -> +4.3%",
      "severity": "HIGH"
    },
    {
      "quarter": "2024-03 (Q1)",
      "signal": "GROSS MARGIN INFLECTION",
      "detail": "GM: +21.6% -> -7.3% -> +22.0% (reversal +29.2%)",
      "severity": "HIGH"
    },
    {
      "quarter": "2024-03 (Q1)",
      "signal": "YoY REVENUE GROWTH ACCELERATION",
      "detail": "YoY growth: -5.4% vs prior quarter YoY: -399.6% (accel: +394.1%)",
      "severity": "HIGH"
    },
    {
      "quarter": "2024-03 (Q1)",
      "signal": "OP MARGIN TURNED POSITIVE (YoY)",
      "detail": "Op margin: -2.5% (year-ago) -> +0.0%",
      "severity": "HIGH"
    },
    {
      "quarter": "2024-03 (Q1)",
      "signal": "OP MARGIN TURNED POSITIVE (QoQ)",
      "detail": "Op margin: -0.2% -> +0.0%",
      "severity": "HIGH"
    },
    {
      "quarter": "2023-12 (Q4)",
      "signal": "YoY REVENUE GROWTH DECELERATION",
      "detail": "YoY growth: -399.6% vs prior quarter YoY: -4.1% (decel: -395.4%)",
      "severity": "WARNING"
    },
    {
      "quarter": "2023-09 (Q3)",
      "signal": "FCF TURNED POSITIVE",
      "detail": "FCF margin: -0.3% -> +5.7%",
      "severity": "HIGH"
    },
    {
      "quarter": "2023-09 (Q3)",
      "signal": "YoY REVENUE GROWTH DECELERATION",
      "detail": "YoY growth: -4.1% vs prior quarter YoY: +2.3% (decel: -6.4%)",
      "severity": "WARNING"
    },
    {
      "quarter": "2023-09 (Q3)",
      "signal": "OP MARGIN TURNED POSITIVE (YoY)",
      "detail": "Op margin: -18.0% (year-ago) -> +0.8%",
      "severity": "HIGH"
    },
    {
      "quarter": "2023-06 (Q2)",
      "signal": "FCF MARGIN EXPANSION",
      "detail": "FCF margin: -20.9% -> -0.3% (+20.5%)",
      "severity": "MEDIUM"
    },
    {
      "quarter": "2023-06 (Q2)",
      "signal": "OP MARGIN TURNED POSITIVE (YoY)",
      "detail": "Op margin: -7.8% (year-ago) -> +4.1%",
      "severity": "HIGH"
    },
    {
      "quarter": "2023-06 (Q2)",
      "signal": "OP MARGIN TURNED POSITIVE (QoQ)",
      "detail": "Op margin: -2.5% -> +4.1%",
      "severity": "HIGH"
    },
    {
      "quarter": "2023-03 (Q1)",
      "signal": "YoY REVENUE GROWTH ACCELERATION",
      "detail": "YoY growth: -2.1% vs prior quarter YoY: -9.3% (accel: +7.2%)",
      "severity": "MEDIUM"
    },
    {
      "quarter": "2022-12 (Q4)",
      "signal": "FCF MARGIN EXPANSION",
      "detail": "FCF margin: -44.2% -> -1.6% (+42.6%)",
      "severity": "MEDIUM"
    },
    {
      "quarter": "2022-06 (Q2)",
      "signal": "FCF TURNED POSITIVE",
      "detail": "FCF margin: -18.5% -> +25.2%",
      "severity": "HIGH"
    },
    {
      "quarter": "2021-06 (Q2)",
      "signal": "FCF TURNED POSITIVE",
      "detail": "FCF margin: -21.8% -> +5.5%",
      "severity": "HIGH"
    },
    {
      "quarter": "2021-06 (Q2)",
      "signal": "YoY REVENUE GROWTH ACCELERATION",
      "detail": "YoY growth: -4.8% vs prior quarter YoY: -17.9% (accel: +13.1%)",
      "severity": "MEDIUM"
    },
    {
      "quarter": "2021-06 (Q2)",
      "signal": "OP MARGIN TURNED POSITIVE (YoY)",
      "detail": "Op margin: -1.6% (year-ago) -> +8.7%",
      "severity": "HIGH"
    },
    {
      "quarter": "2021-03 (Q1)",
      "signal": "GROSS MARGIN INFLECTION",
      "detail": "GM: +23.3% -> +18.8% -> +22.5% (reversal +3.7%)",
      "severity": "MEDIUM"
    },
    {
      "quarter": "2021-03 (Q1)",
      "signal": "OP MARGIN TURNED POSITIVE (YoY)",
      "detail": "Op margin: -0.6% (year-ago) -> +1.4%",
      "severity": "HIGH"
    },
    {
      "quarter": "2021-03 (Q1)",
      "signal": "OP MARGIN TURNED POSITIVE (QoQ)",
      "detail": "Op margin: -4.4% -> +1.4%",
      "severity": "HIGH"
    },
    {
      "quarter": "2020-12 (Q4)",
      "signal": "FCF TURNED POSITIVE",
      "detail": "FCF margin: -14.5% -> +10.1%",
      "severity": "HIGH"
    },
    {
      "quarter": "2020-09 (Q3)",
      "signal": "OP MARGIN TURNED POSITIVE (QoQ)",
      "detail": "Op margin: -1.6% -> +1.6%",
      "severity": "HIGH"
    },
    {
      "quarter": "2020-06 (Q2)",
      "signal": "FCF TURNED POSITIVE",
      "detail": "FCF margin: -10.7% -> +3.3%",
      "severity": "HIGH"
    }
  ],
  "data_quality": {
    "n_quarters": 20,
    "coverage": {
      "revenue": [
        20,
        20
      ],
      "gross_profit": [
        20,
        20
      ],
      "op_income": [
        20,
        20
      ],
      "fcf": [
        20,
        20
      ]
    },
    "gaps": [],
    "warnings": []
  },
  "market_cap": null,
  "source": "SEC EDGAR",
  "last_updated": "2026-02-03T01:05:31.719549"
}