{
  "ticker": "XERS",
  "name": "XERIS BIOPHARMA HOLDINGS, INC.",
  "quarters": [
    {
      "date": "2020-12-31T00:00:00",
      "quarter_label": "2020-12 (Q4)",
      "revenue": 7369000,
      "gross_profit": 3962000,
      "operating_income": -19343000,
      "net_income": -21857000,
      "opex": 23305000,
      "cogs": 3407000,
      "rd": 5110000,
      "sga": 17998000,
      "fcf": -11094000,
      "ocf": -10869000,
      "capex": -225000,
      "gross_margin": 0.5376577554620708,
      "op_margin": -2.6249151852354458,
      "fcf_margin": -1.505495996743113
    },
    {
      "date": "2021-03-31T00:00:00",
      "quarter_label": "2021-03 (Q1)",
      "revenue": 8195000,
      "gross_profit": 6369000,
      "operating_income": -16740000,
      "net_income": -18411000,
      "opex": 23109000,
      "cogs": 1826000,
      "rd": 4032000,
      "sga": 19077000,
      "fcf": -23956000,
      "ocf": -23956000,
      "capex": null,
      "gross_margin": 0.7771812080536913,
      "op_margin": -2.0427089688834656,
      "fcf_margin": -2.923245881635143,
      "op_leverage_ratio": Infinity,
      "fcf_margin_change": -1.4177498848920302
    },
    {
      "date": "2021-06-30T00:00:00",
      "quarter_label": "2021-06 (Q2)",
      "revenue": 8906000,
      "gross_profit": 5523000,
      "operating_income": -25787000,
      "net_income": -27515000,
      "opex": 31310000,
      "cogs": 3383000,
      "rd": 5383000,
      "sga": 25927000,
      "fcf": -20022000,
      "ocf": -20022000,
      "capex": null,
      "gross_margin": 0.6201437233325848,
      "op_margin": -2.895463732315293,
      "fcf_margin": -2.2481473164158996,
      "op_leverage_ratio": 0.24447529762252387,
      "fcf_margin_change": 0.6750985652192436
    },
    {
      "date": "2021-09-30T00:00:00",
      "quarter_label": "2021-09 (Q3)",
      "revenue": 11035000,
      "gross_profit": 7840000,
      "operating_income": -24358000,
      "net_income": -26009000,
      "opex": 32198000,
      "cogs": 3220000,
      "rd": 5663000,
      "sga": 26535000,
      "fcf": -22611000,
      "ocf": -22611000,
      "capex": null,
      "gross_margin": 0.7104666968735841,
      "op_margin": -2.2073402809243317,
      "fcf_margin": -2.0490258269143635,
      "op_leverage_ratio": 8.428748055263886,
      "fcf_margin_change": 0.19912148950153608
    },
    {
      "date": "2021-12-31T00:00:00",
      "quarter_label": "2021-12 (Q4)",
      "revenue": 21669000,
      "gross_profit": 16780000,
      "operating_income": -48271000,
      "net_income": -50790000,
      "opex": 65051000,
      "cogs": 4889000,
      "rd": 10082000,
      "sga": 54179000,
      "fcf": -29077000,
      "ocf": -28946000,
      "capex": -131000,
      "gross_margin": 0.7743781438921963,
      "op_margin": -2.2276524066638976,
      "fcf_margin": -1.341870875444183,
      "incr_op_margin_yoy": -2.022937062937063,
      "rev_growth_yoy": 1.9405618130004072,
      "op_leverage_ratio": 0.9444482817977973,
      "fcf_margin_change": 0.7071549514701805
    },
    {
      "date": "2022-03-31T00:00:00",
      "quarter_label": "2022-03 (Q1)",
      "revenue": 22073000,
      "gross_profit": 15800000,
      "operating_income": -29074000,
      "net_income": -33714000,
      "opex": 44874000,
      "cogs": 6273000,
      "rd": 6250000,
      "sga": 35913000,
      "fcf": -48409000,
      "ocf": -48409000,
      "capex": null,
      "gross_margin": 0.7158066415983328,
      "op_margin": -1.3171748289765777,
      "fcf_margin": -2.1931318805780817,
      "incr_op_margin_yoy": -0.888744775904309,
      "rev_growth_yoy": 1.6934716290420988,
      "rev_growth_yoy_accel": -0.2470901839583084,
      "op_leverage_ratio": Infinity,
      "fcf_margin_change": -0.8512610051338987
    },
    {
      "date": "2022-06-30T00:00:00",
      "quarter_label": "2022-06 (Q2)",
      "revenue": 25306000,
      "gross_profit": 20496000,
      "operating_income": -18916000,
      "net_income": -26185000,
      "opex": 39412000,
      "cogs": 4810000,
      "rd": 3718000,
      "sga": 32984000,
      "fcf": -20609000,
      "ocf": -20609000,
      "capex": null,
      "gross_margin": 0.8099264996443531,
      "op_margin": -0.7474907136647435,
      "fcf_margin": -0.8143918438315024,
      "incr_op_margin_yoy": 0.4189634146341463,
      "rev_growth_yoy": 1.8414551987424208,
      "rev_growth_yoy_accel": 0.147983569700322,
      "op_leverage_ratio": Infinity,
      "fcf_margin_change": 1.3787400367465792
    },
    {
      "date": "2022-09-30T00:00:00",
      "quarter_label": "2022-09 (Q3)",
      "revenue": 29725000,
      "gross_profit": 24465000,
      "operating_income": -18780000,
      "net_income": -21831000,
      "opex": 43245000,
      "cogs": 5260000,
      "rd": 6043000,
      "sga": 34491000,
      "fcf": -17754000,
      "ocf": -17754000,
      "capex": null,
      "gross_margin": 0.823044575273339,
      "op_margin": -0.6317914213624894,
      "fcf_margin": -0.5972750210260723,
      "incr_op_margin_yoy": 0.29844836811128944,
      "rev_growth_yoy": 1.693701857725419,
      "rev_growth_yoy_accel": -0.14775334101700177,
      "op_leverage_ratio": 1.7955196101259845,
      "fcf_margin_change": 0.2171168228054301
    },
    {
      "date": "2022-12-31T00:00:00",
      "quarter_label": "2022-12 (Q4)",
      "revenue": 33144000,
      "gross_profit": 26853000,
      "operating_income": -15170000,
      "net_income": -12930000,
      "opex": 42023000,
      "cogs": 6291000,
      "rd": 4955000,
      "sga": 34357000,
      "fcf": -16119000,
      "ocf": -16119000,
      "capex": null,
      "gross_margin": 0.8101918899348298,
      "op_margin": -0.4576997344919141,
      "fcf_margin": -0.4863323678493845,
      "incr_op_margin_yoy": 2.8846187363834424,
      "rev_growth_yoy": 0.5295583552540496,
      "rev_growth_yoy_accel": -1.1641435024713696,
      "op_leverage_ratio": Infinity,
      "fcf_margin_change": 0.11094265317668783
    },
    {
      "date": "2023-03-31T00:00:00",
      "quarter_label": "2023-03 (Q1)",
      "revenue": 33196000,
      "gross_profit": 27877000,
      "operating_income": -13277000,
      "net_income": -16834000,
      "opex": 41154000,
      "cogs": 5319000,
      "rd": 4838000,
      "sga": 33605000,
      "fcf": -26140000,
      "ocf": -26140000,
      "capex": null,
      "gross_margin": 0.8397698517893722,
      "op_margin": -0.3999578262441258,
      "fcf_margin": -0.7874442703940234,
      "incr_op_margin_yoy": 1.4202103748988582,
      "rev_growth_yoy": 0.5039188148416618,
      "rev_growth_yoy_accel": -0.025639540412387807,
      "fcf_margin_change": -0.30111190254463893
    },
    {
      "date": "2023-06-30T00:00:00",
      "quarter_label": "2023-06 (Q2)",
      "revenue": 38008000,
      "gross_profit": 30453000,
      "operating_income": -15979000,
      "net_income": -19842000,
      "opex": 46432000,
      "cogs": 7555000,
      "rd": 6087000,
      "sga": 37635000,
      "fcf": -13744000,
      "ocf": -13744000,
      "capex": null,
      "gross_margin": 0.801226057672069,
      "op_margin": -0.4204114923174069,
      "fcf_margin": -0.3616080825089455,
      "incr_op_margin_yoy": 0.2312234293811998,
      "rev_growth_yoy": 0.5019362996917727,
      "rev_growth_yoy_accel": -0.001982515149889119,
      "op_leverage_ratio": 1.1302708576538827,
      "fcf_margin_change": 0.42583618788507793
    },
    {
      "date": "2023-09-30T00:00:00",
      "quarter_label": "2023-09 (Q3)",
      "revenue": 48320000,
      "gross_profit": 40119000,
      "operating_income": -4913000,
      "net_income": -12189000,
      "opex": 45032000,
      "cogs": 8201000,
      "rd": 5034000,
      "sga": 37287000,
      "fcf": -14610000,
      "ocf": -14610000,
      "capex": null,
      "gross_margin": 0.8302773178807947,
      "op_margin": -0.10167632450331125,
      "fcf_margin": -0.3023592715231788,
      "incr_op_margin_yoy": 0.7457381016402259,
      "rev_growth_yoy": 0.6255677039529016,
      "rev_growth_yoy_accel": 0.12363140426112895,
      "op_leverage_ratio": Infinity,
      "fcf_margin_change": 0.059248810985766676
    },
    {
      "date": "2023-12-31T00:00:00",
      "quarter_label": "2023-12 (Q4)",
      "revenue": 44390000,
      "gross_profit": 36820000,
      "operating_income": -9841000,
      "net_income": -13390000,
      "opex": 46661000,
      "cogs": 7570000,
      "rd": 6382000,
      "sga": 37568000,
      "fcf": 7471000,
      "ocf": 7471000,
      "capex": null,
      "gross_margin": 0.8294660959675603,
      "op_margin": -0.22169407524217166,
      "fcf_margin": 0.1683036719981978,
      "incr_op_margin_yoy": 0.4738573715098702,
      "rev_growth_yoy": 0.33930726526671495,
      "rev_growth_yoy_accel": -0.28626043868618667,
      "fcf_margin_change": 0.4706629435213766
    },
    {
      "date": "2024-03-31T00:00:00",
      "quarter_label": "2024-03 (Q1)",
      "revenue": 40638000,
      "gross_profit": 34667000,
      "operating_income": -14245000,
      "net_income": -18980000,
      "opex": 48912000,
      "cogs": 5971000,
      "rd": 7821000,
      "sga": 38380000,
      "fcf": -20303000,
      "ocf": -20303000,
      "capex": null,
      "gross_margin": 0.8530685565234509,
      "op_margin": -0.35053398297160293,
      "fcf_margin": -0.49960627983660616,
      "incr_op_margin_yoy": -0.13007256113947863,
      "rev_growth_yoy": 0.2241836365827208,
      "rev_growth_yoy_accel": -0.11512362868399414,
      "fcf_margin_change": -0.667909951834804
    },
    {
      "date": "2024-06-30T00:00:00",
      "quarter_label": "2024-06 (Q2)",
      "revenue": 48065000,
      "gross_profit": 40275000,
      "operating_income": -8187000,
      "net_income": -15005000,
      "opex": 48462000,
      "cogs": 7790000,
      "rd": 5759000,
      "sga": 39993000,
      "fcf": -10348000,
      "ocf": -10348000,
      "capex": null,
      "gross_margin": 0.8379278060959118,
      "op_margin": -0.17033184229688964,
      "fcf_margin": -0.2152917923645064,
      "incr_op_margin_yoy": 0.7747837327234762,
      "rev_growth_yoy": 0.2646021890128394,
      "rev_growth_yoy_accel": 0.040418552430118576,
      "op_leverage_ratio": Infinity,
      "fcf_margin_change": 0.28431448747209975
    },
    {
      "date": "2024-09-30T00:00:00",
      "quarter_label": "2024-09 (Q3)",
      "revenue": 54268000,
      "gross_profit": 40675000,
      "operating_income": -12893000,
      "net_income": -15738000,
      "opex": 53568000,
      "cogs": 13593000,
      "rd": 5888000,
      "sga": 44969000,
      "fcf": -8305000,
      "ocf": -8305000,
      "capex": null,
      "gross_margin": 0.7495208962924744,
      "op_margin": -0.23758015773568217,
      "fcf_margin": -0.15303678042308544,
      "incr_op_margin_yoy": -1.3416274377942166,
      "rev_growth_yoy": 0.12309602649006622,
      "rev_growth_yoy_accel": -0.14150616252277315,
      "op_leverage_ratio": 1.2248794749276435,
      "fcf_margin_change": 0.06225501194142097
    },
    {
      "date": "2024-12-31T00:00:00",
      "quarter_label": "2024-12 (Q4)",
      "revenue": 60099000,
      "gross_profit": 50621000,
      "operating_income": 1679000,
      "net_income": -5113000,
      "opex": 48942000,
      "cogs": 9478000,
      "rd": 6092000,
      "sga": 40139000,
      "fcf": 1975000,
      "ocf": 1975000,
      "capex": null,
      "gross_margin": 0.8422935489775204,
      "op_margin": 0.027937236892460773,
      "fcf_margin": 0.03286244363466946,
      "incr_op_margin_yoy": 0.7333375771850531,
      "rev_growth_yoy": 0.3538860103626943,
      "rev_growth_yoy_accel": 0.23078998387262806,
      "op_leverage_ratio": Infinity,
      "fcf_margin_change": 0.18589922405775489
    },
    {
      "date": "2025-03-31T00:00:00",
      "quarter_label": "2025-03 (Q1)",
      "revenue": 60119000,
      "gross_profit": 51391000,
      "operating_income": -3090000,
      "net_income": -9220000,
      "opex": 54481000,
      "cogs": 8728000,
      "rd": 7753000,
      "sga": 44018000,
      "fcf": -10031000,
      "ocf": -10031000,
      "capex": null,
      "gross_margin": 0.8548212711455613,
      "op_margin": -0.05139806051331526,
      "fcf_margin": -0.16685240938804705,
      "incr_op_margin_yoy": 0.5726092089728453,
      "rev_growth_yoy": 0.4793789064422462,
      "rev_growth_yoy_accel": 0.12549289607955189,
      "fcf_margin_change": -0.19971485302271652
    },
    {
      "date": "2025-06-30T00:00:00",
      "quarter_label": "2025-06 (Q2)",
      "revenue": 71539000,
      "gross_profit": 59641000,
      "operating_income": 4482000,
      "net_income": -1928000,
      "opex": 55159000,
      "cogs": 11898000,
      "rd": 8055000,
      "sga": 44393000,
      "fcf": 182000,
      "ocf": 182000,
      "capex": null,
      "gross_margin": 0.833685122800151,
      "op_margin": 0.06265114133549532,
      "fcf_margin": 0.002544066872614937,
      "incr_op_margin_yoy": 0.5397035017466133,
      "rev_growth_yoy": 0.4883803183189431,
      "rev_growth_yoy_accel": 0.009001411876696896,
      "op_leverage_ratio": 15.264048329711459,
      "fcf_margin_change": 0.16939647626066198
    },
    {
      "date": "2025-09-30T00:00:00",
      "quarter_label": "2025-09 (Q3)",
      "revenue": 74380000,
      "gross_profit": 63384000,
      "operating_income": 6731000,
      "net_income": 621000,
      "opex": 56653000,
      "cogs": 10996000,
      "rd": 7483000,
      "sga": 46459000,
      "fcf": 18432000,
      "ocf": 18432000,
      "capex": null,
      "gross_margin": 0.8521645603656897,
      "op_margin": 0.09049475665501479,
      "fcf_margin": 0.24780855068566818,
      "incr_op_margin_yoy": 0.9757358790771679,
      "rev_growth_yoy": 0.3706051448367362,
      "rev_growth_yoy_accel": -0.1177751734822069,
      "op_leverage_ratio": 1.4662031735884113,
      "fcf_margin_change": 0.24526448381305324
    }
  ],
  "signals": [
    {
      "quarter": "2025-09 (Q3)",
      "signal": "FCF MARGIN EXPANSION",
      "detail": "FCF margin: +0.3% -> +24.8% (+24.5%)",
      "severity": "MEDIUM"
    },
    {
      "quarter": "2025-09 (Q3)",
      "signal": "YoY REVENUE GROWTH DECELERATION",
      "detail": "YoY growth: +37.1% vs prior quarter YoY: +48.8% (decel: -11.8%)",
      "severity": "WARNING"
    },
    {
      "quarter": "2025-09 (Q3)",
      "signal": "OP MARGIN TURNED POSITIVE (YoY)",
      "detail": "Op margin: -23.8% (year-ago) -> +9.0%",
      "severity": "HIGH"
    },
    {
      "quarter": "2025-06 (Q2)",
      "signal": "FCF TURNED POSITIVE",
      "detail": "FCF margin: -16.7% -> +0.3%",
      "severity": "HIGH"
    },
    {
      "quarter": "2025-06 (Q2)",
      "signal": "OPERATING LEVERAGE",
      "detail": "Rev growth +19.0% vs OpEx growth +1.2% (leverage: 15.3x)",
      "severity": "MEDIUM"
    },
    {
      "quarter": "2025-06 (Q2)",
      "signal": "OP MARGIN TURNED POSITIVE (YoY)",
      "detail": "Op margin: -17.0% (year-ago) -> +6.3%",
      "severity": "HIGH"
    },
    {
      "quarter": "2025-06 (Q2)",
      "signal": "OP MARGIN TURNED POSITIVE (QoQ)",
      "detail": "Op margin: -5.1% -> +6.3%",
      "severity": "HIGH"
    },
    {
      "quarter": "2025-03 (Q1)",
      "signal": "YoY REVENUE GROWTH ACCELERATION",
      "detail": "YoY growth: +47.9% vs prior quarter YoY: +35.4% (accel: +12.5%)",
      "severity": "MEDIUM"
    },
    {
      "quarter": "2024-12 (Q4)",
      "signal": "FCF TURNED POSITIVE",
      "detail": "FCF margin: -15.3% -> +3.3%",
      "severity": "HIGH"
    },
    {
      "quarter": "2024-12 (Q4)",
      "signal": "GROSS MARGIN INFLECTION",
      "detail": "GM: +83.8% -> +75.0% -> +84.2% (reversal +9.3%)",
      "severity": "HIGH"
    },
    {
      "quarter": "2024-12 (Q4)",
      "signal": "YoY REVENUE GROWTH ACCELERATION",
      "detail": "YoY growth: +35.4% vs prior quarter YoY: +12.3% (accel: +23.1%)",
      "severity": "HIGH"
    },
    {
      "quarter": "2024-12 (Q4)",
      "signal": "OP MARGIN TURNED POSITIVE (YoY)",
      "detail": "Op margin: -22.2% (year-ago) -> +2.8%",
      "severity": "HIGH"
    },
    {
      "quarter": "2024-12 (Q4)",
      "signal": "OP MARGIN TURNED POSITIVE (QoQ)",
      "detail": "Op margin: -23.8% -> +2.8%",
      "severity": "HIGH"
    },
    {
      "quarter": "2024-09 (Q3)",
      "signal": "FCF MARGIN EXPANSION",
      "detail": "FCF margin: -21.5% -> -15.3% (+6.2%)",
      "severity": "MEDIUM"
    },
    {
      "quarter": "2024-09 (Q3)",
      "signal": "YoY REVENUE GROWTH DECELERATION",
      "detail": "YoY growth: +12.3% vs prior quarter YoY: +26.5% (decel: -14.2%)",
      "severity": "WARNING"
    },
    {
      "quarter": "2024-06 (Q2)",
      "signal": "FCF MARGIN EXPANSION",
      "detail": "FCF margin: -50.0% -> -21.5% (+28.4%)",
      "severity": "MEDIUM"
    },
    {
      "quarter": "2024-03 (Q1)",
      "signal": "GROSS MARGIN INFLECTION",
      "detail": "GM: +83.0% -> +82.9% -> +85.3% (reversal +2.4%)",
      "severity": "MEDIUM"
    },
    {
      "quarter": "2024-03 (Q1)",
      "signal": "YoY REVENUE GROWTH DECELERATION",
      "detail": "YoY growth: +22.4% vs prior quarter YoY: +33.9% (decel: -11.5%)",
      "severity": "WARNING"
    },
    {
      "quarter": "2023-12 (Q4)",
      "signal": "FCF TURNED POSITIVE",
      "detail": "FCF margin: -30.2% -> +16.8%",
      "severity": "HIGH"
    },
    {
      "quarter": "2023-12 (Q4)",
      "signal": "YoY REVENUE GROWTH DECELERATION",
      "detail": "YoY growth: +33.9% vs prior quarter YoY: +62.6% (decel: -28.6%)",
      "severity": "WARNING"
    },
    {
      "quarter": "2023-09 (Q3)",
      "signal": "FCF MARGIN EXPANSION",
      "detail": "FCF margin: -36.2% -> -30.2% (+5.9%)",
      "severity": "MEDIUM"
    },
    {
      "quarter": "2023-09 (Q3)",
      "signal": "GROSS MARGIN INFLECTION",
      "detail": "GM: +84.0% -> +80.1% -> +83.0% (reversal +2.9%)",
      "severity": "MEDIUM"
    },
    {
      "quarter": "2023-09 (Q3)",
      "signal": "YoY REVENUE GROWTH ACCELERATION",
      "detail": "YoY growth: +62.6% vs prior quarter YoY: +50.2% (accel: +12.4%)",
      "severity": "MEDIUM"
    },
    {
      "quarter": "2023-06 (Q2)",
      "signal": "FCF MARGIN EXPANSION",
      "detail": "FCF margin: -78.7% -> -36.2% (+42.6%)",
      "severity": "MEDIUM"
    },
    {
      "quarter": "2023-03 (Q1)",
      "signal": "GROSS MARGIN INFLECTION",
      "detail": "GM: +82.3% -> +81.0% -> +84.0% (reversal +3.0%)",
      "severity": "MEDIUM"
    },
    {
      "quarter": "2022-12 (Q4)",
      "signal": "FCF MARGIN EXPANSION",
      "detail": "FCF margin: -59.7% -> -48.6% (+11.1%)",
      "severity": "MEDIUM"
    },
    {
      "quarter": "2022-12 (Q4)",
      "signal": "YoY REVENUE GROWTH DECELERATION",
      "detail": "YoY growth: +53.0% vs prior quarter YoY: +169.4% (decel: -116.4%)",
      "severity": "WARNING"
    },
    {
      "quarter": "2022-09 (Q3)",
      "signal": "FCF MARGIN EXPANSION",
      "detail": "FCF margin: -81.4% -> -59.7% (+21.7%)",
      "severity": "MEDIUM"
    },
    {
      "quarter": "2022-09 (Q3)",
      "signal": "OPERATING LEVERAGE",
      "detail": "Rev growth +17.5% vs OpEx growth +9.7% (leverage: 1.8x)",
      "severity": "MEDIUM"
    },
    {
      "quarter": "2022-09 (Q3)",
      "signal": "YoY REVENUE GROWTH DECELERATION",
      "detail": "YoY growth: +169.4% vs prior quarter YoY: +184.1% (decel: -14.8%)",
      "severity": "WARNING"
    },
    {
      "quarter": "2022-06 (Q2)",
      "signal": "FCF MARGIN EXPANSION",
      "detail": "FCF margin: -219.3% -> -81.4% (+137.9%)",
      "severity": "MEDIUM"
    },
    {
      "quarter": "2022-06 (Q2)",
      "signal": "GROSS MARGIN INFLECTION",
      "detail": "GM: +77.4% -> +71.6% -> +81.0% (reversal +9.4%)",
      "severity": "HIGH"
    },
    {
      "quarter": "2022-06 (Q2)",
      "signal": "YoY REVENUE GROWTH ACCELERATION",
      "detail": "YoY growth: +184.1% vs prior quarter YoY: +169.3% (accel: +14.8%)",
      "severity": "MEDIUM"
    },
    {
      "quarter": "2022-03 (Q1)",
      "signal": "YoY REVENUE GROWTH DECELERATION",
      "detail": "YoY growth: +169.3% vs prior quarter YoY: +194.1% (decel: -24.7%)",
      "severity": "WARNING"
    },
    {
      "quarter": "2021-12 (Q4)",
      "signal": "FCF MARGIN EXPANSION",
      "detail": "FCF margin: -204.9% -> -134.2% (+70.7%)",
      "severity": "MEDIUM"
    },
    {
      "quarter": "2021-09 (Q3)",
      "signal": "FCF MARGIN EXPANSION",
      "detail": "FCF margin: -224.8% -> -204.9% (+19.9%)",
      "severity": "MEDIUM"
    },
    {
      "quarter": "2021-09 (Q3)",
      "signal": "OPERATING LEVERAGE",
      "detail": "Rev growth +23.9% vs OpEx growth +2.8% (leverage: 8.4x)",
      "severity": "MEDIUM"
    },
    {
      "quarter": "2021-09 (Q3)",
      "signal": "GROSS MARGIN INFLECTION",
      "detail": "GM: +77.7% -> +62.0% -> +71.0% (reversal +9.0%)",
      "severity": "HIGH"
    },
    {
      "quarter": "2021-06 (Q2)",
      "signal": "FCF MARGIN EXPANSION",
      "detail": "FCF margin: -292.3% -> -224.8% (+67.5%)",
      "severity": "MEDIUM"
    }
  ],
  "data_quality": {
    "n_quarters": 20,
    "coverage": {
      "revenue": [
        20,
        20
      ],
      "gross_profit": [
        20,
        20
      ],
      "op_income": [
        20,
        20
      ],
      "fcf": [
        20,
        20
      ]
    },
    "gaps": [],
    "warnings": []
  },
  "market_cap": null,
  "source": "SEC EDGAR",
  "last_updated": "2026-02-02T21:54:52.328185"
}