{
  "ticker": "XGN",
  "name": "EXAGEN INC.",
  "quarters": [
    {
      "date": "2020-12-31T00:00:00",
      "quarter_label": "2020-12 (Q4)",
      "revenue": 41275000,
      "gross_profit": 36940000,
      "operating_income": -2761000,
      "net_income": -3453000,
      "opex": 15429000,
      "cogs": 4335000,
      "rd": 1165000,
      "sga": 9929000,
      "fcf": -3904000,
      "ocf": -3899000,
      "capex": -5000,
      "gross_margin": 0.8949727437916414,
      "op_margin": -0.06689279224712295,
      "fcf_margin": -0.09458509993943065
    },
    {
      "date": "2021-03-31T00:00:00",
      "quarter_label": "2021-03 (Q1)",
      "revenue": 10587000,
      "gross_profit": 5876000,
      "operating_income": -5567000,
      "net_income": -6209000,
      "opex": 16154000,
      "cogs": 4711000,
      "rd": 1403000,
      "sga": 10040000,
      "fcf": -4479000,
      "ocf": -4312000,
      "capex": -167000,
      "gross_margin": 0.5550203079248135,
      "op_margin": -0.525833569471994,
      "fcf_margin": -0.4230660243695098,
      "fcf_margin_change": -0.32848092443007915
    },
    {
      "date": "2021-06-30T00:00:00",
      "quarter_label": "2021-06 (Q2)",
      "revenue": 12772000,
      "gross_profit": 7321000,
      "operating_income": -5742000,
      "net_income": -6410000,
      "opex": 18514000,
      "cogs": 5451000,
      "rd": 1892000,
      "sga": 11171000,
      "fcf": -5164000,
      "ocf": -4450000,
      "capex": -714000,
      "gross_margin": 0.5732070153460695,
      "op_margin": -0.449577200125274,
      "fcf_margin": -0.4043219542749765,
      "op_leverage_ratio": 1.4126891310577572,
      "fcf_margin_change": 0.01874407009453327
    },
    {
      "date": "2021-09-30T00:00:00",
      "quarter_label": "2021-09 (Q3)",
      "revenue": 12251000,
      "gross_profit": 6764000,
      "operating_income": -6504000,
      "net_income": -7179000,
      "opex": 18755000,
      "cogs": 5487000,
      "rd": 1740000,
      "sga": 11528000,
      "fcf": -5885000,
      "ocf": -5460000,
      "capex": -425000,
      "gross_margin": 0.5521181944331075,
      "op_margin": -0.5308954371071749,
      "fcf_margin": -0.4803689494735124,
      "fcf_margin_change": -0.07604699519853586
    },
    {
      "date": "2021-12-31T00:00:00",
      "quarter_label": "2021-12 (Q4)",
      "revenue": 12689000,
      "gross_profit": 7750000,
      "operating_income": -6254000,
      "net_income": -7053000,
      "opex": 18943000,
      "cogs": 4939000,
      "rd": 2202000,
      "sga": 11802000,
      "fcf": -7111000,
      "ocf": -6047000,
      "capex": -1064000,
      "gross_margin": 0.6107652297265348,
      "op_margin": -0.49286783828512887,
      "fcf_margin": -0.5604066514303727,
      "incr_op_margin_yoy": 0.12219268173231652,
      "rev_growth_yoy": -0.6925741974560872,
      "op_leverage_ratio": 3.566660646026291,
      "fcf_margin_change": -0.08003770195686033
    },
    {
      "date": "2022-03-31T00:00:00",
      "quarter_label": "2022-03 (Q1)",
      "revenue": 10394000,
      "gross_profit": 4577000,
      "operating_income": -9679000,
      "net_income": -10272000,
      "opex": 20073000,
      "cogs": 5817000,
      "rd": 2104000,
      "sga": 12152000,
      "fcf": -9661000,
      "ocf": -8574000,
      "capex": -1087000,
      "gross_margin": 0.44035020203963826,
      "op_margin": -0.9312103136424861,
      "fcf_margin": -0.9294785453146046,
      "rev_growth_yoy": -0.018229904599981108,
      "rev_growth_yoy_accel": 0.6743442928561061,
      "fcf_margin_change": -0.3690718938842319
    },
    {
      "date": "2022-06-30T00:00:00",
      "quarter_label": "2022-06 (Q2)",
      "revenue": 8962000,
      "gross_profit": 2884000,
      "operating_income": -12708000,
      "net_income": -13309000,
      "opex": 21670000,
      "cogs": 6078000,
      "rd": 2689000,
      "sga": 12903000,
      "fcf": -13100000,
      "ocf": -11154000,
      "capex": -1946000,
      "gross_margin": 0.3218031689355055,
      "op_margin": -1.4179870564606114,
      "fcf_margin": -1.461727293014952,
      "incr_op_margin_yoy": 1.8283464566929133,
      "rev_growth_yoy": -0.29830880050109615,
      "rev_growth_yoy_accel": -0.28007889590111507,
      "fcf_margin_change": -0.5322487477003475
    },
    {
      "date": "2022-09-30T00:00:00",
      "quarter_label": "2022-09 (Q3)",
      "revenue": 14726000,
      "gross_profit": 8716000,
      "operating_income": -7817000,
      "net_income": -8096000,
      "opex": 22543000,
      "cogs": 6010000,
      "rd": 2382000,
      "sga": 14151000,
      "fcf": -7561000,
      "ocf": -6682000,
      "capex": -879000,
      "gross_margin": 0.5918783104712753,
      "op_margin": -0.530829824799674,
      "fcf_margin": -0.5134456064104306,
      "incr_op_margin_yoy": -0.5305050505050505,
      "rev_growth_yoy": 0.2020243245449351,
      "rev_growth_yoy_accel": 0.5003331250460312,
      "op_leverage_ratio": 15.964808010812101,
      "fcf_margin_change": 0.9482816866045215
    },
    {
      "date": "2022-12-31T00:00:00",
      "quarter_label": "2022-12 (Q4)",
      "revenue": 12837000,
      "gross_profit": 6528000,
      "operating_income": -14491000,
      "net_income": -14354000,
      "opex": 27328000,
      "cogs": 6309000,
      "rd": 2701000,
      "sga": 12812000,
      "fcf": -6140000,
      "ocf": -5734000,
      "capex": -406000,
      "gross_margin": 0.5085300303809301,
      "op_margin": -1.1288463036535017,
      "fcf_margin": -0.4783048998987302,
      "rev_growth_yoy": 0.011663645677358342,
      "rev_growth_yoy_accel": -0.19036067886757677,
      "fcf_margin_change": 0.03514070651170037
    },
    {
      "date": "2023-03-31T00:00:00",
      "quarter_label": "2023-03 (Q1)",
      "revenue": 11230000,
      "gross_profit": 5304000,
      "operating_income": -7706000,
      "net_income": -7688000,
      "opex": 18936000,
      "cogs": 5926000,
      "rd": 1126000,
      "sga": 11884000,
      "fcf": -10145000,
      "ocf": -9749000,
      "capex": -396000,
      "gross_margin": 0.47230632235084596,
      "op_margin": -0.6861976847729296,
      "fcf_margin": -0.9033837934105076,
      "rev_growth_yoy": 0.0804310178949394,
      "rev_growth_yoy_accel": 0.06876737221758106,
      "fcf_margin_change": -0.42507889351177736
    },
    {
      "date": "2023-06-30T00:00:00",
      "quarter_label": "2023-06 (Q2)",
      "revenue": 14137000,
      "gross_profit": 8301000,
      "operating_income": -4915000,
      "net_income": -5013000,
      "opex": 19052000,
      "cogs": 5836000,
      "rd": 1263000,
      "sga": 11953000,
      "fcf": -10478000,
      "ocf": -10154000,
      "capex": -324000,
      "gross_margin": 0.5871825705595246,
      "op_margin": -0.34766923675461553,
      "fcf_margin": -0.7411756383956992,
      "incr_op_margin_yoy": 1.5058937198067632,
      "rev_growth_yoy": 0.57743807185896,
      "rev_growth_yoy_accel": 0.4970070539640206,
      "op_leverage_ratio": 42.256695427887124,
      "fcf_margin_change": 0.16220815501480834
    },
    {
      "date": "2023-09-30T00:00:00",
      "quarter_label": "2023-09 (Q3)",
      "revenue": 13416000,
      "gross_profit": 7706000,
      "operating_income": -5069000,
      "net_income": -5415000,
      "opex": 18485000,
      "cogs": 5710000,
      "rd": 1400000,
      "sga": 11375000,
      "fcf": -2910000,
      "ocf": -2908000,
      "capex": -2000,
      "gross_margin": 0.5743887895050686,
      "op_margin": -0.3778324388789505,
      "fcf_margin": -0.2169051878354204,
      "incr_op_margin_yoy": -2.097709923664122,
      "rev_growth_yoy": -0.08895830503870705,
      "rev_growth_yoy_accel": -0.6663963768976671,
      "fcf_margin_change": 0.5242704505602789
    },
    {
      "date": "2023-12-31T00:00:00",
      "quarter_label": "2023-12 (Q4)",
      "revenue": 13765000,
      "gross_profit": 8145000,
      "operating_income": -5147000,
      "net_income": -5573000,
      "opex": 18912000,
      "cogs": 5620000,
      "rd": 1076000,
      "sga": 12216000,
      "fcf": 8243000,
      "ocf": 8349000,
      "capex": -106000,
      "gross_margin": 0.5917181256810752,
      "op_margin": -0.373919360697421,
      "fcf_margin": 0.5988376316745369,
      "rev_growth_yoy": 0.07229103373062241,
      "rev_growth_yoy_accel": 0.16124933876932945,
      "op_leverage_ratio": 1.1261440776785803,
      "fcf_margin_change": 0.8157428195099572
    },
    {
      "date": "2024-03-31T00:00:00",
      "quarter_label": "2024-03 (Q1)",
      "revenue": 14415000,
      "gross_profit": 8598000,
      "operating_income": -3003000,
      "net_income": -3360000,
      "opex": 17418000,
      "cogs": 5817000,
      "rd": 1059000,
      "sga": 10542000,
      "fcf": -9126000,
      "ocf": -9040000,
      "capex": -86000,
      "gross_margin": 0.5964620187304891,
      "op_margin": -0.20832466181061393,
      "fcf_margin": -0.6330905306971905,
      "incr_op_margin_yoy": 1.4766091051805337,
      "rev_growth_yoy": 0.2836153161175423,
      "rev_growth_yoy_accel": 0.21132428238691991,
      "op_leverage_ratio": Infinity,
      "fcf_margin_change": -1.2319281623717273
    },
    {
      "date": "2024-06-30T00:00:00",
      "quarter_label": "2024-06 (Q2)",
      "revenue": 15064000,
      "gross_profit": 9056000,
      "operating_income": -2587000,
      "net_income": -2966000,
      "opex": 17651000,
      "cogs": 6008000,
      "rd": 1179000,
      "sga": 10464000,
      "fcf": -2562000,
      "ocf": -2426000,
      "capex": -136000,
      "gross_margin": 0.6011683483802442,
      "op_margin": -0.17173393520977165,
      "fcf_margin": -0.17007434944237917,
      "rev_growth_yoy": 0.06557261087925302,
      "rev_growth_yoy_accel": -0.21804270523828928,
      "op_leverage_ratio": 3.3656768477042425,
      "fcf_margin_change": 0.46301618125481125
    },
    {
      "date": "2024-09-30T00:00:00",
      "quarter_label": "2024-09 (Q3)",
      "revenue": 12507000,
      "gross_profit": 6981000,
      "operating_income": -4663000,
      "net_income": -5028000,
      "opex": 17170000,
      "cogs": 5526000,
      "rd": 1481000,
      "sga": 10163000,
      "fcf": -2323000,
      "ocf": -2176000,
      "capex": -147000,
      "gross_margin": 0.5581674262413049,
      "op_margin": -0.3728312145198689,
      "fcf_margin": -0.18573598784680578,
      "rev_growth_yoy": -0.06775491949910555,
      "rev_growth_yoy_accel": -0.13332753037835857,
      "fcf_margin_change": -0.01566163840442661
    },
    {
      "date": "2024-12-31T00:00:00",
      "quarter_label": "2024-12 (Q4)",
      "revenue": 13655000,
      "gross_profit": 8477000,
      "operating_income": -3383000,
      "net_income": -3761000,
      "opex": -5491000,
      "cogs": 5178000,
      "rd": 1656000,
      "sga": 10204000,
      "fcf": 217000,
      "ocf": 363000,
      "capex": -146000,
      "gross_margin": 0.6207982424020505,
      "op_margin": -0.24774807762724277,
      "fcf_margin": 0.015891614793116075,
      "rev_growth_yoy": -0.007991282237559027,
      "rev_growth_yoy_accel": 0.059763637261546515,
      "op_leverage_ratio": Infinity,
      "fcf_margin_change": 0.20162760263992185
    },
    {
      "date": "2025-03-31T00:00:00",
      "quarter_label": "2025-03 (Q1)",
      "revenue": 15498000,
      "gross_profit": 9123000,
      "operating_income": -3365000,
      "net_income": -3752000,
      "opex": 12488000,
      "cogs": 6375000,
      "rd": 1284000,
      "sga": 11204000,
      "fcf": -10784000,
      "ocf": -10671000,
      "capex": -113000,
      "gross_margin": 0.5886566008517228,
      "op_margin": -0.217124790295522,
      "fcf_margin": -0.6958317202219642,
      "incr_op_margin_yoy": -0.33425669436749766,
      "rev_growth_yoy": 0.07513007284079085,
      "rev_growth_yoy_accel": 0.08312135507834988,
      "op_leverage_ratio": Infinity,
      "fcf_margin_change": -0.7117233350150802
    },
    {
      "date": "2025-06-30T00:00:00",
      "quarter_label": "2025-06 (Q2)",
      "revenue": 17202000,
      "gross_profit": 10395000,
      "operating_income": -2630000,
      "net_income": -4439000,
      "opex": 13025000,
      "cogs": 6807000,
      "rd": 1483000,
      "sga": 11542000,
      "fcf": -3094000,
      "ocf": -2885000,
      "capex": -209000,
      "gross_margin": 0.6042901988140914,
      "op_margin": -0.15288919893035693,
      "fcf_margin": -0.17986280665038948,
      "incr_op_margin_yoy": -0.020112254443405052,
      "rev_growth_yoy": 0.14192777482740307,
      "rev_growth_yoy_accel": 0.06679770198661222,
      "op_leverage_ratio": 2.556892905986788,
      "fcf_margin_change": 0.5159689135715747
    },
    {
      "date": "2025-09-30T00:00:00",
      "quarter_label": "2025-09 (Q3)",
      "revenue": 17244000,
      "gross_profit": 10075000,
      "operating_income": -3100000,
      "net_income": -7087000,
      "opex": 13175000,
      "cogs": 7169000,
      "rd": 1730000,
      "sga": 11445000,
      "fcf": 2669000,
      "ocf": 2944000,
      "capex": -275000,
      "gross_margin": 0.5842611922987706,
      "op_margin": -0.17977267455346788,
      "fcf_margin": 0.15477847367200184,
      "incr_op_margin_yoy": 0.3299556681443952,
      "rev_growth_yoy": 0.3787479011753418,
      "rev_growth_yoy_accel": 0.23682012634793873,
      "fcf_margin_change": 0.3346412803223913
    }
  ],
  "signals": [
    {
      "quarter": "2025-09 (Q3)",
      "signal": "FCF TURNED POSITIVE",
      "detail": "FCF margin: -18.0% -> +15.5%",
      "severity": "HIGH"
    },
    {
      "quarter": "2025-09 (Q3)",
      "signal": "YoY REVENUE GROWTH ACCELERATION",
      "detail": "YoY growth: +37.9% vs prior quarter YoY: +14.2% (accel: +23.7%)",
      "severity": "HIGH"
    },
    {
      "quarter": "2025-06 (Q2)",
      "signal": "FCF MARGIN EXPANSION",
      "detail": "FCF margin: -69.6% -> -18.0% (+51.6%)",
      "severity": "MEDIUM"
    },
    {
      "quarter": "2025-06 (Q2)",
      "signal": "OPERATING LEVERAGE",
      "detail": "Rev growth +11.0% vs OpEx growth +4.3% (leverage: 2.6x)",
      "severity": "MEDIUM"
    },
    {
      "quarter": "2025-06 (Q2)",
      "signal": "YoY REVENUE GROWTH ACCELERATION",
      "detail": "YoY growth: +14.2% vs prior quarter YoY: +7.5% (accel: +6.7%)",
      "severity": "MEDIUM"
    },
    {
      "quarter": "2025-03 (Q1)",
      "signal": "YoY REVENUE GROWTH ACCELERATION",
      "detail": "YoY growth: +7.5% vs prior quarter YoY: -0.8% (accel: +8.3%)",
      "severity": "MEDIUM"
    },
    {
      "quarter": "2024-12 (Q4)",
      "signal": "FCF TURNED POSITIVE",
      "detail": "FCF margin: -18.6% -> +1.6%",
      "severity": "HIGH"
    },
    {
      "quarter": "2024-12 (Q4)",
      "signal": "GROSS MARGIN INFLECTION",
      "detail": "GM: +60.1% -> +55.8% -> +62.1% (reversal +6.3%)",
      "severity": "HIGH"
    },
    {
      "quarter": "2024-12 (Q4)",
      "signal": "YoY REVENUE GROWTH ACCELERATION",
      "detail": "YoY growth: -0.8% vs prior quarter YoY: -6.8% (accel: +6.0%)",
      "severity": "MEDIUM"
    },
    {
      "quarter": "2024-09 (Q3)",
      "signal": "YoY REVENUE GROWTH DECELERATION",
      "detail": "YoY growth: -6.8% vs prior quarter YoY: +6.6% (decel: -13.3%)",
      "severity": "WARNING"
    },
    {
      "quarter": "2024-06 (Q2)",
      "signal": "FCF MARGIN EXPANSION",
      "detail": "FCF margin: -63.3% -> -17.0% (+46.3%)",
      "severity": "MEDIUM"
    },
    {
      "quarter": "2024-06 (Q2)",
      "signal": "OPERATING LEVERAGE",
      "detail": "Rev growth +4.5% vs OpEx growth +1.3% (leverage: 3.4x)",
      "severity": "MEDIUM"
    },
    {
      "quarter": "2024-06 (Q2)",
      "signal": "YoY REVENUE GROWTH DECELERATION",
      "detail": "YoY growth: +6.6% vs prior quarter YoY: +28.4% (decel: -21.8%)",
      "severity": "WARNING"
    },
    {
      "quarter": "2024-03 (Q1)",
      "signal": "YoY REVENUE GROWTH ACCELERATION",
      "detail": "YoY growth: +28.4% vs prior quarter YoY: +7.2% (accel: +21.1%)",
      "severity": "HIGH"
    },
    {
      "quarter": "2023-12 (Q4)",
      "signal": "FCF TURNED POSITIVE",
      "detail": "FCF margin: -21.7% -> +59.9%",
      "severity": "HIGH"
    },
    {
      "quarter": "2023-12 (Q4)",
      "signal": "YoY REVENUE GROWTH ACCELERATION",
      "detail": "YoY growth: +7.2% vs prior quarter YoY: -8.9% (accel: +16.1%)",
      "severity": "HIGH"
    },
    {
      "quarter": "2023-09 (Q3)",
      "signal": "FCF MARGIN EXPANSION",
      "detail": "FCF margin: -74.1% -> -21.7% (+52.4%)",
      "severity": "MEDIUM"
    },
    {
      "quarter": "2023-09 (Q3)",
      "signal": "YoY REVENUE GROWTH DECELERATION",
      "detail": "YoY growth: -8.9% vs prior quarter YoY: +57.7% (decel: -66.6%)",
      "severity": "WARNING"
    },
    {
      "quarter": "2023-06 (Q2)",
      "signal": "FCF MARGIN EXPANSION",
      "detail": "FCF margin: -90.3% -> -74.1% (+16.2%)",
      "severity": "MEDIUM"
    },
    {
      "quarter": "2023-06 (Q2)",
      "signal": "OPERATING LEVERAGE",
      "detail": "Rev growth +25.9% vs OpEx growth +0.6% (leverage: 42.3x)",
      "severity": "MEDIUM"
    },
    {
      "quarter": "2023-06 (Q2)",
      "signal": "GROSS MARGIN INFLECTION",
      "detail": "GM: +50.9% -> +47.2% -> +58.7% (reversal +11.5%)",
      "severity": "HIGH"
    },
    {
      "quarter": "2023-06 (Q2)",
      "signal": "YoY REVENUE GROWTH ACCELERATION",
      "detail": "YoY growth: +57.7% vs prior quarter YoY: +8.0% (accel: +49.7%)",
      "severity": "HIGH"
    },
    {
      "quarter": "2023-03 (Q1)",
      "signal": "YoY REVENUE GROWTH ACCELERATION",
      "detail": "YoY growth: +8.0% vs prior quarter YoY: +1.2% (accel: +6.9%)",
      "severity": "MEDIUM"
    },
    {
      "quarter": "2022-12 (Q4)",
      "signal": "YoY REVENUE GROWTH DECELERATION",
      "detail": "YoY growth: +1.2% vs prior quarter YoY: +20.2% (decel: -19.0%)",
      "severity": "WARNING"
    },
    {
      "quarter": "2022-09 (Q3)",
      "signal": "FCF MARGIN EXPANSION",
      "detail": "FCF margin: -146.2% -> -51.3% (+94.8%)",
      "severity": "MEDIUM"
    },
    {
      "quarter": "2022-09 (Q3)",
      "signal": "OPERATING LEVERAGE",
      "detail": "Rev growth +64.3% vs OpEx growth +4.0% (leverage: 16.0x)",
      "severity": "MEDIUM"
    },
    {
      "quarter": "2022-09 (Q3)",
      "signal": "GROSS MARGIN INFLECTION",
      "detail": "GM: +44.0% -> +32.2% -> +59.2% (reversal +27.0%)",
      "severity": "HIGH"
    },
    {
      "quarter": "2022-09 (Q3)",
      "signal": "YoY REVENUE GROWTH ACCELERATION",
      "detail": "YoY growth: +20.2% vs prior quarter YoY: -29.8% (accel: +50.0%)",
      "severity": "HIGH"
    },
    {
      "quarter": "2022-06 (Q2)",
      "signal": "YoY REVENUE GROWTH DECELERATION",
      "detail": "YoY growth: -29.8% vs prior quarter YoY: -1.8% (decel: -28.0%)",
      "severity": "WARNING"
    },
    {
      "quarter": "2022-03 (Q1)",
      "signal": "YoY REVENUE GROWTH ACCELERATION",
      "detail": "YoY growth: -1.8% vs prior quarter YoY: -69.3% (accel: +67.4%)",
      "severity": "HIGH"
    },
    {
      "quarter": "2021-12 (Q4)",
      "signal": "OPERATING LEVERAGE",
      "detail": "Rev growth +3.6% vs OpEx growth +1.0% (leverage: 3.6x)",
      "severity": "MEDIUM"
    },
    {
      "quarter": "2021-12 (Q4)",
      "signal": "GROSS MARGIN INFLECTION",
      "detail": "GM: +57.3% -> +55.2% -> +61.1% (reversal +5.9%)",
      "severity": "HIGH"
    }
  ],
  "data_quality": {
    "n_quarters": 20,
    "coverage": {
      "revenue": [
        20,
        20
      ],
      "gross_profit": [
        20,
        20
      ],
      "op_income": [
        20,
        20
      ],
      "fcf": [
        20,
        20
      ]
    },
    "gaps": [],
    "warnings": []
  },
  "market_cap": null,
  "source": "SEC EDGAR",
  "last_updated": "2026-02-02T23:22:21.317299"
}