{
  "ticker": "XHR",
  "name": "Xenia Hotels & Resorts, Inc.",
  "quarters": [
    {
      "date": "2020-12-31T00:00:00",
      "quarter_label": "2020-12 (Q4)",
      "revenue": 75644000,
      "gross_profit": 5292000,
      "operating_income": -46884000,
      "net_income": 24277000,
      "opex": 122531000,
      "cogs": 70352000,
      "rd": null,
      "sga": null,
      "fcf": -34011000,
      "ocf": -34011000,
      "capex": null,
      "gross_margin": 0.06995928295700915,
      "op_margin": -0.619798001163344,
      "fcf_margin": -0.44961926920839723
    },
    {
      "date": "2021-03-31T00:00:00",
      "quarter_label": "2021-03 (Q1)",
      "revenue": 87852000,
      "gross_profit": 10768000,
      "operating_income": -39178000,
      "net_income": -56351000,
      "opex": 127030000,
      "cogs": 77084000,
      "rd": null,
      "sga": null,
      "fcf": -31160000,
      "ocf": -31160000,
      "capex": null,
      "gross_margin": 0.12256977644219824,
      "op_margin": -0.4459545599417202,
      "fcf_margin": -0.35468742885762417,
      "op_leverage_ratio": 4.395416350490945,
      "fcf_margin_change": 0.09493184035077307
    },
    {
      "date": "2021-06-30T00:00:00",
      "quarter_label": "2021-06 (Q2)",
      "revenue": 151974000,
      "gross_profit": 46071000,
      "operating_income": -18722000,
      "net_income": -42038000,
      "opex": 170696000,
      "cogs": 105903000,
      "rd": null,
      "sga": null,
      "fcf": 35982000,
      "ocf": 35982000,
      "capex": null,
      "gross_margin": 0.3031505389079711,
      "op_margin": -0.12319212496874465,
      "fcf_margin": 0.2367641833471515,
      "op_leverage_ratio": 2.1233339049279296,
      "fcf_margin_change": 0.5914516122047757
    },
    {
      "date": "2021-09-30T00:00:00",
      "quarter_label": "2021-09 (Q3)",
      "revenue": 172784000,
      "gross_profit": 49935000,
      "operating_income": -1502000,
      "net_income": -22193000,
      "opex": 174286000,
      "cogs": 122849000,
      "rd": null,
      "sga": null,
      "fcf": 24531000,
      "ocf": 24531000,
      "capex": null,
      "gross_margin": 0.28900245393091956,
      "op_margin": -0.00869293453097509,
      "fcf_margin": 0.14197495138438745,
      "op_leverage_ratio": 6.510759922172584,
      "fcf_margin_change": -0.09478923196276404
    },
    {
      "date": "2021-12-31T00:00:00",
      "quarter_label": "2021-12 (Q4)",
      "revenue": 203578000,
      "gross_profit": 63367000,
      "operating_income": -1482000,
      "net_income": -22935000,
      "opex": 205060000,
      "cogs": 140211000,
      "rd": null,
      "sga": null,
      "fcf": 11410000,
      "ocf": 11410000,
      "capex": null,
      "gross_margin": 0.31126644332884695,
      "op_margin": -0.007279765004077061,
      "fcf_margin": 0.05604731356040436,
      "incr_op_margin_yoy": 0.35488611315209406,
      "rev_growth_yoy": 1.6912643435037809,
      "op_leverage_ratio": 1.0093484833283566,
      "fcf_margin_change": -0.08592763782398309
    },
    {
      "date": "2022-03-31T00:00:00",
      "quarter_label": "2022-03 (Q1)",
      "revenue": 210347000,
      "gross_profit": 68740000,
      "operating_income": 17739000,
      "net_income": -5324000,
      "opex": 192608000,
      "cogs": 141607000,
      "rd": null,
      "sga": null,
      "fcf": 32572000,
      "ocf": 32572000,
      "capex": null,
      "gross_margin": 0.32679334623265366,
      "op_margin": 0.0843320798490114,
      "fcf_margin": 0.15484889254422454,
      "incr_op_margin_yoy": 0.4646475366341483,
      "rev_growth_yoy": 1.3943336520511769,
      "rev_growth_yoy_accel": -0.296930691452604,
      "op_leverage_ratio": Infinity,
      "fcf_margin_change": 0.09880157898382018
    },
    {
      "date": "2022-06-30T00:00:00",
      "quarter_label": "2022-06 (Q2)",
      "revenue": 283451000,
      "gross_profit": 106256000,
      "operating_income": 50720000,
      "net_income": 27648000,
      "opex": 232731000,
      "cogs": 177195000,
      "rd": null,
      "sga": null,
      "fcf": 66063000,
      "ocf": 66063000,
      "capex": null,
      "gross_margin": 0.37486549703476085,
      "op_margin": 0.1789374530342105,
      "fcf_margin": 0.233066738166385,
      "incr_op_margin_yoy": 0.5281684248956091,
      "rev_growth_yoy": 0.8651282456209615,
      "rev_growth_yoy_accel": -0.5292054064302154,
      "op_leverage_ratio": 1.668344531433788,
      "fcf_margin_change": 0.07821784562216047
    },
    {
      "date": "2022-09-30T00:00:00",
      "quarter_label": "2022-09 (Q3)",
      "revenue": 240668000,
      "gross_profit": 68789000,
      "operating_income": 16080000,
      "net_income": -1663000,
      "opex": 224588000,
      "cogs": 171879000,
      "rd": null,
      "sga": null,
      "fcf": 59259000,
      "ocf": 59259000,
      "capex": null,
      "gross_margin": 0.28582528628650256,
      "op_margin": 0.06681403427127827,
      "fcf_margin": 0.24622716771652234,
      "incr_op_margin_yoy": 0.25900064816451596,
      "rev_growth_yoy": 0.3928836003333642,
      "rev_growth_yoy_accel": -0.47224464528759724,
      "fcf_margin_change": 0.013160429550137326
    },
    {
      "date": "2022-12-31T00:00:00",
      "quarter_label": "2022-12 (Q4)",
      "revenue": 263141000,
      "gross_profit": 81547000,
      "operating_income": 26853000,
      "net_income": 35261000,
      "opex": 236288000,
      "cogs": 181594000,
      "rd": null,
      "sga": null,
      "fcf": 29235000,
      "ocf": 29235000,
      "capex": null,
      "gross_margin": 0.30989849548341003,
      "op_margin": 0.10204795147848492,
      "fcf_margin": 0.11110013262851474,
      "incr_op_margin_yoy": 0.4757147893826704,
      "rev_growth_yoy": 0.2925807307272888,
      "rev_growth_yoy_accel": -0.10030286960607543,
      "op_leverage_ratio": 1.7924348895573985,
      "fcf_margin_change": -0.1351270350880076
    },
    {
      "date": "2023-03-31T00:00:00",
      "quarter_label": "2023-03 (Q1)",
      "revenue": 268973000,
      "gross_profit": 89697000,
      "operating_income": 33761000,
      "net_income": 6280000,
      "opex": 235212000,
      "cogs": 179276000,
      "rd": null,
      "sga": null,
      "fcf": 30313000,
      "ocf": 30313000,
      "capex": null,
      "gross_margin": 0.33347956858123307,
      "op_margin": 0.12551817468667859,
      "fcf_margin": 0.11269904414197708,
      "incr_op_margin_yoy": 0.2732917135741821,
      "rev_growth_yoy": 0.2787108920022629,
      "rev_growth_yoy_accel": -0.013869838725025896,
      "op_leverage_ratio": Infinity,
      "fcf_margin_change": 0.0015989115134623366
    },
    {
      "date": "2023-06-30T00:00:00",
      "quarter_label": "2023-06 (Q2)",
      "revenue": 271066000,
      "gross_profit": 92429000,
      "operating_income": 34997000,
      "net_income": 13792000,
      "opex": 236069000,
      "cogs": 178637000,
      "rd": null,
      "sga": null,
      "fcf": 70360000,
      "ocf": 70360000,
      "capex": null,
      "gross_margin": 0.34098337674219564,
      "op_margin": 0.1291087779360008,
      "fcf_margin": 0.2595677805405326,
      "incr_op_margin_yoy": 1.2695195801372627,
      "rev_growth_yoy": -0.04369361900293172,
      "rev_growth_yoy_accel": -0.3224045110051946,
      "fcf_margin_change": 0.14686873639855552
    },
    {
      "date": "2023-09-30T00:00:00",
      "quarter_label": "2023-09 (Q3)",
      "revenue": 232024000,
      "gross_profit": 64365000,
      "operating_income": 7989000,
      "net_income": -8529000,
      "opex": 224035000,
      "cogs": 167659000,
      "rd": null,
      "sga": null,
      "fcf": 37272000,
      "ocf": 37272000,
      "capex": null,
      "gross_margin": 0.2774066475881805,
      "op_margin": 0.03443178291900838,
      "fcf_margin": 0.1606385546322794,
      "incr_op_margin_yoy": 0.9360249884312818,
      "rev_growth_yoy": -0.03591669852244586,
      "rev_growth_yoy_accel": 0.007776920480485859,
      "fcf_margin_change": -0.09892922590825318
    },
    {
      "date": "2023-12-31T00:00:00",
      "quarter_label": "2023-12 (Q4)",
      "revenue": 253380000,
      "gross_profit": 75182000,
      "operating_income": 20865000,
      "net_income": 7599000,
      "opex": 232515000,
      "cogs": 178198000,
      "rd": null,
      "sga": null,
      "fcf": 60120000,
      "ocf": 60120000,
      "capex": null,
      "gross_margin": 0.2967163943484095,
      "op_margin": 0.08234667298129292,
      "fcf_margin": 0.23727208145867867,
      "incr_op_margin_yoy": 0.6134617354779224,
      "rev_growth_yoy": -0.03709418144644886,
      "rev_growth_yoy_accel": -0.0011774829240029996,
      "op_leverage_ratio": 2.4316833542431198,
      "fcf_margin_change": 0.07663352682639926
    },
    {
      "date": "2024-03-31T00:00:00",
      "quarter_label": "2024-03 (Q1)",
      "revenue": 267488000,
      "gross_profit": 84462000,
      "operating_income": 27626000,
      "net_income": 8534000,
      "opex": 239862000,
      "cogs": 183026000,
      "rd": null,
      "sga": null,
      "fcf": 24730000,
      "ocf": 24730000,
      "capex": null,
      "gross_margin": 0.3157599593252781,
      "op_margin": 0.10327939944969494,
      "fcf_margin": 0.09245274554372533,
      "incr_op_margin_yoy": 4.1313131313131315,
      "rev_growth_yoy": -0.005521000249095634,
      "rev_growth_yoy_accel": 0.03157318119735323,
      "op_leverage_ratio": 1.762114214996586,
      "fcf_margin_change": -0.14481933591495333
    },
    {
      "date": "2024-06-30T00:00:00",
      "quarter_label": "2024-06 (Q2)",
      "revenue": 272904000,
      "gross_profit": 87085000,
      "operating_income": 30267000,
      "net_income": 15338000,
      "opex": 242637000,
      "cogs": 185819000,
      "rd": null,
      "sga": null,
      "fcf": 57209000,
      "ocf": 57209000,
      "capex": null,
      "gross_margin": 0.319104886700085,
      "op_margin": 0.11090713217834842,
      "fcf_margin": 0.20963049277401577,
      "incr_op_margin_yoy": -2.573449401523395,
      "rev_growth_yoy": 0.006780636450163429,
      "rev_growth_yoy_accel": 0.012301636699259062,
      "op_leverage_ratio": 1.75014009822719,
      "fcf_margin_change": 0.11717774723029044
    },
    {
      "date": "2024-09-30T00:00:00",
      "quarter_label": "2024-09 (Q3)",
      "revenue": 236806000,
      "gross_profit": 61124000,
      "operating_income": 7550000,
      "net_income": -7091000,
      "opex": 229256000,
      "cogs": 175682000,
      "rd": null,
      "sga": null,
      "fcf": 51199000,
      "ocf": 51199000,
      "capex": null,
      "gross_margin": 0.2581184598363217,
      "op_margin": 0.0318826381088317,
      "fcf_margin": 0.21620651503762572,
      "incr_op_margin_yoy": -0.0918025930572982,
      "rev_growth_yoy": 0.020609936903078992,
      "rev_growth_yoy_accel": 0.013829300452915564,
      "fcf_margin_change": 0.006576022263609954
    },
    {
      "date": "2024-12-31T00:00:00",
      "quarter_label": "2024-12 (Q4)",
      "revenue": 261849000,
      "gross_profit": 75962000,
      "operating_income": 21392000,
      "net_income": -638000,
      "opex": 240457000,
      "cogs": 185887000,
      "rd": null,
      "sga": null,
      "fcf": 30582000,
      "ocf": 30582000,
      "capex": null,
      "gross_margin": 0.2900984918789073,
      "op_margin": 0.08169593926270484,
      "fcf_margin": 0.11679250254917911,
      "incr_op_margin_yoy": 0.06222694533002716,
      "rev_growth_yoy": 0.03342410608572105,
      "rev_growth_yoy_accel": 0.012814169182642058,
      "op_leverage_ratio": 2.164499874461256,
      "fcf_margin_change": -0.09941401248844661
    },
    {
      "date": "2025-03-31T00:00:00",
      "quarter_label": "2025-03 (Q1)",
      "revenue": 288927000,
      "gross_profit": 93380000,
      "operating_income": 35864000,
      "net_income": 15585000,
      "opex": 253063000,
      "cogs": 195547000,
      "rd": null,
      "sga": null,
      "fcf": 54766000,
      "ocf": 54766000,
      "capex": null,
      "gross_margin": 0.3231958245508381,
      "op_margin": 0.12412824000526085,
      "fcf_margin": 0.18954960941691154,
      "incr_op_margin_yoy": 0.38425299687485426,
      "rev_growth_yoy": 0.08014938987917215,
      "rev_growth_yoy_accel": 0.0467252837934511,
      "op_leverage_ratio": 1.9725398505984832,
      "fcf_margin_change": 0.07275710686773243
    },
    {
      "date": "2025-06-30T00:00:00",
      "quarter_label": "2025-06 (Q2)",
      "revenue": 287579000,
      "gross_profit": 96629000,
      "operating_income": 40218000,
      "net_income": 55157000,
      "opex": 247361000,
      "cogs": 190950000,
      "rd": null,
      "sga": null,
      "fcf": 36313000,
      "ocf": 36313000,
      "capex": null,
      "gross_margin": 0.3360085402619802,
      "op_margin": 0.13985026723091742,
      "fcf_margin": 0.12627138977463584,
      "incr_op_margin_yoy": 0.6780919931856899,
      "rev_growth_yoy": 0.05377348811303609,
      "rev_growth_yoy_accel": -0.026375901766136065,
      "fcf_margin_change": -0.0632782196422757
    },
    {
      "date": "2025-09-30T00:00:00",
      "quarter_label": "2025-09 (Q3)",
      "revenue": 236417000,
      "gross_profit": 59309000,
      "operating_income": 4716000,
      "net_income": -13738000,
      "opex": 231701000,
      "cogs": 177108000,
      "rd": null,
      "sga": null,
      "fcf": 64044000,
      "ocf": 64044000,
      "capex": null,
      "gross_margin": 0.25086605447154814,
      "op_margin": 0.019947804091922323,
      "fcf_margin": 0.2708942250345787,
      "rev_growth_yoy": -0.0016426948641504015,
      "rev_growth_yoy_accel": -0.05541618297718649,
      "fcf_margin_change": 0.14462283525994288
    }
  ],
  "signals": [
    {
      "quarter": "2025-09 (Q3)",
      "signal": "FCF MARGIN EXPANSION",
      "detail": "FCF margin: +12.6% -> +27.1% (+14.5%)",
      "severity": "MEDIUM"
    },
    {
      "quarter": "2025-09 (Q3)",
      "signal": "YoY REVENUE GROWTH DECELERATION",
      "detail": "YoY growth: -0.2% vs prior quarter YoY: +5.4% (decel: -5.5%)",
      "severity": "WARNING"
    },
    {
      "quarter": "2025-06 (Q2)",
      "signal": "INCREMENTAL MARGIN (YoY)",
      "detail": "YoY Incr OPM: +67.8% vs year-ago OPM: +11.1%",
      "severity": "HIGH"
    },
    {
      "quarter": "2025-03 (Q1)",
      "signal": "FCF MARGIN EXPANSION",
      "detail": "FCF margin: +11.7% -> +19.0% (+7.3%)",
      "severity": "MEDIUM"
    },
    {
      "quarter": "2025-03 (Q1)",
      "signal": "OPERATING LEVERAGE",
      "detail": "Rev growth +10.3% vs OpEx growth +5.2% (leverage: 2.0x)",
      "severity": "MEDIUM"
    },
    {
      "quarter": "2025-03 (Q1)",
      "signal": "INCREMENTAL MARGIN (YoY)",
      "detail": "YoY Incr OPM: +38.4% vs year-ago OPM: +10.3%",
      "severity": "HIGH"
    },
    {
      "quarter": "2024-12 (Q4)",
      "signal": "OPERATING LEVERAGE",
      "detail": "Rev growth +10.6% vs OpEx growth +4.9% (leverage: 2.2x)",
      "severity": "MEDIUM"
    },
    {
      "quarter": "2024-12 (Q4)",
      "signal": "GROSS MARGIN INFLECTION",
      "detail": "GM: +31.9% -> +25.8% -> +29.0% (reversal +3.2%)",
      "severity": "MEDIUM"
    },
    {
      "quarter": "2024-06 (Q2)",
      "signal": "FCF MARGIN EXPANSION",
      "detail": "FCF margin: +9.2% -> +21.0% (+11.7%)",
      "severity": "MEDIUM"
    },
    {
      "quarter": "2024-06 (Q2)",
      "signal": "OPERATING LEVERAGE",
      "detail": "Rev growth +2.0% vs OpEx growth +1.2% (leverage: 1.8x)",
      "severity": "MEDIUM"
    },
    {
      "quarter": "2024-03 (Q1)",
      "signal": "OPERATING LEVERAGE",
      "detail": "Rev growth +5.6% vs OpEx growth +3.2% (leverage: 1.8x)",
      "severity": "MEDIUM"
    },
    {
      "quarter": "2024-03 (Q1)",
      "signal": "INCREMENTAL MARGIN (YoY)",
      "detail": "YoY Incr OPM: +413.1% vs year-ago OPM: +12.6%",
      "severity": "HIGH"
    },
    {
      "quarter": "2023-12 (Q4)",
      "signal": "FCF MARGIN EXPANSION",
      "detail": "FCF margin: +16.1% -> +23.7% (+7.7%)",
      "severity": "MEDIUM"
    },
    {
      "quarter": "2023-12 (Q4)",
      "signal": "OPERATING LEVERAGE",
      "detail": "Rev growth +9.2% vs OpEx growth +3.8% (leverage: 2.4x)",
      "severity": "MEDIUM"
    },
    {
      "quarter": "2023-12 (Q4)",
      "signal": "INCREMENTAL MARGIN (YoY)",
      "detail": "YoY Incr OPM: +61.3% vs year-ago OPM: +10.2%",
      "severity": "HIGH"
    },
    {
      "quarter": "2023-09 (Q3)",
      "signal": "INCREMENTAL MARGIN (YoY)",
      "detail": "YoY Incr OPM: +93.6% vs year-ago OPM: +6.7%",
      "severity": "HIGH"
    },
    {
      "quarter": "2023-06 (Q2)",
      "signal": "FCF MARGIN EXPANSION",
      "detail": "FCF margin: +11.3% -> +26.0% (+14.7%)",
      "severity": "MEDIUM"
    },
    {
      "quarter": "2023-06 (Q2)",
      "signal": "YoY REVENUE GROWTH DECELERATION",
      "detail": "YoY growth: -4.4% vs prior quarter YoY: +27.9% (decel: -32.2%)",
      "severity": "WARNING"
    },
    {
      "quarter": "2023-06 (Q2)",
      "signal": "INCREMENTAL MARGIN (YoY)",
      "detail": "YoY Incr OPM: +127.0% vs year-ago OPM: +17.9%",
      "severity": "HIGH"
    },
    {
      "quarter": "2023-03 (Q1)",
      "signal": "INCREMENTAL MARGIN (YoY)",
      "detail": "YoY Incr OPM: +27.3% vs year-ago OPM: +8.4%",
      "severity": "MEDIUM"
    },
    {
      "quarter": "2022-12 (Q4)",
      "signal": "OPERATING LEVERAGE",
      "detail": "Rev growth +9.3% vs OpEx growth +5.2% (leverage: 1.8x)",
      "severity": "MEDIUM"
    },
    {
      "quarter": "2022-12 (Q4)",
      "signal": "GROSS MARGIN INFLECTION",
      "detail": "GM: +37.5% -> +28.6% -> +31.0% (reversal +2.4%)",
      "severity": "MEDIUM"
    },
    {
      "quarter": "2022-12 (Q4)",
      "signal": "YoY REVENUE GROWTH DECELERATION",
      "detail": "YoY growth: +29.3% vs prior quarter YoY: +39.3% (decel: -10.0%)",
      "severity": "WARNING"
    },
    {
      "quarter": "2022-12 (Q4)",
      "signal": "OP MARGIN TURNED POSITIVE (YoY)",
      "detail": "Op margin: -0.7% (year-ago) -> +10.2%",
      "severity": "HIGH"
    },
    {
      "quarter": "2022-09 (Q3)",
      "signal": "YoY REVENUE GROWTH DECELERATION",
      "detail": "YoY growth: +39.3% vs prior quarter YoY: +86.5% (decel: -47.2%)",
      "severity": "WARNING"
    },
    {
      "quarter": "2022-09 (Q3)",
      "signal": "OP MARGIN TURNED POSITIVE (YoY)",
      "detail": "Op margin: -0.9% (year-ago) -> +6.7%",
      "severity": "HIGH"
    },
    {
      "quarter": "2022-06 (Q2)",
      "signal": "FCF MARGIN EXPANSION",
      "detail": "FCF margin: +15.5% -> +23.3% (+7.8%)",
      "severity": "MEDIUM"
    },
    {
      "quarter": "2022-06 (Q2)",
      "signal": "OPERATING LEVERAGE",
      "detail": "Rev growth +34.8% vs OpEx growth +20.8% (leverage: 1.7x)",
      "severity": "MEDIUM"
    },
    {
      "quarter": "2022-06 (Q2)",
      "signal": "YoY REVENUE GROWTH DECELERATION",
      "detail": "YoY growth: +86.5% vs prior quarter YoY: +139.4% (decel: -52.9%)",
      "severity": "WARNING"
    },
    {
      "quarter": "2022-06 (Q2)",
      "signal": "OP MARGIN TURNED POSITIVE (YoY)",
      "detail": "Op margin: -12.3% (year-ago) -> +17.9%",
      "severity": "HIGH"
    },
    {
      "quarter": "2022-03 (Q1)",
      "signal": "FCF MARGIN EXPANSION",
      "detail": "FCF margin: +5.6% -> +15.5% (+9.9%)",
      "severity": "MEDIUM"
    },
    {
      "quarter": "2022-03 (Q1)",
      "signal": "YoY REVENUE GROWTH DECELERATION",
      "detail": "YoY growth: +139.4% vs prior quarter YoY: +169.1% (decel: -29.7%)",
      "severity": "WARNING"
    },
    {
      "quarter": "2022-03 (Q1)",
      "signal": "OP MARGIN TURNED POSITIVE (YoY)",
      "detail": "Op margin: -44.6% (year-ago) -> +8.4%",
      "severity": "HIGH"
    },
    {
      "quarter": "2022-03 (Q1)",
      "signal": "OP MARGIN TURNED POSITIVE (QoQ)",
      "detail": "Op margin: -0.7% -> +8.4%",
      "severity": "HIGH"
    },
    {
      "quarter": "2021-12 (Q4)",
      "signal": "GROSS MARGIN INFLECTION",
      "detail": "GM: +30.3% -> +28.9% -> +31.1% (reversal +2.2%)",
      "severity": "MEDIUM"
    },
    {
      "quarter": "2021-09 (Q3)",
      "signal": "OPERATING LEVERAGE",
      "detail": "Rev growth +13.7% vs OpEx growth +2.1% (leverage: 6.5x)",
      "severity": "MEDIUM"
    },
    {
      "quarter": "2021-06 (Q2)",
      "signal": "FCF TURNED POSITIVE",
      "detail": "FCF margin: -35.5% -> +23.7%",
      "severity": "HIGH"
    },
    {
      "quarter": "2021-06 (Q2)",
      "signal": "OPERATING LEVERAGE",
      "detail": "Rev growth +73.0% vs OpEx growth +34.4% (leverage: 2.1x)",
      "severity": "MEDIUM"
    },
    {
      "quarter": "2021-03 (Q1)",
      "signal": "FCF MARGIN EXPANSION",
      "detail": "FCF margin: -45.0% -> -35.5% (+9.5%)",
      "severity": "MEDIUM"
    },
    {
      "quarter": "2021-03 (Q1)",
      "signal": "OPERATING LEVERAGE",
      "detail": "Rev growth +16.1% vs OpEx growth +3.7% (leverage: 4.4x)",
      "severity": "MEDIUM"
    }
  ],
  "data_quality": {
    "n_quarters": 20,
    "coverage": {
      "revenue": [
        20,
        20
      ],
      "gross_profit": [
        20,
        20
      ],
      "op_income": [
        20,
        20
      ],
      "fcf": [
        20,
        20
      ]
    },
    "gaps": [],
    "warnings": []
  },
  "market_cap": null,
  "source": "SEC EDGAR",
  "last_updated": "2026-02-02T21:48:10.861414"
}