{
  "ticker": "XMTR",
  "name": "XOMETRY, INC.",
  "quarters": [
    {
      "date": "2020-12-31T00:00:00",
      "quarter_label": "2020-12 (Q4)",
      "revenue": 37981000,
      "gross_profit": 9480000,
      "operating_income": -9371000,
      "net_income": -10176000,
      "opex": 18851000,
      "cogs": 28501000,
      "rd": 3307000,
      "sga": null,
      "fcf": -6206000,
      "ocf": -4904000,
      "capex": -1302000,
      "gross_margin": 0.24959848345225244,
      "op_margin": -0.24672862747163055,
      "fcf_margin": -0.1633974882177931
    },
    {
      "date": "2021-03-31T00:00:00",
      "quarter_label": "2021-03 (Q1)",
      "revenue": 43922000,
      "gross_profit": 9835000,
      "operating_income": -10049000,
      "net_income": null,
      "opex": 19884000,
      "cogs": 34087000,
      "rd": 3664000,
      "sga": null,
      "fcf": -11186000,
      "ocf": -9942000,
      "capex": -1244000,
      "gross_margin": 0.22391967578889851,
      "op_margin": -0.22879194936478303,
      "fcf_margin": -0.25467874869086105,
      "op_leverage_ratio": 2.8544814772495535,
      "fcf_margin_change": -0.09128126047306795
    },
    {
      "date": "2021-06-30T00:00:00",
      "quarter_label": "2021-06 (Q2)",
      "revenue": 50589000,
      "gross_profit": 11875000,
      "operating_income": -11801000,
      "net_income": -12264000,
      "opex": 23676000,
      "cogs": 38714000,
      "rd": 4091000,
      "sga": null,
      "fcf": -12122000,
      "ocf": -10618000,
      "capex": -1504000,
      "gross_margin": 0.23473482377591967,
      "op_margin": -0.2332720551898634,
      "fcf_margin": -0.23961730811045878,
      "op_leverage_ratio": 0.7959463093089648,
      "fcf_margin_change": 0.015061440580402263
    },
    {
      "date": "2021-09-30T00:00:00",
      "quarter_label": "2021-09 (Q3)",
      "revenue": 56727000,
      "gross_profit": 14494000,
      "operating_income": -14263000,
      "net_income": -14711000,
      "opex": 28757000,
      "cogs": 42233000,
      "rd": 4376000,
      "sga": null,
      "fcf": -18687000,
      "ocf": -16810000,
      "capex": -1877000,
      "gross_margin": 0.2555044335149047,
      "op_margin": -0.2514322985527174,
      "fcf_margin": -0.3294198529800624,
      "op_leverage_ratio": 0.565366310390076,
      "fcf_margin_change": -0.0898025448696036
    },
    {
      "date": "2021-12-31T00:00:00",
      "quarter_label": "2021-12 (Q4)",
      "revenue": 67098000,
      "gross_profit": 20936000,
      "operating_income": -22573000,
      "net_income": -23905000,
      "opex": 43509000,
      "cogs": 46162000,
      "rd": 5649000,
      "sga": null,
      "fcf": -32838000,
      "ocf": -31201000,
      "capex": -1637000,
      "gross_margin": 0.31202122268920085,
      "op_margin": -0.3364183731258756,
      "fcf_margin": -0.48940355897344184,
      "incr_op_margin_yoy": -0.45341209602637633,
      "rev_growth_yoy": 0.7666201521813538,
      "op_leverage_ratio": 0.3563883438363144,
      "fcf_margin_change": -0.15998370599337947
    },
    {
      "date": "2022-03-31T00:00:00",
      "quarter_label": "2022-03 (Q1)",
      "revenue": 83671000,
      "gross_profit": 32939000,
      "operating_income": -18953000,
      "net_income": -20012000,
      "opex": 51892000,
      "cogs": 50732000,
      "rd": 7290000,
      "sga": null,
      "fcf": -26802000,
      "ocf": -24259000,
      "capex": -2543000,
      "gross_margin": 0.3936728376617944,
      "op_margin": -0.22651814846243024,
      "fcf_margin": -0.32032603889041605,
      "incr_op_margin_yoy": -0.2240056353618959,
      "rev_growth_yoy": 0.9049906652702518,
      "rev_growth_yoy_accel": 0.13837051308889803,
      "op_leverage_ratio": 1.2819503067449913,
      "fcf_margin_change": 0.1690775200830258
    },
    {
      "date": "2022-06-30T00:00:00",
      "quarter_label": "2022-06 (Q2)",
      "revenue": 95615000,
      "gross_profit": 37696000,
      "operating_income": -15601000,
      "net_income": -16553000,
      "opex": 53297000,
      "cogs": 57919000,
      "rd": 7796000,
      "sga": null,
      "fcf": -12830000,
      "ocf": -9937000,
      "capex": -2893000,
      "gross_margin": 0.39424776447210164,
      "op_margin": -0.16316477540134916,
      "fcf_margin": -0.13418396695079224,
      "incr_op_margin_yoy": -0.0843956824945587,
      "rev_growth_yoy": 0.8900353831860681,
      "rev_growth_yoy_accel": -0.01495528208418373,
      "op_leverage_ratio": 5.272285507663871,
      "fcf_margin_change": 0.18614207193962382
    },
    {
      "date": "2022-09-30T00:00:00",
      "quarter_label": "2022-09 (Q3)",
      "revenue": 103571000,
      "gross_profit": 40901000,
      "operating_income": -15199000,
      "net_income": -15037000,
      "opex": 56100000,
      "cogs": 62670000,
      "rd": 7613000,
      "sga": null,
      "fcf": -15486000,
      "ocf": -11314000,
      "capex": -4172000,
      "gross_margin": 0.3949078409979627,
      "op_margin": -0.1467495727568528,
      "fcf_margin": -0.14952061870600844,
      "incr_op_margin_yoy": -0.019981214243019383,
      "rev_growth_yoy": 0.8257796111199253,
      "rev_growth_yoy_accel": -0.06425577206614286,
      "op_leverage_ratio": 1.5821527532048432,
      "fcf_margin_change": -0.015336651755216202
    },
    {
      "date": "2022-12-31T00:00:00",
      "quarter_label": "2022-12 (Q4)",
      "revenue": 98196000,
      "gross_profit": 36030000,
      "operating_income": -24304000,
      "net_income": -24423000,
      "opex": 60334000,
      "cogs": 62166000,
      "rd": 8315000,
      "sga": null,
      "fcf": -21107000,
      "ocf": -17065000,
      "capex": -4042000,
      "gross_margin": 0.3669192227789319,
      "op_margin": -0.24750499001996007,
      "fcf_margin": -0.2149476557089902,
      "incr_op_margin_yoy": -0.05566274358479645,
      "rev_growth_yoy": 0.4634713404274345,
      "rev_growth_yoy_accel": -0.3623082706924908,
      "fcf_margin_change": -0.06542703700298175
    },
    {
      "date": "2023-03-31T00:00:00",
      "quarter_label": "2023-03 (Q1)",
      "revenue": 105326000,
      "gross_profit": 39369000,
      "operating_income": -19787000,
      "net_income": -18344000,
      "opex": 59156000,
      "cogs": 65957000,
      "rd": 8125000,
      "sga": null,
      "fcf": -20641000,
      "ocf": -16455000,
      "capex": -4186000,
      "gross_margin": 0.37378235193589426,
      "op_margin": -0.18786434498604332,
      "fcf_margin": -0.19597250441486433,
      "incr_op_margin_yoy": -0.03851304548603094,
      "rev_growth_yoy": 0.25881129662607116,
      "rev_growth_yoy_accel": -0.20466004380136332,
      "op_leverage_ratio": Infinity,
      "fcf_margin_change": 0.018975151294125858
    },
    {
      "date": "2023-06-30T00:00:00",
      "quarter_label": "2023-06 (Q2)",
      "revenue": 111008000,
      "gross_profit": 43556000,
      "operating_income": -28053000,
      "net_income": -26554000,
      "opex": 71609000,
      "cogs": 67452000,
      "rd": 8922000,
      "sga": null,
      "fcf": -10458000,
      "ocf": -6152000,
      "capex": -4306000,
      "gross_margin": 0.392368117613145,
      "op_margin": -0.25271151628711447,
      "fcf_margin": -0.09420942634765062,
      "incr_op_margin_yoy": -0.8089391281751446,
      "rev_growth_yoy": 0.16098938451079853,
      "rev_growth_yoy_accel": -0.09782191211527264,
      "op_leverage_ratio": 0.25626568151533363,
      "fcf_margin_change": 0.10176307806721371
    },
    {
      "date": "2023-09-30T00:00:00",
      "quarter_label": "2023-09 (Q3)",
      "revenue": 118927000,
      "gross_profit": 46249000,
      "operating_income": -13197000,
      "net_income": -12023000,
      "opex": 59446000,
      "cogs": 72678000,
      "rd": 8523000,
      "sga": null,
      "fcf": -9547000,
      "ocf": -5976000,
      "capex": -3571000,
      "gross_margin": 0.3888856189090787,
      "op_margin": -0.11096723199946186,
      "fcf_margin": -0.08027613578077308,
      "incr_op_margin_yoy": 0.1303724928366762,
      "rev_growth_yoy": 0.14826544109837697,
      "rev_growth_yoy_accel": -0.012723943412421557,
      "op_leverage_ratio": Infinity,
      "fcf_margin_change": 0.013933290566877532
    },
    {
      "date": "2023-12-31T00:00:00",
      "quarter_label": "2023-12 (Q4)",
      "revenue": 128145000,
      "gross_profit": 49085000,
      "operating_income": -12539000,
      "net_income": -10551000,
      "opex": 61624000,
      "cogs": 79060000,
      "rd": 8892000,
      "sga": null,
      "fcf": -7717000,
      "ocf": -1294000,
      "capex": -6423000,
      "gross_margin": 0.3830426470014437,
      "op_margin": -0.09785009169300402,
      "fcf_margin": -0.06022084357563697,
      "incr_op_margin_yoy": 0.3928344852916625,
      "rev_growth_yoy": 0.3049920567029207,
      "rev_growth_yoy_accel": 0.1567266156045437,
      "op_leverage_ratio": 2.1155388336432166,
      "fcf_margin_change": 0.020055292205136112
    },
    {
      "date": "2024-03-31T00:00:00",
      "quarter_label": "2024-03 (Q1)",
      "revenue": 122690000,
      "gross_profit": 47902000,
      "operating_income": -17857000,
      "net_income": -16616000,
      "opex": 65759000,
      "cogs": 74788000,
      "rd": 9590000,
      "sga": null,
      "fcf": -16081000,
      "ocf": -11734000,
      "capex": -4347000,
      "gross_margin": 0.3904311679843508,
      "op_margin": -0.14554568424484474,
      "fcf_margin": -0.13107017686853045,
      "incr_op_margin_yoy": 0.1111495047224142,
      "rev_growth_yoy": 0.16485957883143762,
      "rev_growth_yoy_accel": -0.14013247787148306,
      "fcf_margin_change": -0.07084933329289347
    },
    {
      "date": "2024-06-30T00:00:00",
      "quarter_label": "2024-06 (Q2)",
      "revenue": 132595000,
      "gross_profit": 52877000,
      "operating_income": -15289000,
      "net_income": -13697000,
      "opex": 68166000,
      "cogs": 79718000,
      "rd": 10018000,
      "sga": null,
      "fcf": -13504000,
      "ocf": -9101000,
      "capex": -4403000,
      "gross_margin": 0.39878577623590633,
      "op_margin": -0.11530600701383914,
      "fcf_margin": -0.1018439609336702,
      "incr_op_margin_yoy": 0.5912817899661833,
      "rev_growth_yoy": 0.19446346209282214,
      "rev_growth_yoy_accel": 0.029603883261384523,
      "op_leverage_ratio": 2.2055881683964196,
      "fcf_margin_change": 0.02922621593486026
    },
    {
      "date": "2024-09-30T00:00:00",
      "quarter_label": "2024-09 (Q3)",
      "revenue": 141698000,
      "gross_profit": 55825000,
      "operating_income": -11481000,
      "net_income": -10199000,
      "opex": 67306000,
      "cogs": 85873000,
      "rd": 9344000,
      "sga": null,
      "fcf": -8444000,
      "ocf": -3634000,
      "capex": -4810000,
      "gross_margin": 0.3939716862623326,
      "op_margin": -0.0810244322432215,
      "fcf_margin": -0.05959152563903513,
      "incr_op_margin_yoy": 0.07535900926617188,
      "rev_growth_yoy": 0.1914703978070581,
      "rev_growth_yoy_accel": -0.002993064285764041,
      "op_leverage_ratio": Infinity,
      "fcf_margin_change": 0.042252435294635064
    },
    {
      "date": "2024-12-31T00:00:00",
      "quarter_label": "2024-12 (Q4)",
      "revenue": 148546000,
      "gross_profit": 59020000,
      "operating_income": -11522000,
      "net_income": null,
      "opex": 70542000,
      "cogs": 89526000,
      "rd": 10370000,
      "sga": null,
      "fcf": 4548000,
      "ocf": 9085000,
      "capex": -4537000,
      "gross_margin": 0.3973180025042748,
      "op_margin": -0.07756519865900126,
      "fcf_margin": 0.030616778640959703,
      "incr_op_margin_yoy": 0.049850497524631145,
      "rev_growth_yoy": 0.15920246595653362,
      "rev_growth_yoy_accel": -0.032267931850524484,
      "op_leverage_ratio": 1.005183380570468,
      "fcf_margin_change": 0.09020830427999484
    },
    {
      "date": "2025-03-31T00:00:00",
      "quarter_label": "2025-03 (Q1)",
      "revenue": 150971000,
      "gross_profit": 56331000,
      "operating_income": -15391000,
      "net_income": null,
      "opex": 71722000,
      "cogs": 94640000,
      "rd": 11171000,
      "sga": null,
      "fcf": -9190000,
      "ocf": -3691000,
      "capex": -5499000,
      "gross_margin": 0.3731246398314908,
      "op_margin": -0.1019467314914785,
      "fcf_margin": -0.06087261791999788,
      "incr_op_margin_yoy": 0.08719635090696934,
      "rev_growth_yoy": 0.23050778384546416,
      "rev_growth_yoy_accel": 0.07130531788893055,
      "op_leverage_ratio": 0.9759252227296139,
      "fcf_margin_change": -0.09148939656095759
    },
    {
      "date": "2025-06-30T00:00:00",
      "quarter_label": "2025-06 (Q2)",
      "revenue": 162547000,
      "gross_profit": 65176000,
      "operating_income": -10290000,
      "net_income": null,
      "opex": 75466000,
      "cogs": 97371000,
      "rd": 11008000,
      "sga": null,
      "fcf": -7390000,
      "ocf": -427000,
      "capex": -6963000,
      "gross_margin": 0.40096710489889076,
      "op_margin": -0.06330476723655312,
      "fcf_margin": -0.04546377355472571,
      "incr_op_margin_yoy": 0.16690037393162394,
      "rev_growth_yoy": 0.22589087069648175,
      "rev_growth_yoy_accel": -0.00461691314898241,
      "op_leverage_ratio": 1.468863833983625,
      "fcf_margin_change": 0.015408844365272172
    },
    {
      "date": "2025-09-30T00:00:00",
      "quarter_label": "2025-09 (Q3)",
      "revenue": 180715000,
      "gross_profit": 72029000,
      "operating_income": -11059000,
      "net_income": null,
      "opex": 83088000,
      "cogs": 108686000,
      "rd": 12524000,
      "sga": null,
      "fcf": -1657000,
      "ocf": 5792000,
      "capex": -7449000,
      "gross_margin": 0.3985778712337105,
      "op_margin": -0.06119580555017569,
      "fcf_margin": -0.009169133718839055,
      "incr_op_margin_yoy": 0.01081579824179204,
      "rev_growth_yoy": 0.27535321599458,
      "rev_growth_yoy_accel": 0.04946234529809826,
      "op_leverage_ratio": 1.1066506655676651,
      "fcf_margin_change": 0.036294639835886655
    }
  ],
  "signals": [
    {
      "quarter": "2025-06 (Q2)",
      "signal": "GROSS MARGIN INFLECTION",
      "detail": "GM: +39.7% -> +37.3% -> +40.1% (reversal +2.8%)",
      "severity": "MEDIUM"
    },
    {
      "quarter": "2025-03 (Q1)",
      "signal": "YoY REVENUE GROWTH ACCELERATION",
      "detail": "YoY growth: +23.1% vs prior quarter YoY: +15.9% (accel: +7.1%)",
      "severity": "MEDIUM"
    },
    {
      "quarter": "2024-12 (Q4)",
      "signal": "FCF TURNED POSITIVE",
      "detail": "FCF margin: -6.0% -> +3.1%",
      "severity": "HIGH"
    },
    {
      "quarter": "2024-06 (Q2)",
      "signal": "OPERATING LEVERAGE",
      "detail": "Rev growth +8.1% vs OpEx growth +3.7% (leverage: 2.2x)",
      "severity": "MEDIUM"
    },
    {
      "quarter": "2024-03 (Q1)",
      "signal": "YoY REVENUE GROWTH DECELERATION",
      "detail": "YoY growth: +16.5% vs prior quarter YoY: +30.5% (decel: -14.0%)",
      "severity": "WARNING"
    },
    {
      "quarter": "2023-12 (Q4)",
      "signal": "OPERATING LEVERAGE",
      "detail": "Rev growth +7.8% vs OpEx growth +3.7% (leverage: 2.1x)",
      "severity": "MEDIUM"
    },
    {
      "quarter": "2023-12 (Q4)",
      "signal": "YoY REVENUE GROWTH ACCELERATION",
      "detail": "YoY growth: +30.5% vs prior quarter YoY: +14.8% (accel: +15.7%)",
      "severity": "HIGH"
    },
    {
      "quarter": "2023-06 (Q2)",
      "signal": "FCF MARGIN EXPANSION",
      "detail": "FCF margin: -19.6% -> -9.4% (+10.2%)",
      "severity": "MEDIUM"
    },
    {
      "quarter": "2023-06 (Q2)",
      "signal": "YoY REVENUE GROWTH DECELERATION",
      "detail": "YoY growth: +16.1% vs prior quarter YoY: +25.9% (decel: -9.8%)",
      "severity": "WARNING"
    },
    {
      "quarter": "2023-03 (Q1)",
      "signal": "YoY REVENUE GROWTH DECELERATION",
      "detail": "YoY growth: +25.9% vs prior quarter YoY: +46.3% (decel: -20.5%)",
      "severity": "WARNING"
    },
    {
      "quarter": "2022-12 (Q4)",
      "signal": "YoY REVENUE GROWTH DECELERATION",
      "detail": "YoY growth: +46.3% vs prior quarter YoY: +82.6% (decel: -36.2%)",
      "severity": "WARNING"
    },
    {
      "quarter": "2022-09 (Q3)",
      "signal": "OPERATING LEVERAGE",
      "detail": "Rev growth +8.3% vs OpEx growth +5.3% (leverage: 1.6x)",
      "severity": "MEDIUM"
    },
    {
      "quarter": "2022-09 (Q3)",
      "signal": "YoY REVENUE GROWTH DECELERATION",
      "detail": "YoY growth: +82.6% vs prior quarter YoY: +89.0% (decel: -6.4%)",
      "severity": "WARNING"
    },
    {
      "quarter": "2022-06 (Q2)",
      "signal": "FCF MARGIN EXPANSION",
      "detail": "FCF margin: -32.0% -> -13.4% (+18.6%)",
      "severity": "MEDIUM"
    },
    {
      "quarter": "2022-06 (Q2)",
      "signal": "OPERATING LEVERAGE",
      "detail": "Rev growth +14.3% vs OpEx growth +2.7% (leverage: 5.3x)",
      "severity": "MEDIUM"
    },
    {
      "quarter": "2022-03 (Q1)",
      "signal": "FCF MARGIN EXPANSION",
      "detail": "FCF margin: -48.9% -> -32.0% (+16.9%)",
      "severity": "MEDIUM"
    },
    {
      "quarter": "2022-03 (Q1)",
      "signal": "YoY REVENUE GROWTH ACCELERATION",
      "detail": "YoY growth: +90.5% vs prior quarter YoY: +76.7% (accel: +13.8%)",
      "severity": "MEDIUM"
    },
    {
      "quarter": "2021-03 (Q1)",
      "signal": "OPERATING LEVERAGE",
      "detail": "Rev growth +15.6% vs OpEx growth +5.5% (leverage: 2.9x)",
      "severity": "MEDIUM"
    }
  ],
  "data_quality": {
    "n_quarters": 20,
    "coverage": {
      "revenue": [
        20,
        20
      ],
      "gross_profit": [
        20,
        20
      ],
      "op_income": [
        20,
        20
      ],
      "fcf": [
        20,
        20
      ]
    },
    "gaps": [],
    "warnings": []
  },
  "market_cap": null,
  "source": "SEC EDGAR",
  "last_updated": "2026-02-02T21:18:58.702783"
}