{
  "ticker": "XOSWW",
  "name": "XOS, INC.",
  "quarters": [
    {
      "date": "2020-12-31T00:00:00",
      "quarter_label": "2020-12 (Q4)",
      "revenue": 943000,
      "gross_profit": 241000,
      "operating_income": -5013000,
      "net_income": -7626000,
      "opex": 5254000,
      "cogs": 702000,
      "rd": 4575000,
      "sga": null,
      "fcf": -2469000,
      "ocf": -2489000,
      "capex": 20000,
      "gross_margin": 0.25556733828207845,
      "op_margin": -5.3160127253446445,
      "fcf_margin": -2.6182396606574763
    },
    {
      "date": "2021-03-31T00:00:00",
      "quarter_label": "2021-03 (Q1)",
      "revenue": 793000,
      "gross_profit": 121000,
      "operating_income": -5544000,
      "net_income": -8398190,
      "opex": 783838,
      "cogs": 672000,
      "rd": 2354000,
      "sga": null,
      "fcf": -8984000,
      "ocf": -8782000,
      "capex": -202000,
      "gross_margin": 0.15258511979823455,
      "op_margin": -6.991172761664565,
      "fcf_margin": -11.329129886506935,
      "fcf_margin_change": -8.71089022584946
    },
    {
      "date": "2021-06-30T00:00:00",
      "quarter_label": "2021-06 (Q2)",
      "revenue": 596000,
      "gross_profit": 11000,
      "operating_income": -7854000,
      "net_income": 733375,
      "opex": 561773,
      "cogs": 585000,
      "rd": 4599000,
      "sga": null,
      "fcf": -11871000,
      "ocf": -11371000,
      "capex": -500000,
      "gross_margin": 0.018456375838926176,
      "op_margin": -13.177852348993289,
      "fcf_margin": -19.91778523489933,
      "fcf_margin_change": -8.588655348392395
    },
    {
      "date": "2021-09-30T00:00:00",
      "quarter_label": "2021-09 (Q3)",
      "revenue": 357000,
      "gross_profit": -61000,
      "operating_income": -14306000,
      "net_income": 34896000,
      "opex": 14245000,
      "cogs": 418000,
      "rd": 3237000,
      "sga": null,
      "fcf": -35623000,
      "ocf": -32982000,
      "capex": -2641000,
      "gross_margin": -0.17086834733893558,
      "op_margin": -40.07282913165266,
      "fcf_margin": -99.7843137254902,
      "fcf_margin_change": -79.86652849059087
    },
    {
      "date": "2021-12-31T00:00:00",
      "quarter_label": "2021-12 (Q4)",
      "revenue": 3302000,
      "gross_profit": -2433000,
      "operating_income": -25451000,
      "net_income": 11439000,
      "opex": 23018000,
      "cogs": 5735000,
      "rd": 13210000,
      "sga": null,
      "fcf": -37332000,
      "ocf": -35760000,
      "capex": -1572000,
      "gross_margin": -0.7368261659600243,
      "op_margin": -7.707752877044215,
      "fcf_margin": -11.30587522713507,
      "incr_op_margin_yoy": -8.663840610428148,
      "rev_growth_yoy": 2.5015906680805937,
      "op_leverage_ratio": 13.39465114667775,
      "fcf_margin_change": 88.47843849835512
    },
    {
      "date": "2022-03-31T00:00:00",
      "quarter_label": "2022-03 (Q1)",
      "revenue": 7031000,
      "gross_profit": -3155000,
      "operating_income": -23454000,
      "net_income": -21186000,
      "opex": 20299000,
      "cogs": 10186000,
      "rd": 11322000,
      "sga": null,
      "fcf": -34302000,
      "ocf": -31304000,
      "capex": -2998000,
      "gross_margin": -0.4487270658512303,
      "op_margin": -3.335798606172664,
      "fcf_margin": -4.878680130849097,
      "incr_op_margin_yoy": -2.871112536069253,
      "rev_growth_yoy": 7.866330390920555,
      "rev_growth_yoy_accel": 5.364739722839961,
      "op_leverage_ratio": Infinity,
      "fcf_margin_change": 6.427195096285973
    },
    {
      "date": "2022-06-30T00:00:00",
      "quarter_label": "2022-06 (Q2)",
      "revenue": 9766000,
      "gross_profit": -5125000,
      "operating_income": -27813000,
      "net_income": -9467000,
      "opex": 22688000,
      "cogs": 14891000,
      "rd": 12093000,
      "sga": null,
      "fcf": -50988000,
      "ocf": -44524000,
      "capex": -6464000,
      "gross_margin": -0.5247798484538194,
      "op_margin": -2.847941839033381,
      "fcf_margin": -5.2209707147245545,
      "incr_op_margin_yoy": -2.176553980370774,
      "rev_growth_yoy": 15.385906040268456,
      "rev_growth_yoy_accel": 7.5195756493479005,
      "op_leverage_ratio": 3.305207477094651,
      "fcf_margin_change": -0.3422905838754575
    },
    {
      "date": "2022-09-30T00:00:00",
      "quarter_label": "2022-09 (Q3)",
      "revenue": 11008000,
      "gross_profit": -10769000,
      "operating_income": -31157000,
      "net_income": -23255000,
      "opex": 20388000,
      "cogs": 21777000,
      "rd": 9470000,
      "sga": null,
      "fcf": -32205000,
      "ocf": -29769000,
      "capex": -2436000,
      "gross_margin": -0.9782885174418605,
      "op_margin": -2.8303960755813953,
      "fcf_margin": -2.9255995639534884,
      "incr_op_margin_yoy": -1.5821049666697962,
      "rev_growth_yoy": 29.834733893557424,
      "rev_growth_yoy_accel": 14.448827853288968,
      "op_leverage_ratio": Infinity,
      "fcf_margin_change": 2.295371150771066
    },
    {
      "date": "2022-12-31T00:00:00",
      "quarter_label": "2022-12 (Q4)",
      "revenue": 8571000,
      "gross_profit": -10980000,
      "operating_income": -28924000,
      "net_income": -19417000,
      "opex": 17944000,
      "cogs": 19551000,
      "rd": -312000,
      "sga": null,
      "fcf": -24578000,
      "ocf": -22363000,
      "capex": -2215000,
      "gross_margin": -1.28106405320266,
      "op_margin": -3.3746353984365887,
      "fcf_margin": -2.8675767121689417,
      "incr_op_margin_yoy": -0.6591383564243689,
      "rev_growth_yoy": 1.5956995760145367,
      "rev_growth_yoy_accel": -28.239034317542888,
      "fcf_margin_change": 0.05802285178454669
    },
    {
      "date": "2023-03-31T00:00:00",
      "quarter_label": "2023-03 (Q1)",
      "revenue": 4697000,
      "gross_profit": -877000,
      "operating_income": -20029000,
      "net_income": -24331000,
      "opex": 19152000,
      "cogs": 5574000,
      "rd": 5749000,
      "sga": null,
      "fcf": -15579000,
      "ocf": -15326000,
      "capex": -253000,
      "gross_margin": -0.18671492441984244,
      "op_margin": -4.264211198637428,
      "fcf_margin": -3.3167979561422185,
      "incr_op_margin_yoy": -1.4674378748928878,
      "rev_growth_yoy": -0.3319584696344759,
      "rev_growth_yoy_accel": -1.9276580456490127,
      "fcf_margin_change": -0.4492212439732768
    },
    {
      "date": "2023-06-30T00:00:00",
      "quarter_label": "2023-06 (Q2)",
      "revenue": 4754000,
      "gross_profit": -3725000,
      "operating_income": -20483000,
      "net_income": -23578000,
      "opex": 16758000,
      "cogs": 8479000,
      "rd": 5181000,
      "sga": null,
      "fcf": -15817000,
      "ocf": -14716000,
      "capex": -1101000,
      "gross_margin": -0.7835506941522928,
      "op_margin": -4.308582246529238,
      "fcf_margin": -3.3270929743374,
      "incr_op_margin_yoy": -1.462490023942538,
      "rev_growth_yoy": -0.5132090927708376,
      "rev_growth_yoy_accel": -0.1812506231363617,
      "op_leverage_ratio": Infinity,
      "fcf_margin_change": -0.010295018195181527
    },
    {
      "date": "2023-09-30T00:00:00",
      "quarter_label": "2023-09 (Q3)",
      "revenue": 16696000,
      "gross_profit": 1985000,
      "operating_income": -12625000,
      "net_income": -14107000,
      "opex": 14610000,
      "cogs": 14711000,
      "rd": 4516000,
      "sga": null,
      "fcf": -8423000,
      "ocf": -8613000,
      "capex": 190000,
      "gross_margin": 0.11889075227599424,
      "op_margin": -0.7561691423095352,
      "fcf_margin": -0.5044920939147101,
      "incr_op_margin_yoy": 3.258087201125176,
      "rev_growth_yoy": 0.5167151162790697,
      "rev_growth_yoy_accel": 1.0299242090499074,
      "op_leverage_ratio": Infinity,
      "fcf_margin_change": 2.82260088042269
    },
    {
      "date": "2023-12-31T00:00:00",
      "quarter_label": "2023-12 (Q4)",
      "revenue": 18376000,
      "gross_profit": 1327000,
      "operating_income": -11828000,
      "net_income": -13827000,
      "opex": 13155000,
      "cogs": 17049000,
      "rd": 4143000,
      "sga": null,
      "fcf": -852000,
      "ocf": -631000,
      "capex": -221000,
      "gross_margin": 0.07221375707444493,
      "op_margin": -0.6436656508489333,
      "fcf_margin": -0.04636482368306487,
      "incr_op_margin_yoy": 1.7436002039775624,
      "rev_growth_yoy": 1.1439738653599347,
      "rev_growth_yoy_accel": 0.627258749080865,
      "op_leverage_ratio": Infinity,
      "fcf_margin_change": 0.4581272702316452
    },
    {
      "date": "2024-03-31T00:00:00",
      "quarter_label": "2024-03 (Q1)",
      "revenue": 13162000,
      "gross_profit": 2788000,
      "operating_income": -10243000,
      "net_income": -11003000,
      "opex": 13031000,
      "cogs": 10374000,
      "rd": 3074000,
      "sga": null,
      "fcf": -14619000,
      "ocf": -14589000,
      "capex": -30000,
      "gross_margin": 0.21182191156359215,
      "op_margin": -0.7782251937395532,
      "fcf_margin": -1.1106974623917338,
      "incr_op_margin_yoy": 1.1560543414057884,
      "rev_growth_yoy": 1.8022141792633597,
      "rev_growth_yoy_accel": 0.658240313903425,
      "fcf_margin_change": -1.064332638708669
    },
    {
      "date": "2024-06-30T00:00:00",
      "quarter_label": "2024-06 (Q2)",
      "revenue": 15535000,
      "gross_profit": 2030000,
      "operating_income": -11368000,
      "net_income": -9663000,
      "opex": 13398000,
      "cogs": 13505000,
      "rd": 2998000,
      "sga": null,
      "fcf": -26113000,
      "ocf": -25987000,
      "capex": -126000,
      "gross_margin": 0.130672674605729,
      "op_margin": -0.7317669777920824,
      "fcf_margin": -1.6809140650144834,
      "incr_op_margin_yoy": 0.8454688804378072,
      "rev_growth_yoy": 2.267774505679428,
      "rev_growth_yoy_accel": 0.46556032641606815,
      "op_leverage_ratio": 6.401585234017341,
      "fcf_margin_change": -0.5702166026227495
    },
    {
      "date": "2024-09-30T00:00:00",
      "quarter_label": "2024-09 (Q3)",
      "revenue": 15790000,
      "gross_profit": 2864000,
      "operating_income": -9691000,
      "net_income": -10512000,
      "opex": 12555000,
      "cogs": 12926000,
      "rd": 2619000,
      "sga": null,
      "fcf": -11665000,
      "ocf": -11517000,
      "capex": -148000,
      "gross_margin": 0.18138062064597846,
      "op_margin": -0.613742875237492,
      "fcf_margin": -0.7387587080430652,
      "rev_growth_yoy": -0.05426449448969813,
      "rev_growth_yoy_accel": -2.322039000169126,
      "op_leverage_ratio": Infinity,
      "fcf_margin_change": 0.9421553569714182
    },
    {
      "date": "2024-12-31T00:00:00",
      "quarter_label": "2024-12 (Q4)",
      "revenue": 11474000,
      "gross_profit": -3717000,
      "operating_income": -14572000,
      "net_income": -18981000,
      "opex": 10855000,
      "cogs": 15191000,
      "rd": 1936000,
      "sga": null,
      "fcf": 3293000,
      "ocf": 3293000,
      "capex": null,
      "gross_margin": -0.3239497995468015,
      "op_margin": -1.2700017430712915,
      "fcf_margin": 0.28699668816454593,
      "incr_op_margin_yoy": 0.3975659229208925,
      "rev_growth_yoy": -0.37559860687853724,
      "rev_growth_yoy_accel": -0.32133411238883913,
      "fcf_margin_change": 1.0257553962076111
    },
    {
      "date": "2025-03-31T00:00:00",
      "quarter_label": "2025-03 (Q1)",
      "revenue": 5879000,
      "gross_profit": 1211000,
      "operating_income": -9269000,
      "net_income": -10186000,
      "opex": 10480000,
      "cogs": 4668000,
      "rd": 1930000,
      "sga": null,
      "fcf": -4756000,
      "ocf": -4756000,
      "capex": null,
      "gross_margin": 0.20598741282531044,
      "op_margin": -1.5766286783466577,
      "fcf_margin": -0.8089811192379657,
      "incr_op_margin_yoy": -0.1337360977619113,
      "rev_growth_yoy": -0.5533353593678773,
      "rev_growth_yoy_accel": -0.17773675248934,
      "fcf_margin_change": -1.0959778074025115
    },
    {
      "date": "2025-06-30T00:00:00",
      "quarter_label": "2025-06 (Q2)",
      "revenue": 18393000,
      "gross_profit": 1619000,
      "operating_income": -7081000,
      "net_income": -7505000,
      "opex": 8700000,
      "cogs": 16774000,
      "rd": 2087000,
      "sga": null,
      "fcf": 4645000,
      "ocf": 4645000,
      "capex": null,
      "gross_margin": 0.08802261730005981,
      "op_margin": -0.3849834176045235,
      "fcf_margin": 0.2525417278312401,
      "incr_op_margin_yoy": 1.5,
      "rev_growth_yoy": 0.18397167685870613,
      "rev_growth_yoy_accel": 0.7373070362265834,
      "op_leverage_ratio": Infinity,
      "fcf_margin_change": 1.0615228470692057
    },
    {
      "date": "2025-09-30T00:00:00",
      "quarter_label": "2025-09 (Q3)",
      "revenue": 16500000,
      "gross_profit": 2531000,
      "operating_income": -6994000,
      "net_income": 2123000,
      "opex": 9525000,
      "cogs": 13969000,
      "rd": 2101000,
      "sga": null,
      "fcf": 3077000,
      "ocf": 3077000,
      "capex": null,
      "gross_margin": 0.1533939393939394,
      "op_margin": -0.42387878787878785,
      "fcf_margin": 0.18648484848484848,
      "rev_growth_yoy": 0.04496516782773907,
      "rev_growth_yoy_accel": -0.13900650903096706,
      "fcf_margin_change": -0.06605687934639165
    }
  ],
  "signals": [
    {
      "quarter": "2025-09 (Q3)",
      "signal": "GROSS MARGIN INFLECTION",
      "detail": "GM: +20.6% -> +8.8% -> +15.3% (reversal +6.5%)",
      "severity": "HIGH"
    },
    {
      "quarter": "2025-09 (Q3)",
      "signal": "YoY REVENUE GROWTH DECELERATION",
      "detail": "YoY growth: +4.5% vs prior quarter YoY: +18.4% (decel: -13.9%)",
      "severity": "WARNING"
    },
    {
      "quarter": "2025-06 (Q2)",
      "signal": "FCF TURNED POSITIVE",
      "detail": "FCF margin: -80.9% -> +25.3%",
      "severity": "HIGH"
    },
    {
      "quarter": "2025-06 (Q2)",
      "signal": "YoY REVENUE GROWTH ACCELERATION",
      "detail": "YoY growth: +18.4% vs prior quarter YoY: -55.3% (accel: +73.7%)",
      "severity": "HIGH"
    },
    {
      "quarter": "2025-03 (Q1)",
      "signal": "GROSS MARGIN INFLECTION",
      "detail": "GM: +18.1% -> -32.4% -> +20.6% (reversal +53.0%)",
      "severity": "HIGH"
    },
    {
      "quarter": "2025-03 (Q1)",
      "signal": "YoY REVENUE GROWTH DECELERATION",
      "detail": "YoY growth: -55.3% vs prior quarter YoY: -37.6% (decel: -17.8%)",
      "severity": "WARNING"
    },
    {
      "quarter": "2024-12 (Q4)",
      "signal": "FCF TURNED POSITIVE",
      "detail": "FCF margin: -73.9% -> +28.7%",
      "severity": "HIGH"
    },
    {
      "quarter": "2024-12 (Q4)",
      "signal": "YoY REVENUE GROWTH DECELERATION",
      "detail": "YoY growth: -37.6% vs prior quarter YoY: -5.4% (decel: -32.1%)",
      "severity": "WARNING"
    },
    {
      "quarter": "2024-09 (Q3)",
      "signal": "FCF MARGIN EXPANSION",
      "detail": "FCF margin: -168.1% -> -73.9% (+94.2%)",
      "severity": "MEDIUM"
    },
    {
      "quarter": "2024-09 (Q3)",
      "signal": "GROSS MARGIN INFLECTION",
      "detail": "GM: +21.2% -> +13.1% -> +18.1% (reversal +5.1%)",
      "severity": "HIGH"
    },
    {
      "quarter": "2024-09 (Q3)",
      "signal": "YoY REVENUE GROWTH DECELERATION",
      "detail": "YoY growth: -5.4% vs prior quarter YoY: +226.8% (decel: -232.2%)",
      "severity": "WARNING"
    },
    {
      "quarter": "2024-06 (Q2)",
      "signal": "OPERATING LEVERAGE",
      "detail": "Rev growth +18.0% vs OpEx growth +2.8% (leverage: 6.4x)",
      "severity": "MEDIUM"
    },
    {
      "quarter": "2024-06 (Q2)",
      "signal": "YoY REVENUE GROWTH ACCELERATION",
      "detail": "YoY growth: +226.8% vs prior quarter YoY: +180.2% (accel: +46.6%)",
      "severity": "HIGH"
    },
    {
      "quarter": "2024-03 (Q1)",
      "signal": "GROSS MARGIN INFLECTION",
      "detail": "GM: +11.9% -> +7.2% -> +21.2% (reversal +14.0%)",
      "severity": "HIGH"
    },
    {
      "quarter": "2024-03 (Q1)",
      "signal": "YoY REVENUE GROWTH ACCELERATION",
      "detail": "YoY growth: +180.2% vs prior quarter YoY: +114.4% (accel: +65.8%)",
      "severity": "HIGH"
    },
    {
      "quarter": "2023-12 (Q4)",
      "signal": "FCF MARGIN EXPANSION",
      "detail": "FCF margin: -50.4% -> -4.6% (+45.8%)",
      "severity": "MEDIUM"
    },
    {
      "quarter": "2023-12 (Q4)",
      "signal": "YoY REVENUE GROWTH ACCELERATION",
      "detail": "YoY growth: +114.4% vs prior quarter YoY: +51.7% (accel: +62.7%)",
      "severity": "HIGH"
    },
    {
      "quarter": "2023-09 (Q3)",
      "signal": "FCF MARGIN EXPANSION",
      "detail": "FCF margin: -332.7% -> -50.4% (+282.3%)",
      "severity": "MEDIUM"
    },
    {
      "quarter": "2023-09 (Q3)",
      "signal": "GROSS MARGIN INFLECTION",
      "detail": "GM: -18.7% -> -78.4% -> +11.9% (reversal +90.2%)",
      "severity": "HIGH"
    },
    {
      "quarter": "2023-09 (Q3)",
      "signal": "YoY REVENUE GROWTH ACCELERATION",
      "detail": "YoY growth: +51.7% vs prior quarter YoY: -51.3% (accel: +103.0%)",
      "severity": "HIGH"
    },
    {
      "quarter": "2023-06 (Q2)",
      "signal": "YoY REVENUE GROWTH DECELERATION",
      "detail": "YoY growth: -51.3% vs prior quarter YoY: -33.2% (decel: -18.1%)",
      "severity": "WARNING"
    },
    {
      "quarter": "2023-03 (Q1)",
      "signal": "GROSS MARGIN INFLECTION",
      "detail": "GM: -97.8% -> -128.1% -> -18.7% (reversal +109.4%)",
      "severity": "HIGH"
    },
    {
      "quarter": "2023-03 (Q1)",
      "signal": "YoY REVENUE GROWTH DECELERATION",
      "detail": "YoY growth: -33.2% vs prior quarter YoY: +159.6% (decel: -192.8%)",
      "severity": "WARNING"
    },
    {
      "quarter": "2022-12 (Q4)",
      "signal": "FCF MARGIN EXPANSION",
      "detail": "FCF margin: -292.6% -> -286.8% (+5.8%)",
      "severity": "MEDIUM"
    },
    {
      "quarter": "2022-12 (Q4)",
      "signal": "YoY REVENUE GROWTH DECELERATION",
      "detail": "YoY growth: +159.6% vs prior quarter YoY: +2983.5% (decel: -2823.9%)",
      "severity": "WARNING"
    },
    {
      "quarter": "2022-09 (Q3)",
      "signal": "FCF MARGIN EXPANSION",
      "detail": "FCF margin: -522.1% -> -292.6% (+229.5%)",
      "severity": "MEDIUM"
    },
    {
      "quarter": "2022-09 (Q3)",
      "signal": "YoY REVENUE GROWTH ACCELERATION",
      "detail": "YoY growth: +2983.5% vs prior quarter YoY: +1538.6% (accel: +1444.9%)",
      "severity": "HIGH"
    },
    {
      "quarter": "2022-06 (Q2)",
      "signal": "OPERATING LEVERAGE",
      "detail": "Rev growth +38.9% vs OpEx growth +11.8% (leverage: 3.3x)",
      "severity": "MEDIUM"
    },
    {
      "quarter": "2022-06 (Q2)",
      "signal": "YoY REVENUE GROWTH ACCELERATION",
      "detail": "YoY growth: +1538.6% vs prior quarter YoY: +786.6% (accel: +752.0%)",
      "severity": "HIGH"
    },
    {
      "quarter": "2022-03 (Q1)",
      "signal": "FCF MARGIN EXPANSION",
      "detail": "FCF margin: -1130.6% -> -487.9% (+642.7%)",
      "severity": "MEDIUM"
    },
    {
      "quarter": "2022-03 (Q1)",
      "signal": "GROSS MARGIN INFLECTION",
      "detail": "GM: -17.1% -> -73.7% -> -44.9% (reversal +28.8%)",
      "severity": "HIGH"
    },
    {
      "quarter": "2022-03 (Q1)",
      "signal": "YoY REVENUE GROWTH ACCELERATION",
      "detail": "YoY growth: +786.6% vs prior quarter YoY: +250.2% (accel: +536.5%)",
      "severity": "HIGH"
    },
    {
      "quarter": "2021-12 (Q4)",
      "signal": "FCF MARGIN EXPANSION",
      "detail": "FCF margin: -9978.4% -> -1130.6% (+8847.8%)",
      "severity": "MEDIUM"
    },
    {
      "quarter": "2021-12 (Q4)",
      "signal": "OPERATING LEVERAGE",
      "detail": "Rev growth +824.9% vs OpEx growth +61.6% (leverage: 13.4x)",
      "severity": "MEDIUM"
    }
  ],
  "data_quality": {
    "n_quarters": 20,
    "coverage": {
      "revenue": [
        20,
        20
      ],
      "gross_profit": [
        20,
        20
      ],
      "op_income": [
        20,
        20
      ],
      "fcf": [
        20,
        20
      ]
    },
    "gaps": [],
    "warnings": []
  },
  "market_cap": null,
  "source": "SEC EDGAR",
  "last_updated": "2026-02-03T01:12:22.988512"
}