{
  "ticker": "XPEL",
  "name": "XPEL, INC.",
  "quarters": [
    {
      "date": "2020-12-31T00:00:00",
      "quarter_label": "2020-12 (Q4)",
      "revenue": 48607331,
      "gross_profit": 15959212,
      "operating_income": 7331953,
      "net_income": 6088399,
      "opex": 8627259,
      "cogs": 32648119,
      "rd": null,
      "sga": null,
      "fcf": 3803012,
      "ocf": 4226904,
      "capex": -423892,
      "gross_margin": 0.32832932135278114,
      "op_margin": 0.1508404771288512,
      "fcf_margin": 0.07823947379460107
    },
    {
      "date": "2021-03-31T00:00:00",
      "quarter_label": "2021-03 (Q1)",
      "revenue": 51866114,
      "gross_profit": 18286431,
      "operating_income": 8547110,
      "net_income": 6847059,
      "opex": 9739321,
      "cogs": 33579683,
      "rd": null,
      "sga": null,
      "fcf": 7521592,
      "ocf": 8926968,
      "capex": -1405376,
      "gross_margin": 0.352569907203767,
      "op_margin": 0.16479179450382575,
      "fcf_margin": 0.14501938587494717,
      "op_leverage_ratio": 0.5201127529279762,
      "fcf_margin_change": 0.0667799120803461
    },
    {
      "date": "2021-06-30T00:00:00",
      "quarter_label": "2021-06 (Q2)",
      "revenue": 68735971,
      "gross_profit": 25247228,
      "operating_income": 12672322,
      "net_income": 10185549,
      "opex": 12574906,
      "cogs": 43488743,
      "rd": null,
      "sga": null,
      "fcf": 8090408,
      "ocf": 10146032,
      "capex": -2055624,
      "gross_margin": 0.3673073593446436,
      "op_margin": 0.1843623042729694,
      "fcf_margin": 0.1177026800130604,
      "op_leverage_ratio": 1.1171556870902803,
      "fcf_margin_change": -0.027316705861886767
    },
    {
      "date": "2021-09-30T00:00:00",
      "quarter_label": "2021-09 (Q3)",
      "revenue": 68528923,
      "gross_profit": 24454555,
      "operating_income": 10367269,
      "net_income": 8330761,
      "opex": 14087286,
      "cogs": 44074368,
      "rd": null,
      "sga": null,
      "fcf": -520000,
      "ocf": 1101000,
      "capex": -1621000,
      "gross_margin": 0.3568501288134938,
      "op_margin": 0.15128311588962226,
      "fcf_margin": -0.007588036951930501,
      "fcf_margin_change": -0.12529071696499092
    },
    {
      "date": "2021-12-31T00:00:00",
      "quarter_label": "2021-12 (Q4)",
      "revenue": 70132069,
      "gross_profit": 24688773,
      "operating_income": 8528918,
      "net_income": 6203631,
      "opex": 16159855,
      "cogs": 45443296,
      "rd": null,
      "sga": null,
      "fcf": -3549000,
      "ocf": -1906000,
      "capex": -1643000,
      "gross_margin": 0.35203257727930426,
      "op_margin": 0.121612239901264,
      "fcf_margin": -0.05060452444373201,
      "incr_op_margin_yoy": 0.05560880694575702,
      "rev_growth_yoy": 0.4428290456844874,
      "op_leverage_ratio": 0.15900746103065955,
      "fcf_margin_change": -0.04301648749180151
    },
    {
      "date": "2022-03-31T00:00:00",
      "quarter_label": "2022-03 (Q1)",
      "revenue": 71863767,
      "gross_profit": 27716433,
      "operating_income": 10035922,
      "net_income": 7803132,
      "opex": 17680511,
      "cogs": 44147334,
      "rd": null,
      "sga": null,
      "fcf": -6580000,
      "ocf": -4309000,
      "capex": -2271000,
      "gross_margin": 0.38568021350731585,
      "op_margin": 0.13965204468059683,
      "fcf_margin": -0.09156213589526972,
      "incr_op_margin_yoy": 0.07444933662965349,
      "rev_growth_yoy": 0.3855629708445094,
      "rev_growth_yoy_accel": -0.057266074839977976,
      "op_leverage_ratio": 0.26239888403220557,
      "fcf_margin_change": -0.040957611451537715
    },
    {
      "date": "2022-06-30T00:00:00",
      "quarter_label": "2022-06 (Q2)",
      "revenue": 83890000,
      "gross_profit": 32983000,
      "operating_income": 15749000,
      "net_income": 11902000,
      "opex": 17234000,
      "cogs": 50907000,
      "rd": null,
      "sga": null,
      "fcf": 30000,
      "ocf": 1784000,
      "capex": -1754000,
      "gross_margin": 0.393169626892359,
      "op_margin": 0.18773393729884372,
      "fcf_margin": 0.000357611157468113,
      "incr_op_margin_yoy": 0.20302706296787476,
      "rev_growth_yoy": 0.2204672281417251,
      "rev_growth_yoy_accel": -0.16509574270278432,
      "op_leverage_ratio": Infinity,
      "fcf_margin_change": 0.09191974705273784
    },
    {
      "date": "2022-09-30T00:00:00",
      "quarter_label": "2022-09 (Q3)",
      "revenue": 89758000,
      "gross_profit": 35766000,
      "operating_income": 17307000,
      "net_income": 13318000,
      "opex": 18459000,
      "cogs": 53992000,
      "rd": null,
      "sga": null,
      "fcf": 10712000,
      "ocf": 12221000,
      "capex": -1509000,
      "gross_margin": 0.398471445442189,
      "op_margin": 0.19281846743465764,
      "fcf_margin": 0.11934312261859667,
      "incr_op_margin_yoy": 0.32689744353934935,
      "rev_growth_yoy": 0.3097827321757267,
      "rev_growth_yoy_accel": 0.08931550403400162,
      "op_leverage_ratio": 0.9840788788038759,
      "fcf_margin_change": 0.11898551146112855
    },
    {
      "date": "2022-12-31T00:00:00",
      "quarter_label": "2022-12 (Q4)",
      "revenue": 78481000,
      "gross_profit": 31046000,
      "operating_income": 10845000,
      "net_income": 8357000,
      "opex": 20201000,
      "cogs": 47435000,
      "rd": null,
      "sga": null,
      "fcf": -41000,
      "ocf": 2361000,
      "capex": -2402000,
      "gross_margin": 0.3955861928364827,
      "op_margin": 0.13818631261069558,
      "fcf_margin": -0.0005224194390999095,
      "incr_op_margin_yoy": 0.27741060502236753,
      "rev_growth_yoy": 0.11904583907256465,
      "rev_growth_yoy_accel": -0.19073689310316205,
      "fcf_margin_change": -0.11986554205769658
    },
    {
      "date": "2023-03-31T00:00:00",
      "quarter_label": "2023-03 (Q1)",
      "revenue": 85842000,
      "gross_profit": 35960000,
      "operating_income": 14931000,
      "net_income": 11433000,
      "opex": 21029000,
      "cogs": 49882000,
      "rd": null,
      "sga": null,
      "fcf": -1360000,
      "ocf": 695000,
      "capex": -2055000,
      "gross_margin": 0.4189091586868899,
      "op_margin": 0.17393583560494863,
      "fcf_margin": -0.015843060506511963,
      "incr_op_margin_yoy": 0.35019290349502685,
      "rev_growth_yoy": 0.19451016254129846,
      "rev_growth_yoy_accel": 0.07546432346873382,
      "op_leverage_ratio": 2.2883098047608925,
      "fcf_margin_change": -0.015320641067412055
    },
    {
      "date": "2023-06-30T00:00:00",
      "quarter_label": "2023-06 (Q2)",
      "revenue": 102237000,
      "gross_profit": 43994000,
      "operating_income": 20191000,
      "net_income": 15741000,
      "opex": 23803000,
      "cogs": 58243000,
      "rd": null,
      "sga": null,
      "fcf": 25427000,
      "ocf": 26678000,
      "capex": -1251000,
      "gross_margin": 0.43031387853712455,
      "op_margin": 0.19749210168529985,
      "fcf_margin": 0.24870643700421569,
      "incr_op_margin_yoy": 0.2421104267727694,
      "rev_growth_yoy": 0.2187030635355823,
      "rev_growth_yoy_accel": 0.02419290099428384,
      "op_leverage_ratio": 1.4478506243433404,
      "fcf_margin_change": 0.26454949751072765
    },
    {
      "date": "2023-09-30T00:00:00",
      "quarter_label": "2023-09 (Q3)",
      "revenue": 102677000,
      "gross_profit": 41529000,
      "operating_income": 17629000,
      "net_income": 13656000,
      "opex": 23900000,
      "cogs": 61148000,
      "rd": null,
      "sga": null,
      "fcf": 9693000,
      "ocf": 11128000,
      "capex": -1435000,
      "gross_margin": 0.40446253786144903,
      "op_margin": 0.17169375809577608,
      "fcf_margin": 0.09440283607818693,
      "incr_op_margin_yoy": 0.02492452976236551,
      "rev_growth_yoy": 0.14393146014839903,
      "rev_growth_yoy_accel": -0.07477160338718328,
      "fcf_margin_change": -0.15430360092602874
    },
    {
      "date": "2023-12-31T00:00:00",
      "quarter_label": "2023-12 (Q4)",
      "revenue": 105538000,
      "gross_profit": 40932000,
      "operating_income": 14224000,
      "net_income": 11970000,
      "opex": 26708000,
      "cogs": 64606000,
      "rd": null,
      "sga": null,
      "fcf": -2732000,
      "ocf": -1117000,
      "capex": -1615000,
      "gross_margin": 0.3878413462449544,
      "op_margin": 0.13477609960393414,
      "fcf_margin": -0.025886410581970474,
      "incr_op_margin_yoy": 0.12488450308607754,
      "rev_growth_yoy": 0.3447586039933232,
      "rev_growth_yoy_accel": 0.20082714384492417,
      "op_leverage_ratio": 0.23716220758888543,
      "fcf_margin_change": -0.1202892466601574
    },
    {
      "date": "2024-03-31T00:00:00",
      "quarter_label": "2024-03 (Q1)",
      "revenue": 90104000,
      "gross_profit": 37876000,
      "operating_income": 9229000,
      "net_income": 6666000,
      "opex": 28647000,
      "cogs": 52228000,
      "rd": null,
      "sga": null,
      "fcf": -6976000,
      "ocf": -4959000,
      "capex": -2017000,
      "gross_margin": 0.4203586966172423,
      "op_margin": 0.10242608541241233,
      "fcf_margin": -0.0774216460978425,
      "incr_op_margin_yoy": -1.337869544814641,
      "rev_growth_yoy": 0.04964935579320146,
      "rev_growth_yoy_accel": -0.29510924820012174,
      "fcf_margin_change": -0.051535235515872024
    },
    {
      "date": "2024-06-30T00:00:00",
      "quarter_label": "2024-06 (Q2)",
      "revenue": 109917000,
      "gross_profit": 47865000,
      "operating_income": 19186000,
      "net_income": 15033000,
      "opex": 28679000,
      "cogs": 62052000,
      "rd": null,
      "sga": null,
      "fcf": 25086000,
      "ocf": 26897000,
      "capex": -1811000,
      "gross_margin": 0.435464941728759,
      "op_margin": 0.17454988764249388,
      "fcf_margin": 0.22822675291356206,
      "incr_op_margin_yoy": -0.130859375,
      "rev_growth_yoy": 0.07511957510490332,
      "rev_growth_yoy_accel": 0.025470219311701854,
      "op_leverage_ratio": 196.8499633062905,
      "fcf_margin_change": 0.30564839901140456
    },
    {
      "date": "2024-09-30T00:00:00",
      "quarter_label": "2024-09 (Q3)",
      "revenue": 112852000,
      "gross_profit": 47916000,
      "operating_income": 18387000,
      "net_income": 14892000,
      "opex": 29529000,
      "cogs": 64936000,
      "rd": null,
      "sga": null,
      "fcf": 18302000,
      "ocf": 19559000,
      "capex": -1257000,
      "gross_margin": 0.42459150037216886,
      "op_margin": 0.16293020947790027,
      "fcf_margin": 0.1621770105979513,
      "incr_op_margin_yoy": 0.0744963144963145,
      "rev_growth_yoy": 0.0990971687914528,
      "rev_growth_yoy_accel": 0.02397759368654949,
      "op_leverage_ratio": 0.9009243338155153,
      "fcf_margin_change": -0.06604974231561075
    },
    {
      "date": "2024-12-31T00:00:00",
      "quarter_label": "2024-12 (Q4)",
      "revenue": 107527000,
      "gross_profit": 43703000,
      "operating_income": 12345000,
      "net_income": 8898000,
      "opex": 31358000,
      "cogs": 63824000,
      "rd": null,
      "sga": null,
      "fcf": 4699000,
      "ocf": 6327000,
      "capex": -1628000,
      "gross_margin": 0.4064374529188018,
      "op_margin": 0.11480837371078892,
      "fcf_margin": 0.04370065192928288,
      "incr_op_margin_yoy": -0.9446958270487682,
      "rev_growth_yoy": 0.01884629233072448,
      "rev_growth_yoy_accel": -0.08025087646072833,
      "fcf_margin_change": -0.11847635866866843
    },
    {
      "date": "2025-03-31T00:00:00",
      "quarter_label": "2025-03 (Q1)",
      "revenue": 103805000,
      "gross_profit": 43896000,
      "operating_income": 11120000,
      "net_income": 8586000,
      "opex": 32776000,
      "cogs": 59909000,
      "rd": null,
      "sga": null,
      "fcf": 2225000,
      "ocf": 3228000,
      "capex": -1003000,
      "gross_margin": 0.42286980395934687,
      "op_margin": 0.10712393429988921,
      "fcf_margin": 0.02143442030730697,
      "incr_op_margin_yoy": 0.13801912269177433,
      "rev_growth_yoy": 0.1520576223031164,
      "rev_growth_yoy_accel": 0.1332113299723919,
      "fcf_margin_change": -0.02226623162197591
    },
    {
      "date": "2025-06-30T00:00:00",
      "quarter_label": "2025-06 (Q2)",
      "revenue": 124713000,
      "gross_profit": 53517000,
      "operating_income": 19298000,
      "net_income": 16290000,
      "opex": 34219000,
      "cogs": 71196000,
      "rd": null,
      "sga": null,
      "fcf": 26946000,
      "ocf": 27889000,
      "capex": -943000,
      "gross_margin": 0.4291212624185129,
      "op_margin": 0.1547392813900716,
      "fcf_margin": 0.21606408313487768,
      "incr_op_margin_yoy": 0.007569613409029468,
      "rev_growth_yoy": 0.13461066077130926,
      "rev_growth_yoy_accel": -0.017446961531807137,
      "op_leverage_ratio": 4.574923522411601,
      "fcf_margin_change": 0.19462966282757072
    },
    {
      "date": "2025-09-30T00:00:00",
      "quarter_label": "2025-09 (Q3)",
      "revenue": 125415000,
      "gross_profit": 52424000,
      "operating_income": 16751000,
      "net_income": 12940000,
      "opex": 35673000,
      "cogs": 72991000,
      "rd": null,
      "sga": null,
      "fcf": 32166000,
      "ocf": 33154000,
      "capex": -988000,
      "gross_margin": 0.4180042259697803,
      "op_margin": 0.13356456564206834,
      "fcf_margin": 0.25647649802655187,
      "incr_op_margin_yoy": -0.1302236726896442,
      "rev_growth_yoy": 0.11132279445645625,
      "rev_growth_yoy_accel": -0.02328786631485301,
      "fcf_margin_change": 0.04041241489167419
    }
  ],
  "signals": [
    {
      "quarter": "2025-06 (Q2)",
      "signal": "FCF MARGIN EXPANSION",
      "detail": "FCF margin: +2.1% -> +21.6% (+19.5%)",
      "severity": "MEDIUM"
    },
    {
      "quarter": "2025-06 (Q2)",
      "signal": "OPERATING LEVERAGE",
      "detail": "Rev growth +20.1% vs OpEx growth +4.4% (leverage: 4.6x)",
      "severity": "MEDIUM"
    },
    {
      "quarter": "2025-03 (Q1)",
      "signal": "YoY REVENUE GROWTH ACCELERATION",
      "detail": "YoY growth: +15.2% vs prior quarter YoY: +1.9% (accel: +13.3%)",
      "severity": "MEDIUM"
    },
    {
      "quarter": "2024-12 (Q4)",
      "signal": "YoY REVENUE GROWTH DECELERATION",
      "detail": "YoY growth: +1.9% vs prior quarter YoY: +9.9% (decel: -8.0%)",
      "severity": "WARNING"
    },
    {
      "quarter": "2024-06 (Q2)",
      "signal": "FCF TURNED POSITIVE",
      "detail": "FCF margin: -7.7% -> +22.8%",
      "severity": "HIGH"
    },
    {
      "quarter": "2024-06 (Q2)",
      "signal": "OPERATING LEVERAGE",
      "detail": "Rev growth +22.0% vs OpEx growth +0.1% (leverage: 196.8x)",
      "severity": "MEDIUM"
    },
    {
      "quarter": "2024-03 (Q1)",
      "signal": "GROSS MARGIN INFLECTION",
      "detail": "GM: +40.4% -> +38.8% -> +42.0% (reversal +3.3%)",
      "severity": "MEDIUM"
    },
    {
      "quarter": "2024-03 (Q1)",
      "signal": "YoY REVENUE GROWTH DECELERATION",
      "detail": "YoY growth: +5.0% vs prior quarter YoY: +34.5% (decel: -29.5%)",
      "severity": "WARNING"
    },
    {
      "quarter": "2023-12 (Q4)",
      "signal": "YoY REVENUE GROWTH ACCELERATION",
      "detail": "YoY growth: +34.5% vs prior quarter YoY: +14.4% (accel: +20.1%)",
      "severity": "HIGH"
    },
    {
      "quarter": "2023-09 (Q3)",
      "signal": "YoY REVENUE GROWTH DECELERATION",
      "detail": "YoY growth: +14.4% vs prior quarter YoY: +21.9% (decel: -7.5%)",
      "severity": "WARNING"
    },
    {
      "quarter": "2023-06 (Q2)",
      "signal": "FCF TURNED POSITIVE",
      "detail": "FCF margin: -1.6% -> +24.9%",
      "severity": "HIGH"
    },
    {
      "quarter": "2023-03 (Q1)",
      "signal": "OPERATING LEVERAGE",
      "detail": "Rev growth +9.4% vs OpEx growth +4.1% (leverage: 2.3x)",
      "severity": "MEDIUM"
    },
    {
      "quarter": "2023-03 (Q1)",
      "signal": "GROSS MARGIN INFLECTION",
      "detail": "GM: +39.8% -> +39.6% -> +41.9% (reversal +2.3%)",
      "severity": "MEDIUM"
    },
    {
      "quarter": "2023-03 (Q1)",
      "signal": "YoY REVENUE GROWTH ACCELERATION",
      "detail": "YoY growth: +19.5% vs prior quarter YoY: +11.9% (accel: +7.5%)",
      "severity": "MEDIUM"
    },
    {
      "quarter": "2023-03 (Q1)",
      "signal": "INCREMENTAL MARGIN (YoY)",
      "detail": "YoY Incr OPM: +35.0% vs year-ago OPM: +14.0%",
      "severity": "HIGH"
    },
    {
      "quarter": "2022-12 (Q4)",
      "signal": "YoY REVENUE GROWTH DECELERATION",
      "detail": "YoY growth: +11.9% vs prior quarter YoY: +31.0% (decel: -19.1%)",
      "severity": "WARNING"
    },
    {
      "quarter": "2022-12 (Q4)",
      "signal": "INCREMENTAL MARGIN (YoY)",
      "detail": "YoY Incr OPM: +27.7% vs year-ago OPM: +12.2%",
      "severity": "MEDIUM"
    },
    {
      "quarter": "2022-09 (Q3)",
      "signal": "FCF MARGIN EXPANSION",
      "detail": "FCF margin: +0.0% -> +11.9% (+11.9%)",
      "severity": "MEDIUM"
    },
    {
      "quarter": "2022-09 (Q3)",
      "signal": "YoY REVENUE GROWTH ACCELERATION",
      "detail": "YoY growth: +31.0% vs prior quarter YoY: +22.0% (accel: +8.9%)",
      "severity": "MEDIUM"
    },
    {
      "quarter": "2022-09 (Q3)",
      "signal": "INCREMENTAL MARGIN (YoY)",
      "detail": "YoY Incr OPM: +32.7% vs year-ago OPM: +15.1%",
      "severity": "MEDIUM"
    },
    {
      "quarter": "2022-06 (Q2)",
      "signal": "FCF TURNED POSITIVE",
      "detail": "FCF margin: -9.2% -> +0.0%",
      "severity": "HIGH"
    },
    {
      "quarter": "2022-06 (Q2)",
      "signal": "YoY REVENUE GROWTH DECELERATION",
      "detail": "YoY growth: +22.0% vs prior quarter YoY: +38.6% (decel: -16.5%)",
      "severity": "WARNING"
    },
    {
      "quarter": "2022-03 (Q1)",
      "signal": "GROSS MARGIN INFLECTION",
      "detail": "GM: +35.7% -> +35.2% -> +38.6% (reversal +3.4%)",
      "severity": "MEDIUM"
    },
    {
      "quarter": "2022-03 (Q1)",
      "signal": "YoY REVENUE GROWTH DECELERATION",
      "detail": "YoY growth: +38.6% vs prior quarter YoY: +44.3% (decel: -5.7%)",
      "severity": "WARNING"
    },
    {
      "quarter": "2021-03 (Q1)",
      "signal": "FCF MARGIN EXPANSION",
      "detail": "FCF margin: +7.8% -> +14.5% (+6.7%)",
      "severity": "MEDIUM"
    }
  ],
  "data_quality": {
    "n_quarters": 20,
    "coverage": {
      "revenue": [
        20,
        20
      ],
      "gross_profit": [
        20,
        20
      ],
      "op_income": [
        20,
        20
      ],
      "fcf": [
        20,
        20
      ]
    },
    "gaps": [],
    "warnings": []
  },
  "market_cap": null,
  "source": "SEC EDGAR",
  "last_updated": "2026-02-02T21:49:31.995415"
}