{
  "ticker": "XPER",
  "name": "XPERI INC.",
  "quarters": [
    {
      "date": "2021-09-30T00:00:00",
      "quarter_label": "2021-09 (Q3)",
      "revenue": 117732000,
      "gross_profit": 85431000,
      "operating_income": -44968000,
      "net_income": -46348000,
      "opex": 162700000,
      "cogs": 32301000,
      "rd": 49975000,
      "sga": 46109000,
      "fcf": null,
      "ocf": null,
      "capex": null,
      "gross_margin": 0.7256395882173071,
      "op_margin": -0.38195223048958654,
      "fcf_margin": null
    },
    {
      "date": "2021-12-31T00:00:00",
      "quarter_label": "2021-12 (Q4)",
      "revenue": 124745000,
      "gross_profit": 87102000,
      "operating_income": -42801000,
      "net_income": -51772000,
      "opex": 167546000,
      "cogs": 37643000,
      "rd": 50498000,
      "sga": 51834000,
      "fcf": -3497000,
      "ocf": -9392000,
      "capex": 5895000,
      "gross_margin": 0.6982404104372921,
      "op_margin": -0.34310794019800395,
      "fcf_margin": -0.028033187702913943,
      "op_leverage_ratio": 1.9999238531620862
    },
    {
      "date": "2022-03-31T00:00:00",
      "quarter_label": "2022-03 (Q1)",
      "revenue": 118888000,
      "gross_profit": 91481000,
      "operating_income": -28926000,
      "net_income": -29523000,
      "opex": 147814000,
      "cogs": 27407000,
      "rd": 50200000,
      "sga": 49852000,
      "fcf": -22709000,
      "ocf": -18364000,
      "capex": -4345000,
      "gross_margin": 0.7694721082026782,
      "op_margin": -0.2433046228383016,
      "fcf_margin": -0.19101170849875512,
      "fcf_margin_change": -0.1629785207958412
    },
    {
      "date": "2022-06-30T00:00:00",
      "quarter_label": "2022-06 (Q2)",
      "revenue": 126203000,
      "gross_profit": 99324000,
      "operating_income": -22293000,
      "net_income": -30130000,
      "opex": 148496000,
      "cogs": 26879000,
      "rd": 51372000,
      "sga": 50341000,
      "fcf": -6695000,
      "ocf": -3890000,
      "capex": -2805000,
      "gross_margin": 0.7870177412581317,
      "op_margin": -0.1766439783523371,
      "fcf_margin": -0.05304945207324707,
      "op_leverage_ratio": 13.335444744959203,
      "fcf_margin_change": 0.13796225642550805
    },
    {
      "date": "2022-09-30T00:00:00",
      "quarter_label": "2022-09 (Q3)",
      "revenue": 121637000,
      "gross_profit": 90234000,
      "operating_income": -399141000,
      "net_income": -400802000,
      "opex": 520778000,
      "cogs": 31403000,
      "rd": 57070000,
      "sga": 56702000,
      "fcf": 7557000,
      "ocf": 10921000,
      "capex": -3364000,
      "gross_margin": 0.7418301996925277,
      "op_margin": -3.281411083798515,
      "fcf_margin": 0.06212747765893602,
      "incr_op_margin_yoy": -90.69731113956466,
      "rev_growth_yoy": 0.03316855230523562,
      "fcf_margin_change": 0.11517692973218309
    },
    {
      "date": "2022-12-31T00:00:00",
      "quarter_label": "2022-12 (Q4)",
      "revenue": 135532000,
      "gross_profit": 98275000,
      "operating_income": -299073000,
      "net_income": -297030000,
      "opex": 434605000,
      "cogs": 37257000,
      "rd": 57714000,
      "sga": 60508000,
      "fcf": -19701000,
      "ocf": -17112000,
      "capex": -2589000,
      "gross_margin": 0.7251055101378272,
      "op_margin": -2.2066596818463537,
      "fcf_margin": -0.14536050526812855,
      "incr_op_margin_yoy": -23.757485862612405,
      "rev_growth_yoy": 0.08647240370355526,
      "rev_growth_yoy_accel": 0.05330385139831964,
      "op_leverage_ratio": Infinity,
      "fcf_margin_change": -0.20748798292706455
    },
    {
      "date": "2023-03-31T00:00:00",
      "quarter_label": "2023-03 (Q1)",
      "revenue": 126839000,
      "gross_profit": 99047000,
      "operating_income": -33601000,
      "net_income": -32000000,
      "opex": 160440000,
      "cogs": 27792000,
      "rd": 54856000,
      "sga": 57776000,
      "fcf": -45070000,
      "ocf": -43103000,
      "capex": -1967000,
      "gross_margin": 0.7808875818951584,
      "op_margin": -0.2649106347416804,
      "fcf_margin": -0.35533235046003203,
      "incr_op_margin_yoy": -0.5879763551754497,
      "rev_growth_yoy": 0.06687807011641209,
      "rev_growth_yoy_accel": -0.019594333587143173,
      "fcf_margin_change": -0.20997184519190348
    },
    {
      "date": "2023-06-30T00:00:00",
      "quarter_label": "2023-06 (Q2)",
      "revenue": 126872000,
      "gross_profit": 96016000,
      "operating_income": -35182000,
      "net_income": -38395000,
      "opex": 162054000,
      "cogs": 30856000,
      "rd": 55701000,
      "sga": 56497000,
      "fcf": -2029000,
      "ocf": -1526000,
      "capex": -503000,
      "gross_margin": 0.7567942493221514,
      "op_margin": -0.27730310864493346,
      "fcf_margin": -0.015992496374298507,
      "rev_growth_yoy": 0.005300983336370768,
      "rev_growth_yoy_accel": -0.06157708678004132,
      "fcf_margin_change": 0.3393398540857335
    },
    {
      "date": "2023-09-30T00:00:00",
      "quarter_label": "2023-09 (Q3)",
      "revenue": 130390000,
      "gross_profit": 103977000,
      "operating_income": -31051000,
      "net_income": -41426000,
      "opex": 161441000,
      "cogs": 26413000,
      "rd": 56436000,
      "sga": 59620000,
      "fcf": 21782000,
      "ocf": 24030000,
      "capex": -2248000,
      "gross_margin": 0.7974307845693688,
      "op_margin": -0.23813942787023545,
      "fcf_margin": 0.16705268808957743,
      "incr_op_margin_yoy": 42.05301039643551,
      "rev_growth_yoy": 0.0719600121673504,
      "rev_growth_yoy_accel": 0.06665902883097963,
      "op_leverage_ratio": Infinity,
      "fcf_margin_change": 0.18304518446387594
    },
    {
      "date": "2023-12-31T00:00:00",
      "quarter_label": "2023-12 (Q4)",
      "revenue": 137233000,
      "gross_profit": 103666000,
      "operating_income": -29803000,
      "net_income": -24792000,
      "opex": 167036000,
      "cogs": 33567000,
      "rd": 55840000,
      "sga": 59510000,
      "fcf": 18564000,
      "ocf": 20661000,
      "capex": -2097000,
      "gross_margin": 0.7554013976230207,
      "op_margin": -0.21717079711148193,
      "fcf_margin": 0.135273585799334,
      "incr_op_margin_yoy": 158.3009994121105,
      "rev_growth_yoy": 0.012550541569518637,
      "rev_growth_yoy_accel": -0.05940947059783176,
      "op_leverage_ratio": 1.514314227867028,
      "fcf_margin_change": -0.031779102290243444
    },
    {
      "date": "2024-03-31T00:00:00",
      "quarter_label": "2024-03 (Q1)",
      "revenue": 118844000,
      "gross_profit": 89088000,
      "operating_income": -32327000,
      "net_income": -13120000,
      "opex": 151171000,
      "cogs": 29756000,
      "rd": 50439000,
      "sga": 56353000,
      "fcf": -51632000,
      "ocf": -49787000,
      "capex": -1845000,
      "gross_margin": 0.7496213523610784,
      "op_margin": -0.2720120494093097,
      "fcf_margin": -0.43445188650668104,
      "incr_op_margin_yoy": -0.15934959349593497,
      "rev_growth_yoy": -0.06303266345524641,
      "rev_growth_yoy_accel": -0.07558320502476505,
      "fcf_margin_change": -0.569725472306015
    },
    {
      "date": "2024-06-30T00:00:00",
      "quarter_label": "2024-06 (Q2)",
      "revenue": 119591000,
      "gross_profit": 90638000,
      "operating_income": -21907000,
      "net_income": -30299000,
      "opex": 141498000,
      "cogs": 28953000,
      "rd": 45123000,
      "sga": 53102000,
      "fcf": -2596000,
      "ocf": -2134000,
      "capex": -462000,
      "gross_margin": 0.7578998419613516,
      "op_margin": -0.18318268097097606,
      "fcf_margin": -0.021707319112642256,
      "incr_op_margin_yoy": -1.823238566131026,
      "rev_growth_yoy": -0.05738854908884545,
      "rev_growth_yoy_accel": 0.005644114366400964,
      "fcf_margin_change": 0.4127445673940388
    },
    {
      "date": "2024-09-30T00:00:00",
      "quarter_label": "2024-09 (Q3)",
      "revenue": 132891000,
      "gross_profit": 105407000,
      "operating_income": -18555000,
      "net_income": -16805000,
      "opex": 151446000,
      "cogs": 27484000,
      "rd": 53627000,
      "sga": 56483000,
      "fcf": -5645000,
      "ocf": -4648000,
      "capex": -997000,
      "gross_margin": 0.7931838875469369,
      "op_margin": -0.13962570828724294,
      "fcf_margin": -0.04247842216553416,
      "incr_op_margin_yoy": 4.99640143942423,
      "rev_growth_yoy": 0.019180918782115194,
      "rev_growth_yoy_accel": 0.07656946787096064,
      "op_leverage_ratio": 1.5818586305703641,
      "fcf_margin_change": -0.020771103052891902
    },
    {
      "date": "2024-12-31T00:00:00",
      "quarter_label": "2024-12 (Q4)",
      "revenue": 122362000,
      "gross_profit": 94799000,
      "operating_income": -14286000,
      "net_income": 46216000,
      "opex": 136648000,
      "cogs": 27563000,
      "rd": 42163000,
      "sga": 52168000,
      "fcf": -510000,
      "ocf": 1229000,
      "capex": -1739000,
      "gross_margin": 0.7747421585132639,
      "op_margin": -0.11675193278959153,
      "fcf_margin": -0.004167960641375591,
      "incr_op_margin_yoy": -1.0434402528411002,
      "rev_growth_yoy": -0.1083631488053165,
      "rev_growth_yoy_accel": -0.1275440675874317,
      "fcf_margin_change": 0.03831046152415857
    },
    {
      "date": "2025-03-31T00:00:00",
      "quarter_label": "2025-03 (Q1)",
      "revenue": 114033000,
      "gross_profit": 84434000,
      "operating_income": -16440000,
      "net_income": -18366000,
      "opex": 130473000,
      "cogs": 29599000,
      "rd": 39549000,
      "sga": 48698000,
      "fcf": -23324000,
      "ocf": -22258000,
      "capex": -1066000,
      "gross_margin": 0.7404347864214745,
      "op_margin": -0.14416879324406093,
      "fcf_margin": -0.2045372830671823,
      "incr_op_margin_yoy": -3.30222406983995,
      "rev_growth_yoy": -0.04048163979670829,
      "rev_growth_yoy_accel": 0.0678815090086082,
      "fcf_margin_change": -0.2003693224258067
    },
    {
      "date": "2025-06-30T00:00:00",
      "quarter_label": "2025-06 (Q2)",
      "revenue": 105933000,
      "gross_profit": 72384000,
      "operating_income": -11133000,
      "net_income": -14781000,
      "opex": 117066000,
      "cogs": 33549000,
      "rd": 29783000,
      "sga": 41142000,
      "fcf": 9546000,
      "ocf": 10107000,
      "capex": -561000,
      "gross_margin": 0.6832998215853416,
      "op_margin": -0.10509472968763275,
      "fcf_margin": 0.09011356234601116,
      "incr_op_margin_yoy": -0.7888417044955337,
      "rev_growth_yoy": -0.11420591850557316,
      "rev_growth_yoy_accel": -0.07372427870886486,
      "fcf_margin_change": 0.2946508454131935
    },
    {
      "date": "2025-09-30T00:00:00",
      "quarter_label": "2025-09 (Q3)",
      "revenue": 111632000,
      "gross_profit": 82554000,
      "operating_income": -1362000,
      "net_income": -6107000,
      "opex": 112994000,
      "cogs": 29078000,
      "rd": 29923000,
      "sga": 42536000,
      "fcf": 6724000,
      "ocf": 7536000,
      "capex": -812000,
      "gross_margin": 0.7395191342984091,
      "op_margin": -0.012200802637236635,
      "fcf_margin": 0.060233624767091876,
      "incr_op_margin_yoy": -0.8087398278376217,
      "rev_growth_yoy": -0.15997321112791688,
      "rev_growth_yoy_accel": -0.04576729262234372,
      "op_leverage_ratio": Infinity,
      "fcf_margin_change": -0.029879937578919283
    }
  ],
  "signals": [
    {
      "quarter": "2025-09 (Q3)",
      "signal": "GROSS MARGIN INFLECTION",
      "detail": "GM: +74.0% -> +68.3% -> +74.0% (reversal +5.6%)",
      "severity": "HIGH"
    },
    {
      "quarter": "2025-06 (Q2)",
      "signal": "FCF TURNED POSITIVE",
      "detail": "FCF margin: -20.5% -> +9.0%",
      "severity": "HIGH"
    },
    {
      "quarter": "2025-06 (Q2)",
      "signal": "YoY REVENUE GROWTH DECELERATION",
      "detail": "YoY growth: -11.4% vs prior quarter YoY: -4.0% (decel: -7.4%)",
      "severity": "WARNING"
    },
    {
      "quarter": "2025-03 (Q1)",
      "signal": "YoY REVENUE GROWTH ACCELERATION",
      "detail": "YoY growth: -4.0% vs prior quarter YoY: -10.8% (accel: +6.8%)",
      "severity": "MEDIUM"
    },
    {
      "quarter": "2024-12 (Q4)",
      "signal": "YoY REVENUE GROWTH DECELERATION",
      "detail": "YoY growth: -10.8% vs prior quarter YoY: +1.9% (decel: -12.8%)",
      "severity": "WARNING"
    },
    {
      "quarter": "2024-09 (Q3)",
      "signal": "OPERATING LEVERAGE",
      "detail": "Rev growth +11.1% vs OpEx growth +7.0% (leverage: 1.6x)",
      "severity": "MEDIUM"
    },
    {
      "quarter": "2024-09 (Q3)",
      "signal": "YoY REVENUE GROWTH ACCELERATION",
      "detail": "YoY growth: +1.9% vs prior quarter YoY: -5.7% (accel: +7.7%)",
      "severity": "MEDIUM"
    },
    {
      "quarter": "2024-06 (Q2)",
      "signal": "FCF MARGIN EXPANSION",
      "detail": "FCF margin: -43.4% -> -2.2% (+41.3%)",
      "severity": "MEDIUM"
    },
    {
      "quarter": "2024-03 (Q1)",
      "signal": "YoY REVENUE GROWTH DECELERATION",
      "detail": "YoY growth: -6.3% vs prior quarter YoY: +1.3% (decel: -7.6%)",
      "severity": "WARNING"
    },
    {
      "quarter": "2023-12 (Q4)",
      "signal": "OPERATING LEVERAGE",
      "detail": "Rev growth +5.2% vs OpEx growth +3.5% (leverage: 1.5x)",
      "severity": "MEDIUM"
    },
    {
      "quarter": "2023-12 (Q4)",
      "signal": "YoY REVENUE GROWTH DECELERATION",
      "detail": "YoY growth: +1.3% vs prior quarter YoY: +7.2% (decel: -5.9%)",
      "severity": "WARNING"
    },
    {
      "quarter": "2023-09 (Q3)",
      "signal": "FCF TURNED POSITIVE",
      "detail": "FCF margin: -1.6% -> +16.7%",
      "severity": "HIGH"
    },
    {
      "quarter": "2023-09 (Q3)",
      "signal": "GROSS MARGIN INFLECTION",
      "detail": "GM: +78.1% -> +75.7% -> +79.7% (reversal +4.1%)",
      "severity": "MEDIUM"
    },
    {
      "quarter": "2023-09 (Q3)",
      "signal": "YoY REVENUE GROWTH ACCELERATION",
      "detail": "YoY growth: +7.2% vs prior quarter YoY: +0.5% (accel: +6.7%)",
      "severity": "MEDIUM"
    },
    {
      "quarter": "2023-06 (Q2)",
      "signal": "FCF MARGIN EXPANSION",
      "detail": "FCF margin: -35.5% -> -1.6% (+33.9%)",
      "severity": "MEDIUM"
    },
    {
      "quarter": "2023-06 (Q2)",
      "signal": "YoY REVENUE GROWTH DECELERATION",
      "detail": "YoY growth: +0.5% vs prior quarter YoY: +6.7% (decel: -6.2%)",
      "severity": "WARNING"
    },
    {
      "quarter": "2023-03 (Q1)",
      "signal": "GROSS MARGIN INFLECTION",
      "detail": "GM: +74.2% -> +72.5% -> +78.1% (reversal +5.6%)",
      "severity": "HIGH"
    },
    {
      "quarter": "2022-12 (Q4)",
      "signal": "YoY REVENUE GROWTH ACCELERATION",
      "detail": "YoY growth: +8.6% vs prior quarter YoY: +3.3% (accel: +5.3%)",
      "severity": "MEDIUM"
    },
    {
      "quarter": "2022-09 (Q3)",
      "signal": "FCF TURNED POSITIVE",
      "detail": "FCF margin: -5.3% -> +6.2%",
      "severity": "HIGH"
    },
    {
      "quarter": "2022-06 (Q2)",
      "signal": "FCF MARGIN EXPANSION",
      "detail": "FCF margin: -19.1% -> -5.3% (+13.8%)",
      "severity": "MEDIUM"
    },
    {
      "quarter": "2022-06 (Q2)",
      "signal": "OPERATING LEVERAGE",
      "detail": "Rev growth +6.2% vs OpEx growth +0.5% (leverage: 13.3x)",
      "severity": "MEDIUM"
    },
    {
      "quarter": "2022-03 (Q1)",
      "signal": "GROSS MARGIN INFLECTION",
      "detail": "GM: +72.6% -> +69.8% -> +76.9% (reversal +7.1%)",
      "severity": "HIGH"
    },
    {
      "quarter": "2021-12 (Q4)",
      "signal": "OPERATING LEVERAGE",
      "detail": "Rev growth +6.0% vs OpEx growth +3.0% (leverage: 2.0x)",
      "severity": "MEDIUM"
    }
  ],
  "data_quality": {
    "n_quarters": 17,
    "coverage": {
      "revenue": [
        17,
        17
      ],
      "gross_profit": [
        17,
        17
      ],
      "op_income": [
        17,
        17
      ],
      "fcf": [
        16,
        17
      ]
    },
    "gaps": [],
    "warnings": []
  },
  "market_cap": null,
  "source": "SEC EDGAR",
  "last_updated": "2026-02-02T22:49:59.265661"
}