{
  "ticker": "XRAY",
  "name": "DENTSPLY SIRONA Inc.",
  "quarters": [
    {
      "date": "2020-12-31T00:00:00",
      "quarter_label": "2020-12 (Q4)",
      "revenue": 1076000000,
      "gross_profit": 567000000,
      "operating_income": 141000000,
      "net_income": 105000000,
      "opex": 426000000,
      "cogs": 509000000,
      "rd": 38000000,
      "sga": 373000000,
      "fcf": 264000000,
      "ocf": 264000000,
      "capex": null,
      "gross_margin": 0.5269516728624535,
      "op_margin": 0.13104089219330856,
      "fcf_margin": 0.24535315985130113
    },
    {
      "date": "2021-03-31T00:00:00",
      "quarter_label": "2021-03 (Q1)",
      "revenue": 1027000000,
      "gross_profit": 579000000,
      "operating_income": 154000000,
      "net_income": 117000000,
      "opex": 425000000,
      "cogs": 448000000,
      "rd": 37000000,
      "sga": 385000000,
      "fcf": 49000000,
      "ocf": 49000000,
      "capex": null,
      "gross_margin": 0.563777994157741,
      "op_margin": 0.14995131450827653,
      "fcf_margin": 0.04771178188899708,
      "fcf_margin_change": -0.19764137796230405
    },
    {
      "date": "2021-06-30T00:00:00",
      "quarter_label": "2021-06 (Q2)",
      "revenue": 1067000000,
      "gross_profit": 598000000,
      "operating_income": 155000000,
      "net_income": 99000000,
      "opex": 443000000,
      "cogs": 469000000,
      "rd": 40000000,
      "sga": 398000000,
      "fcf": 0,
      "ocf": 0,
      "capex": null,
      "gross_margin": 0.5604498594189316,
      "op_margin": 0.14526710402999063,
      "fcf_margin": 0.0,
      "op_leverage_ratio": 0.9196148436654767,
      "fcf_margin_change": -0.04771178188899708
    },
    {
      "date": "2021-09-30T00:00:00",
      "quarter_label": "2021-09 (Q3)",
      "revenue": 1069000000,
      "gross_profit": 591000000,
      "operating_income": 159000000,
      "net_income": 103000000,
      "opex": 432000000,
      "cogs": 478000000,
      "rd": 35000000,
      "sga": 394000000,
      "fcf": 0,
      "ocf": 0,
      "capex": null,
      "gross_margin": 0.5528531337698784,
      "op_margin": 0.14873713751169318,
      "fcf_margin": 0.0,
      "fcf_margin_change": 0.0
    },
    {
      "date": "2021-12-31T00:00:00",
      "quarter_label": "2021-12 (Q4)",
      "revenue": 1103000000,
      "gross_profit": 604000000,
      "operating_income": 172000000,
      "net_income": 119000000,
      "opex": 432000000,
      "cogs": 499000000,
      "rd": 49000000,
      "sga": 377000000,
      "fcf": 0,
      "ocf": 0,
      "capex": null,
      "gross_margin": 0.5475974614687217,
      "op_margin": 0.1559383499546691,
      "fcf_margin": 0.0,
      "incr_op_margin_yoy": 1.1481481481481481,
      "rev_growth_yoy": 0.02509293680297398,
      "op_leverage_ratio": Infinity,
      "fcf_margin_change": 0.0
    },
    {
      "date": "2022-03-31T00:00:00",
      "quarter_label": "2022-03 (Q1)",
      "revenue": 969000000,
      "gross_profit": 521000000,
      "operating_income": 97000000,
      "net_income": 69000000,
      "opex": 424000000,
      "cogs": 448000000,
      "rd": 45000000,
      "sga": 376000000,
      "fcf": 93000000,
      "ocf": 93000000,
      "capex": null,
      "gross_margin": 0.5376676986584107,
      "op_margin": 0.1001031991744066,
      "fcf_margin": 0.09597523219814241,
      "incr_op_margin_yoy": 0.9827586206896551,
      "rev_growth_yoy": -0.05647517039922103,
      "rev_growth_yoy_accel": -0.08156810720219501,
      "fcf_margin_change": 0.09597523219814241
    },
    {
      "date": "2022-06-30T00:00:00",
      "quarter_label": "2022-06 (Q2)",
      "revenue": 1023000000,
      "gross_profit": 581000000,
      "operating_income": 119000000,
      "net_income": 73000000,
      "opex": 462000000,
      "cogs": 442000000,
      "rd": 45000000,
      "sga": 410000000,
      "fcf": 173000000,
      "ocf": 173000000,
      "capex": null,
      "gross_margin": 0.5679374389051809,
      "op_margin": 0.11632453567937438,
      "fcf_margin": 0.16911045943304007,
      "incr_op_margin_yoy": 0.8181818181818182,
      "rev_growth_yoy": -0.041237113402061855,
      "rev_growth_yoy_accel": 0.015238056997159174,
      "op_leverage_ratio": 0.621802183477269,
      "fcf_margin_change": 0.07313522723489765
    },
    {
      "date": "2022-09-30T00:00:00",
      "quarter_label": "2022-09 (Q3)",
      "revenue": 947000000,
      "gross_profit": 508000000,
      "operating_income": -1218000000,
      "net_income": -1077000000,
      "opex": 1726000000,
      "cogs": 439000000,
      "rd": 41000000,
      "sga": 401000000,
      "fcf": 109000000,
      "ocf": 109000000,
      "capex": null,
      "gross_margin": 0.5364308342133052,
      "op_margin": -1.2861668426610349,
      "fcf_margin": 0.11510031678986272,
      "incr_op_margin_yoy": 11.28688524590164,
      "rev_growth_yoy": -0.11412535079513564,
      "rev_growth_yoy_accel": -0.07288823739307379,
      "fcf_margin_change": -0.05401014264317734
    },
    {
      "date": "2022-12-31T00:00:00",
      "quarter_label": "2022-12 (Q4)",
      "revenue": 983000000,
      "gross_profit": 517000000,
      "operating_income": 65000000,
      "net_income": -15000000,
      "opex": 452000000,
      "cogs": 466000000,
      "rd": 43000000,
      "sga": 402000000,
      "fcf": 142000000,
      "ocf": 142000000,
      "capex": null,
      "gross_margin": 0.525940996948118,
      "op_margin": 0.06612410986775177,
      "fcf_margin": 0.14445574771108852,
      "incr_op_margin_yoy": 0.8916666666666667,
      "rev_growth_yoy": -0.10879419764279238,
      "rev_growth_yoy_accel": 0.005331153152343254,
      "op_leverage_ratio": Infinity,
      "fcf_margin_change": 0.029355430921225792
    },
    {
      "date": "2023-03-31T00:00:00",
      "quarter_label": "2023-03 (Q1)",
      "revenue": 978000000,
      "gross_profit": 519000000,
      "operating_income": -2000000,
      "net_income": -19000000,
      "opex": 521000000,
      "cogs": 459000000,
      "rd": 46000000,
      "sga": 416000000,
      "fcf": -21000000,
      "ocf": -21000000,
      "capex": null,
      "gross_margin": 0.5306748466257669,
      "op_margin": -0.002044989775051125,
      "fcf_margin": -0.02147239263803681,
      "incr_op_margin_yoy": -11.0,
      "rev_growth_yoy": 0.009287925696594427,
      "rev_growth_yoy_accel": 0.11808212333938681,
      "fcf_margin_change": -0.16592814034912534
    },
    {
      "date": "2023-06-30T00:00:00",
      "quarter_label": "2023-06 (Q2)",
      "revenue": 1028000000,
      "gross_profit": 550000000,
      "operating_income": 80000000,
      "net_income": 86000000,
      "opex": 470000000,
      "cogs": 478000000,
      "rd": 49000000,
      "sga": 416000000,
      "fcf": 104000000,
      "ocf": 104000000,
      "capex": null,
      "gross_margin": 0.5350194552529183,
      "op_margin": 0.07782101167315175,
      "fcf_margin": 0.10116731517509728,
      "incr_op_margin_yoy": -7.8,
      "rev_growth_yoy": 0.004887585532746823,
      "rev_growth_yoy_accel": -0.004400340163847604,
      "op_leverage_ratio": Infinity,
      "fcf_margin_change": 0.12263970781313409
    },
    {
      "date": "2023-09-30T00:00:00",
      "quarter_label": "2023-09 (Q3)",
      "revenue": 947000000,
      "gross_profit": 495000000,
      "operating_income": -236000000,
      "net_income": -266000000,
      "opex": 731000000,
      "cogs": 452000000,
      "rd": 46000000,
      "sga": 372000000,
      "fcf": 134000000,
      "ocf": 134000000,
      "capex": null,
      "gross_margin": 0.5227032734952481,
      "op_margin": -0.249208025343189,
      "fcf_margin": 0.14149947201689547,
      "rev_growth_yoy": 0.0,
      "rev_growth_yoy_accel": -0.004887585532746823,
      "fcf_margin_change": 0.040332156841798195
    },
    {
      "date": "2023-12-31T00:00:00",
      "quarter_label": "2023-12 (Q4)",
      "revenue": 1012000000,
      "gross_profit": 522000000,
      "operating_income": 73000000,
      "net_income": 67000000,
      "opex": 449000000,
      "cogs": 490000000,
      "rd": 43000000,
      "sga": 409000000,
      "fcf": 160000000,
      "ocf": 160000000,
      "capex": null,
      "gross_margin": 0.5158102766798419,
      "op_margin": 0.07213438735177866,
      "fcf_margin": 0.15810276679841898,
      "incr_op_margin_yoy": 0.27586206896551724,
      "rev_growth_yoy": 0.029501525940996948,
      "rev_growth_yoy_accel": 0.029501525940996948,
      "op_leverage_ratio": Infinity,
      "fcf_margin_change": 0.016603294781523503
    },
    {
      "date": "2024-03-31T00:00:00",
      "quarter_label": "2024-03 (Q1)",
      "revenue": 953000000,
      "gross_profit": 506000000,
      "operating_income": 42000000,
      "net_income": 18000000,
      "opex": 464000000,
      "cogs": 447000000,
      "rd": 42000000,
      "sga": 415000000,
      "fcf": 25000000,
      "ocf": 25000000,
      "capex": null,
      "gross_margin": 0.5309548793284365,
      "op_margin": 0.04407135362014691,
      "fcf_margin": 0.026232948583420776,
      "incr_op_margin_yoy": -1.76,
      "rev_growth_yoy": -0.02556237218813906,
      "rev_growth_yoy_accel": -0.05506389812913601,
      "fcf_margin_change": -0.1318698182149982
    },
    {
      "date": "2024-06-30T00:00:00",
      "quarter_label": "2024-06 (Q2)",
      "revenue": 984000000,
      "gross_profit": 511000000,
      "operating_income": 50000000,
      "net_income": -4000000,
      "opex": 461000000,
      "cogs": 473000000,
      "rd": 41000000,
      "sga": 399000000,
      "fcf": 208000000,
      "ocf": 208000000,
      "capex": null,
      "gross_margin": 0.5193089430894309,
      "op_margin": 0.0508130081300813,
      "fcf_margin": 0.21138211382113822,
      "incr_op_margin_yoy": 0.6818181818181818,
      "rev_growth_yoy": -0.042801556420233464,
      "rev_growth_yoy_accel": -0.017239184232094404,
      "op_leverage_ratio": Infinity,
      "fcf_margin_change": 0.18514916523771746
    },
    {
      "date": "2024-09-30T00:00:00",
      "quarter_label": "2024-09 (Q3)",
      "revenue": 951000000,
      "gross_profit": 495000000,
      "operating_income": -462000000,
      "net_income": -494000000,
      "opex": 957000000,
      "cogs": 456000000,
      "rd": 40000000,
      "sga": 390000000,
      "fcf": 141000000,
      "ocf": 141000000,
      "capex": null,
      "gross_margin": 0.5205047318611987,
      "op_margin": -0.48580441640378547,
      "fcf_margin": 0.14826498422712933,
      "incr_op_margin_yoy": -56.5,
      "rev_growth_yoy": 0.004223864836325237,
      "rev_growth_yoy_accel": 0.0470254212565587,
      "fcf_margin_change": -0.06311712959400889
    },
    {
      "date": "2024-12-31T00:00:00",
      "quarter_label": "2024-12 (Q4)",
      "revenue": 905000000,
      "gross_profit": 446000000,
      "operating_income": -509000000,
      "net_income": -430000000,
      "opex": 955000000,
      "cogs": 459000000,
      "rd": 42000000,
      "sga": 401000000,
      "fcf": 87000000,
      "ocf": 87000000,
      "capex": null,
      "gross_margin": 0.49281767955801103,
      "op_margin": -0.5624309392265193,
      "fcf_margin": 0.09613259668508287,
      "incr_op_margin_yoy": 5.4392523364485985,
      "rev_growth_yoy": -0.10573122529644269,
      "rev_growth_yoy_accel": -0.10995509013276793,
      "fcf_margin_change": -0.052132387542046466
    },
    {
      "date": "2025-03-31T00:00:00",
      "quarter_label": "2025-03 (Q1)",
      "revenue": 879000000,
      "gross_profit": 466000000,
      "operating_income": 63000000,
      "net_income": 20000000,
      "opex": 403000000,
      "cogs": 413000000,
      "rd": 36000000,
      "sga": 358000000,
      "fcf": 7000000,
      "ocf": 7000000,
      "capex": null,
      "gross_margin": 0.5301478953356087,
      "op_margin": 0.07167235494880546,
      "fcf_margin": 0.007963594994311717,
      "incr_op_margin_yoy": -0.28378378378378377,
      "rev_growth_yoy": -0.0776495278069255,
      "rev_growth_yoy_accel": 0.028081697489517193,
      "fcf_margin_change": -0.08816900169077115
    },
    {
      "date": "2025-06-30T00:00:00",
      "quarter_label": "2025-06 (Q2)",
      "revenue": 936000000,
      "gross_profit": 490000000,
      "operating_income": -128000000,
      "net_income": -45000000,
      "opex": 618000000,
      "cogs": 446000000,
      "rd": 37000000,
      "sga": 342000000,
      "fcf": 48000000,
      "ocf": 48000000,
      "capex": null,
      "gross_margin": 0.5235042735042735,
      "op_margin": -0.13675213675213677,
      "fcf_margin": 0.05128205128205128,
      "incr_op_margin_yoy": 3.7083333333333335,
      "rev_growth_yoy": -0.04878048780487805,
      "rev_growth_yoy_accel": 0.028869040002047444,
      "op_leverage_ratio": 0.12154932931185013,
      "fcf_margin_change": 0.04331845628773956
    },
    {
      "date": "2025-09-30T00:00:00",
      "quarter_label": "2025-09 (Q3)",
      "revenue": 904000000,
      "gross_profit": 441000000,
      "operating_income": -218000000,
      "net_income": -427000000,
      "opex": 659000000,
      "cogs": 463000000,
      "rd": 37000000,
      "sga": 355000000,
      "fcf": 79000000,
      "ocf": 79000000,
      "capex": null,
      "gross_margin": 0.48783185840707965,
      "op_margin": -0.2411504424778761,
      "fcf_margin": 0.08738938053097345,
      "incr_op_margin_yoy": -5.191489361702128,
      "rev_growth_yoy": -0.04942166140904311,
      "rev_growth_yoy_accel": -0.0006411736041650601,
      "fcf_margin_change": 0.03610732924892217
    }
  ],
  "signals": [
    {
      "quarter": "2025-03 (Q1)",
      "signal": "GROSS MARGIN INFLECTION",
      "detail": "GM: +52.1% -> +49.3% -> +53.0% (reversal +3.7%)",
      "severity": "MEDIUM"
    },
    {
      "quarter": "2025-03 (Q1)",
      "signal": "OP MARGIN TURNED POSITIVE (QoQ)",
      "detail": "Op margin: -56.2% -> +7.2%",
      "severity": "HIGH"
    },
    {
      "quarter": "2024-12 (Q4)",
      "signal": "YoY REVENUE GROWTH DECELERATION",
      "detail": "YoY growth: -10.6% vs prior quarter YoY: +0.4% (decel: -11.0%)",
      "severity": "WARNING"
    },
    {
      "quarter": "2024-06 (Q2)",
      "signal": "FCF MARGIN EXPANSION",
      "detail": "FCF margin: +2.6% -> +21.1% (+18.5%)",
      "severity": "MEDIUM"
    },
    {
      "quarter": "2024-06 (Q2)",
      "signal": "INCREMENTAL MARGIN (YoY)",
      "detail": "YoY Incr OPM: +68.2% vs year-ago OPM: +7.8%",
      "severity": "HIGH"
    },
    {
      "quarter": "2024-03 (Q1)",
      "signal": "YoY REVENUE GROWTH DECELERATION",
      "detail": "YoY growth: -2.6% vs prior quarter YoY: +3.0% (decel: -5.5%)",
      "severity": "WARNING"
    },
    {
      "quarter": "2024-03 (Q1)",
      "signal": "OP MARGIN TURNED POSITIVE (YoY)",
      "detail": "Op margin: -0.2% (year-ago) -> +4.4%",
      "severity": "HIGH"
    },
    {
      "quarter": "2023-12 (Q4)",
      "signal": "INCREMENTAL MARGIN (YoY)",
      "detail": "YoY Incr OPM: +27.6% vs year-ago OPM: +6.6%",
      "severity": "HIGH"
    },
    {
      "quarter": "2023-12 (Q4)",
      "signal": "OP MARGIN TURNED POSITIVE (QoQ)",
      "detail": "Op margin: -24.9% -> +7.2%",
      "severity": "HIGH"
    },
    {
      "quarter": "2023-06 (Q2)",
      "signal": "FCF TURNED POSITIVE",
      "detail": "FCF margin: -2.1% -> +10.1%",
      "severity": "HIGH"
    },
    {
      "quarter": "2023-06 (Q2)",
      "signal": "OP MARGIN TURNED POSITIVE (QoQ)",
      "detail": "Op margin: -0.2% -> +7.8%",
      "severity": "HIGH"
    },
    {
      "quarter": "2023-03 (Q1)",
      "signal": "YoY REVENUE GROWTH ACCELERATION",
      "detail": "YoY growth: +0.9% vs prior quarter YoY: -10.9% (accel: +11.8%)",
      "severity": "MEDIUM"
    },
    {
      "quarter": "2022-12 (Q4)",
      "signal": "INCREMENTAL MARGIN (YoY)",
      "detail": "YoY Incr OPM: +89.2% vs year-ago OPM: +15.6%",
      "severity": "HIGH"
    },
    {
      "quarter": "2022-12 (Q4)",
      "signal": "OP MARGIN TURNED POSITIVE (QoQ)",
      "detail": "Op margin: -128.6% -> +6.6%",
      "severity": "HIGH"
    },
    {
      "quarter": "2022-09 (Q3)",
      "signal": "YoY REVENUE GROWTH DECELERATION",
      "detail": "YoY growth: -11.4% vs prior quarter YoY: -4.1% (decel: -7.3%)",
      "severity": "WARNING"
    },
    {
      "quarter": "2022-06 (Q2)",
      "signal": "FCF MARGIN EXPANSION",
      "detail": "FCF margin: +9.6% -> +16.9% (+7.3%)",
      "severity": "MEDIUM"
    },
    {
      "quarter": "2022-06 (Q2)",
      "signal": "GROSS MARGIN INFLECTION",
      "detail": "GM: +54.8% -> +53.8% -> +56.8% (reversal +3.0%)",
      "severity": "MEDIUM"
    },
    {
      "quarter": "2022-06 (Q2)",
      "signal": "INCREMENTAL MARGIN (YoY)",
      "detail": "YoY Incr OPM: +81.8% vs year-ago OPM: +14.5%",
      "severity": "HIGH"
    },
    {
      "quarter": "2022-03 (Q1)",
      "signal": "FCF MARGIN EXPANSION",
      "detail": "FCF margin: +0.0% -> +9.6% (+9.6%)",
      "severity": "MEDIUM"
    },
    {
      "quarter": "2022-03 (Q1)",
      "signal": "YoY REVENUE GROWTH DECELERATION",
      "detail": "YoY growth: -5.6% vs prior quarter YoY: +2.5% (decel: -8.2%)",
      "severity": "WARNING"
    },
    {
      "quarter": "2022-03 (Q1)",
      "signal": "INCREMENTAL MARGIN (YoY)",
      "detail": "YoY Incr OPM: +98.3% vs year-ago OPM: +15.0%",
      "severity": "HIGH"
    },
    {
      "quarter": "2021-12 (Q4)",
      "signal": "INCREMENTAL MARGIN (YoY)",
      "detail": "YoY Incr OPM: +114.8% vs year-ago OPM: +13.1%",
      "severity": "HIGH"
    }
  ],
  "data_quality": {
    "n_quarters": 20,
    "coverage": {
      "revenue": [
        20,
        20
      ],
      "gross_profit": [
        20,
        20
      ],
      "op_income": [
        20,
        20
      ],
      "fcf": [
        20,
        20
      ]
    },
    "gaps": [],
    "warnings": []
  },
  "market_cap": null,
  "source": "SEC EDGAR",
  "last_updated": "2026-02-02T21:28:46.060945"
}