{
  "ticker": "XTNT",
  "name": "XTANT MEDICAL HOLDINGS, INC.",
  "quarters": [
    {
      "date": "2020-12-31T00:00:00",
      "quarter_label": "2020-12 (Q4)",
      "revenue": 14015000,
      "gross_profit": 8983000,
      "operating_income": 240000,
      "net_income": -706000,
      "opex": 8743000,
      "cogs": 5032000,
      "rd": 128000,
      "sga": null,
      "fcf": 278000,
      "ocf": 916000,
      "capex": -638000,
      "gross_margin": 0.6409561184445237,
      "op_margin": 0.01712450945415626,
      "fcf_margin": 0.019835890117731004
    },
    {
      "date": "2021-03-31T00:00:00",
      "quarter_label": "2021-03 (Q1)",
      "revenue": 12542000,
      "gross_profit": 8091000,
      "operating_income": -5000,
      "net_income": -29000,
      "opex": 8096000,
      "cogs": 4451000,
      "rd": 214000,
      "sga": null,
      "fcf": -1849000,
      "ocf": -1307000,
      "capex": -542000,
      "gross_margin": 0.6451124222612024,
      "op_margin": -0.00039866050071758893,
      "fcf_margin": -0.14742465316536438,
      "fcf_margin_change": -0.1672605432830954
    },
    {
      "date": "2021-06-30T00:00:00",
      "quarter_label": "2021-06 (Q2)",
      "revenue": 14975000,
      "gross_profit": 9515000,
      "operating_income": -491000,
      "net_income": -733000,
      "opex": 10006000,
      "cogs": 5460000,
      "rd": 243000,
      "sga": null,
      "fcf": 1712000,
      "ocf": 2249000,
      "capex": -537000,
      "gross_margin": 0.6353923205342237,
      "op_margin": -0.032787979966611015,
      "fcf_margin": 0.11432387312186978,
      "op_leverage_ratio": 0.8222662117066761,
      "fcf_margin_change": 0.26174852628723416
    },
    {
      "date": "2021-09-30T00:00:00",
      "quarter_label": "2021-09 (Q3)",
      "revenue": 13777000,
      "gross_profit": 7191000,
      "operating_income": -1445000,
      "net_income": -1804000,
      "opex": 8636000,
      "cogs": 6586000,
      "rd": 262000,
      "sga": null,
      "fcf": -1336000,
      "ocf": -926000,
      "capex": -410000,
      "gross_margin": 0.5219568846628438,
      "op_margin": -0.10488495318284097,
      "fcf_margin": -0.09697321622994846,
      "fcf_margin_change": -0.21129708935181823
    },
    {
      "date": "2021-12-31T00:00:00",
      "quarter_label": "2021-12 (Q4)",
      "revenue": 13970000,
      "gross_profit": 7695000,
      "operating_income": -1911000,
      "net_income": -2283000,
      "opex": 9606000,
      "cogs": 6275000,
      "rd": 151000,
      "sga": null,
      "fcf": -203000,
      "ocf": 423000,
      "capex": -626000,
      "gross_margin": 0.5508231925554761,
      "op_margin": -0.13679312813171082,
      "fcf_margin": -0.014531138153185397,
      "rev_growth_yoy": -0.003210845522654299,
      "op_leverage_ratio": 0.12472213887032697,
      "fcf_margin_change": 0.08244207807676307
    },
    {
      "date": "2022-03-31T00:00:00",
      "quarter_label": "2022-03 (Q1)",
      "revenue": 12959000,
      "gross_profit": 7560000,
      "operating_income": -1831000,
      "net_income": -2213000,
      "opex": 9391000,
      "cogs": 5399000,
      "rd": 213000,
      "sga": null,
      "fcf": -1488000,
      "ocf": -1004000,
      "capex": -484000,
      "gross_margin": 0.5833783470946833,
      "op_margin": -0.14129176633999538,
      "fcf_margin": -0.11482367466625511,
      "rev_growth_yoy": 0.03324828575984692,
      "rev_growth_yoy_accel": 0.036459131282501216,
      "fcf_margin_change": -0.10029253651306971
    },
    {
      "date": "2022-06-30T00:00:00",
      "quarter_label": "2022-06 (Q2)",
      "revenue": 15277000,
      "gross_profit": 8374000,
      "operating_income": -1300000,
      "net_income": -1710000,
      "opex": 9674000,
      "cogs": 6903000,
      "rd": 241000,
      "sga": null,
      "fcf": -311000,
      "ocf": 15000,
      "capex": -326000,
      "gross_margin": 0.5481442691627938,
      "op_margin": -0.0850952412122799,
      "fcf_margin": -0.020357400013091574,
      "rev_growth_yoy": 0.0201669449081803,
      "rev_growth_yoy_accel": -0.013081340851666616,
      "op_leverage_ratio": 5.9356371835391695,
      "fcf_margin_change": 0.09446627465316354
    },
    {
      "date": "2022-09-30T00:00:00",
      "quarter_label": "2022-09 (Q3)",
      "revenue": 14462000,
      "gross_profit": 7896000,
      "operating_income": -1900000,
      "net_income": -2353000,
      "opex": 9796000,
      "cogs": 6566000,
      "rd": 229000,
      "sga": null,
      "fcf": -2575000,
      "ocf": -2064000,
      "capex": -511000,
      "gross_margin": 0.5459825750242013,
      "op_margin": -0.13137878578343246,
      "fcf_margin": -0.17805282810123083,
      "rev_growth_yoy": 0.049720548740654714,
      "rev_growth_yoy_accel": 0.029553603832474414,
      "fcf_margin_change": -0.15769542808813924
    },
    {
      "date": "2022-12-31T00:00:00",
      "quarter_label": "2022-12 (Q4)",
      "revenue": 15270000,
      "gross_profit": 8306000,
      "operating_income": -1724000,
      "net_income": -2209000,
      "opex": 10030000,
      "cogs": 6964000,
      "rd": 232000,
      "sga": null,
      "fcf": -2731000,
      "ocf": -2288000,
      "capex": -443000,
      "gross_margin": 0.5439423706614276,
      "op_margin": -0.11290111329404061,
      "fcf_margin": -0.17884741322855272,
      "incr_op_margin_yoy": 0.14384615384615385,
      "rev_growth_yoy": 0.09305654974946313,
      "rev_growth_yoy_accel": 0.04333600100880842,
      "op_leverage_ratio": 2.338922989455419,
      "fcf_margin_change": -0.0007945851273218896
    },
    {
      "date": "2023-03-31T00:00:00",
      "quarter_label": "2023-03 (Q1)",
      "revenue": 17943000,
      "gross_profit": 10536000,
      "operating_income": -1576000,
      "net_income": -2078000,
      "opex": 12112000,
      "cogs": 7407000,
      "rd": 174000,
      "sga": null,
      "fcf": -2701000,
      "ocf": -2245000,
      "capex": -456000,
      "gross_margin": 0.5871927771275707,
      "op_margin": -0.08783369559159561,
      "fcf_margin": -0.15053224098534249,
      "incr_op_margin_yoy": 0.051163723916532906,
      "rev_growth_yoy": 0.3845975769735319,
      "rev_growth_yoy_accel": 0.29154102722406877,
      "op_leverage_ratio": 0.8432961732050752,
      "fcf_margin_change": 0.02831517224321023
    },
    {
      "date": "2023-06-30T00:00:00",
      "quarter_label": "2023-06 (Q2)",
      "revenue": 20232000,
      "gross_profit": 12459000,
      "operating_income": -1391000,
      "net_income": -2190000,
      "opex": 13850000,
      "cogs": 7773000,
      "rd": 180000,
      "sga": null,
      "fcf": -2935000,
      "ocf": -2521000,
      "capex": -414000,
      "gross_margin": 0.6158066429418743,
      "op_margin": -0.0687524713325425,
      "fcf_margin": -0.1450672202451562,
      "incr_op_margin_yoy": -0.018365287588294654,
      "rev_growth_yoy": 0.3243437847744976,
      "rev_growth_yoy_accel": -0.06025379219903432,
      "op_leverage_ratio": 0.8890308377757028,
      "fcf_margin_change": 0.005465020740186288
    },
    {
      "date": "2023-09-30T00:00:00",
      "quarter_label": "2023-09 (Q3)",
      "revenue": 25019000,
      "gross_profit": 15334000,
      "operating_income": -3385000,
      "net_income": 9231000,
      "opex": 18719000,
      "cogs": 9685000,
      "rd": 490000,
      "sga": null,
      "fcf": -4057000,
      "ocf": -3834000,
      "capex": -223000,
      "gross_margin": 0.6128942004076902,
      "op_margin": -0.13529717414764778,
      "fcf_margin": -0.16215676086174508,
      "incr_op_margin_yoy": -0.14066496163682865,
      "rev_growth_yoy": 0.7299820218503664,
      "rev_growth_yoy_accel": 0.4056382370758688,
      "op_leverage_ratio": 0.673030289593681,
      "fcf_margin_change": -0.017089540616588877
    },
    {
      "date": "2023-12-31T00:00:00",
      "quarter_label": "2023-12 (Q4)",
      "revenue": 28108000,
      "gross_profit": 17137000,
      "operating_income": -3806000,
      "net_income": -4303000,
      "opex": 20943000,
      "cogs": 10971000,
      "rd": 492000,
      "sga": null,
      "fcf": -1278000,
      "ocf": -915000,
      "capex": -363000,
      "gross_margin": 0.6096840757079834,
      "op_margin": -0.1354062900241924,
      "fcf_margin": -0.04546748256724064,
      "incr_op_margin_yoy": -0.16217479358155476,
      "rev_growth_yoy": 0.8407334643091028,
      "rev_growth_yoy_accel": 0.11075144245873636,
      "op_leverage_ratio": 1.0391920665474095,
      "fcf_margin_change": 0.11668927829450443
    },
    {
      "date": "2024-03-31T00:00:00",
      "quarter_label": "2024-03 (Q1)",
      "revenue": 27873000,
      "gross_profit": 17302000,
      "operating_income": -3470000,
      "net_income": -4400000,
      "opex": 20772000,
      "cogs": 10571000,
      "rd": 527000,
      "sga": null,
      "fcf": -6528000,
      "ocf": -5755000,
      "capex": -773000,
      "gross_margin": 0.6207440892620099,
      "op_margin": -0.1244932371829369,
      "fcf_margin": -0.23420514476374987,
      "incr_op_margin_yoy": -0.19073514602215508,
      "rev_growth_yoy": 0.5534191606754724,
      "rev_growth_yoy_accel": -0.2873143036336304,
      "fcf_margin_change": -0.18873766219650923
    },
    {
      "date": "2024-06-30T00:00:00",
      "quarter_label": "2024-06 (Q2)",
      "revenue": 29943000,
      "gross_profit": 18582000,
      "operating_income": -2946000,
      "net_income": -3861000,
      "opex": 21528000,
      "cogs": 11361000,
      "rd": 636000,
      "sga": null,
      "fcf": -5652000,
      "ocf": -5088000,
      "capex": -564000,
      "gross_margin": 0.6205791002905521,
      "op_margin": -0.09838693517683599,
      "fcf_margin": -0.18875864141869553,
      "incr_op_margin_yoy": -0.16012769024817217,
      "rev_growth_yoy": 0.47998220640569395,
      "rev_growth_yoy_accel": -0.07343695426977842,
      "op_leverage_ratio": 2.040530774789735,
      "fcf_margin_change": 0.045446503345054345
    },
    {
      "date": "2024-09-30T00:00:00",
      "quarter_label": "2024-09 (Q3)",
      "revenue": 27937000,
      "gross_profit": 16307000,
      "operating_income": -3777000,
      "net_income": -5024000,
      "opex": 20084000,
      "cogs": 11630000,
      "rd": 701000,
      "sga": null,
      "fcf": -3822000,
      "ocf": -1718000,
      "capex": -2104000,
      "gross_margin": 0.5837061960840463,
      "op_margin": -0.13519705050649677,
      "fcf_margin": -0.13680781758957655,
      "incr_op_margin_yoy": -0.1343385880740233,
      "rev_growth_yoy": 0.11663136016627364,
      "rev_growth_yoy_accel": -0.3633508462394203,
      "fcf_margin_change": 0.051950823829118975
    },
    {
      "date": "2024-12-31T00:00:00",
      "quarter_label": "2024-12 (Q4)",
      "revenue": 31513000,
      "gross_profit": 16024000,
      "operating_income": -1882000,
      "net_income": -3165000,
      "opex": 17906000,
      "cogs": 15489000,
      "rd": 522000,
      "sga": null,
      "fcf": -7000,
      "ocf": 665000,
      "capex": -672000,
      "gross_margin": 0.5084885602767112,
      "op_margin": -0.05972138482531019,
      "fcf_margin": -0.00022213054929711549,
      "incr_op_margin_yoy": 0.5650513950073421,
      "rev_growth_yoy": 0.12113988899957308,
      "rev_growth_yoy_accel": 0.004508528833299441,
      "op_leverage_ratio": Infinity,
      "fcf_margin_change": 0.13658568704027943
    },
    {
      "date": "2025-03-31T00:00:00",
      "quarter_label": "2025-03 (Q1)",
      "revenue": 32904000,
      "gross_profit": 20243000,
      "operating_income": 1063000,
      "net_income": 58000,
      "opex": 19180000,
      "cogs": 12661000,
      "rd": 443000,
      "sga": null,
      "fcf": 87000,
      "ocf": 1278000,
      "capex": -1191000,
      "gross_margin": 0.6152139557500608,
      "op_margin": 0.032306102601507417,
      "fcf_margin": 0.0026440554339897883,
      "incr_op_margin_yoy": 0.9010137149672034,
      "rev_growth_yoy": 0.1804972554084598,
      "rev_growth_yoy_accel": 0.05935736640888671,
      "op_leverage_ratio": 0.6203924910807784,
      "fcf_margin_change": 0.002866185983286904
    },
    {
      "date": "2025-06-30T00:00:00",
      "quarter_label": "2025-06 (Q2)",
      "revenue": 35411000,
      "gross_profit": 24284000,
      "operating_income": 4624000,
      "net_income": 3550000,
      "opex": 19660000,
      "cogs": 11127000,
      "rd": 566000,
      "sga": null,
      "fcf": 910000,
      "ocf": 1276000,
      "capex": -366000,
      "gross_margin": 0.6857756064499732,
      "op_margin": 0.13058089294287087,
      "fcf_margin": 0.025698229363757024,
      "incr_op_margin_yoy": 1.3844184345281638,
      "rev_growth_yoy": 0.1826136325685469,
      "rev_growth_yoy_accel": 0.002116377160087113,
      "op_leverage_ratio": 3.044479141340465,
      "fcf_margin_change": 0.023054173929767236
    },
    {
      "date": "2025-09-30T00:00:00",
      "quarter_label": "2025-09 (Q3)",
      "revenue": 33255000,
      "gross_profit": 21992000,
      "operating_income": 2541000,
      "net_income": 1308000,
      "opex": 19451000,
      "cogs": 11263000,
      "rd": 634000,
      "sga": null,
      "fcf": 4182000,
      "ocf": 4612000,
      "capex": -430000,
      "gross_margin": 0.6613140881070516,
      "op_margin": 0.07640956247180875,
      "fcf_margin": 0.1257555254848895,
      "incr_op_margin_yoy": 1.188040616773223,
      "rev_growth_yoy": 0.19035687439596236,
      "rev_growth_yoy_accel": 0.0077432418274154535,
      "fcf_margin_change": 0.10005729612113247
    }
  ],
  "signals": [
    {
      "quarter": "2025-09 (Q3)",
      "signal": "FCF MARGIN EXPANSION",
      "detail": "FCF margin: +2.6% -> +12.6% (+10.0%)",
      "severity": "MEDIUM"
    },
    {
      "quarter": "2025-09 (Q3)",
      "signal": "OP MARGIN TURNED POSITIVE (YoY)",
      "detail": "Op margin: -13.5% (year-ago) -> +7.6%",
      "severity": "HIGH"
    },
    {
      "quarter": "2025-06 (Q2)",
      "signal": "OPERATING LEVERAGE",
      "detail": "Rev growth +7.6% vs OpEx growth +2.5% (leverage: 3.0x)",
      "severity": "MEDIUM"
    },
    {
      "quarter": "2025-06 (Q2)",
      "signal": "OP MARGIN TURNED POSITIVE (YoY)",
      "detail": "Op margin: -9.8% (year-ago) -> +13.1%",
      "severity": "HIGH"
    },
    {
      "quarter": "2025-03 (Q1)",
      "signal": "FCF TURNED POSITIVE",
      "detail": "FCF margin: -0.0% -> +0.3%",
      "severity": "HIGH"
    },
    {
      "quarter": "2025-03 (Q1)",
      "signal": "GROSS MARGIN INFLECTION",
      "detail": "GM: +58.4% -> +50.8% -> +61.5% (reversal +10.7%)",
      "severity": "HIGH"
    },
    {
      "quarter": "2025-03 (Q1)",
      "signal": "YoY REVENUE GROWTH ACCELERATION",
      "detail": "YoY growth: +18.0% vs prior quarter YoY: +12.1% (accel: +5.9%)",
      "severity": "MEDIUM"
    },
    {
      "quarter": "2025-03 (Q1)",
      "signal": "OP MARGIN TURNED POSITIVE (YoY)",
      "detail": "Op margin: -12.4% (year-ago) -> +3.2%",
      "severity": "HIGH"
    },
    {
      "quarter": "2025-03 (Q1)",
      "signal": "OP MARGIN TURNED POSITIVE (QoQ)",
      "detail": "Op margin: -6.0% -> +3.2%",
      "severity": "HIGH"
    },
    {
      "quarter": "2024-12 (Q4)",
      "signal": "FCF MARGIN EXPANSION",
      "detail": "FCF margin: -13.7% -> -0.0% (+13.7%)",
      "severity": "MEDIUM"
    },
    {
      "quarter": "2024-09 (Q3)",
      "signal": "FCF MARGIN EXPANSION",
      "detail": "FCF margin: -18.9% -> -13.7% (+5.2%)",
      "severity": "MEDIUM"
    },
    {
      "quarter": "2024-09 (Q3)",
      "signal": "YoY REVENUE GROWTH DECELERATION",
      "detail": "YoY growth: +11.7% vs prior quarter YoY: +48.0% (decel: -36.3%)",
      "severity": "WARNING"
    },
    {
      "quarter": "2024-06 (Q2)",
      "signal": "OPERATING LEVERAGE",
      "detail": "Rev growth +7.4% vs OpEx growth +3.6% (leverage: 2.0x)",
      "severity": "MEDIUM"
    },
    {
      "quarter": "2024-06 (Q2)",
      "signal": "YoY REVENUE GROWTH DECELERATION",
      "detail": "YoY growth: +48.0% vs prior quarter YoY: +55.3% (decel: -7.3%)",
      "severity": "WARNING"
    },
    {
      "quarter": "2024-03 (Q1)",
      "signal": "YoY REVENUE GROWTH DECELERATION",
      "detail": "YoY growth: +55.3% vs prior quarter YoY: +84.1% (decel: -28.7%)",
      "severity": "WARNING"
    },
    {
      "quarter": "2023-12 (Q4)",
      "signal": "FCF MARGIN EXPANSION",
      "detail": "FCF margin: -16.2% -> -4.5% (+11.7%)",
      "severity": "MEDIUM"
    },
    {
      "quarter": "2023-12 (Q4)",
      "signal": "YoY REVENUE GROWTH ACCELERATION",
      "detail": "YoY growth: +84.1% vs prior quarter YoY: +73.0% (accel: +11.1%)",
      "severity": "MEDIUM"
    },
    {
      "quarter": "2023-09 (Q3)",
      "signal": "YoY REVENUE GROWTH ACCELERATION",
      "detail": "YoY growth: +73.0% vs prior quarter YoY: +32.4% (accel: +40.6%)",
      "severity": "HIGH"
    },
    {
      "quarter": "2023-06 (Q2)",
      "signal": "YoY REVENUE GROWTH DECELERATION",
      "detail": "YoY growth: +32.4% vs prior quarter YoY: +38.5% (decel: -6.0%)",
      "severity": "WARNING"
    },
    {
      "quarter": "2023-03 (Q1)",
      "signal": "GROSS MARGIN INFLECTION",
      "detail": "GM: +54.6% -> +54.4% -> +58.7% (reversal +4.3%)",
      "severity": "MEDIUM"
    },
    {
      "quarter": "2023-03 (Q1)",
      "signal": "YoY REVENUE GROWTH ACCELERATION",
      "detail": "YoY growth: +38.5% vs prior quarter YoY: +9.3% (accel: +29.2%)",
      "severity": "HIGH"
    },
    {
      "quarter": "2022-12 (Q4)",
      "signal": "OPERATING LEVERAGE",
      "detail": "Rev growth +5.6% vs OpEx growth +2.4% (leverage: 2.3x)",
      "severity": "MEDIUM"
    },
    {
      "quarter": "2022-06 (Q2)",
      "signal": "FCF MARGIN EXPANSION",
      "detail": "FCF margin: -11.5% -> -2.0% (+9.4%)",
      "severity": "MEDIUM"
    },
    {
      "quarter": "2022-06 (Q2)",
      "signal": "OPERATING LEVERAGE",
      "detail": "Rev growth +17.9% vs OpEx growth +3.0% (leverage: 5.9x)",
      "severity": "MEDIUM"
    },
    {
      "quarter": "2021-12 (Q4)",
      "signal": "FCF MARGIN EXPANSION",
      "detail": "FCF margin: -9.7% -> -1.5% (+8.2%)",
      "severity": "MEDIUM"
    },
    {
      "quarter": "2021-12 (Q4)",
      "signal": "GROSS MARGIN INFLECTION",
      "detail": "GM: +63.5% -> +52.2% -> +55.1% (reversal +2.9%)",
      "severity": "MEDIUM"
    },
    {
      "quarter": "2021-06 (Q2)",
      "signal": "FCF TURNED POSITIVE",
      "detail": "FCF margin: -14.7% -> +11.4%",
      "severity": "HIGH"
    }
  ],
  "data_quality": {
    "n_quarters": 20,
    "coverage": {
      "revenue": [
        20,
        20
      ],
      "gross_profit": [
        20,
        20
      ],
      "op_income": [
        20,
        20
      ],
      "fcf": [
        20,
        20
      ]
    },
    "gaps": [],
    "warnings": []
  },
  "market_cap": null,
  "source": "SEC EDGAR",
  "last_updated": "2026-02-02T23:25:59.259642"
}