{
  "ticker": "XWEL",
  "name": "XWELL,\u00a0Inc.",
  "quarters": [
    {
      "date": "2020-12-31T00:00:00",
      "quarter_label": "2020-12 (Q4)",
      "revenue": 323000,
      "gross_profit": -2109000,
      "operating_income": -17449000,
      "net_income": -15683000,
      "opex": 17772000,
      "cogs": 2432000,
      "rd": null,
      "sga": 4968000,
      "fcf": -8956000,
      "ocf": -8086000,
      "capex": -870000,
      "gross_margin": -6.529411764705882,
      "op_margin": -54.021671826625386,
      "fcf_margin": -27.727554179566564
    },
    {
      "date": "2021-03-31T00:00:00",
      "quarter_label": "2021-03 (Q1)",
      "revenue": 8512000,
      "gross_profit": 4353000,
      "operating_income": -921000,
      "net_income": -1056000,
      "opex": 9433000,
      "cogs": 4159000,
      "rd": null,
      "sga": 4508000,
      "fcf": -4484000,
      "ocf": -3498000,
      "capex": -986000,
      "gross_margin": 0.5113956766917294,
      "op_margin": -0.10820018796992481,
      "fcf_margin": -0.5267857142857143,
      "op_leverage_ratio": Infinity,
      "fcf_margin_change": 27.20076846528085
    },
    {
      "date": "2021-06-30T00:00:00",
      "quarter_label": "2021-06 (Q2)",
      "revenue": 9092000,
      "gross_profit": 1391000,
      "operating_income": -4201000,
      "net_income": -4467000,
      "opex": 13293000,
      "cogs": 7701000,
      "rd": null,
      "sga": 4646000,
      "fcf": 539000,
      "ocf": 1684000,
      "capex": -1145000,
      "gross_margin": 0.15299164100307963,
      "op_margin": -0.4620545534535856,
      "fcf_margin": 0.05928288605367356,
      "op_leverage_ratio": 0.16651712668978144,
      "fcf_margin_change": 0.5860686003393879
    },
    {
      "date": "2021-09-30T00:00:00",
      "quarter_label": "2021-09 (Q3)",
      "revenue": 26767000,
      "gross_profit": 13105000,
      "operating_income": 7057000,
      "net_income": 5597000,
      "opex": 19710000,
      "cogs": 13662000,
      "rd": null,
      "sga": 5196000,
      "fcf": 7262000,
      "ocf": 7781000,
      "capex": -519000,
      "gross_margin": 0.48959539731759255,
      "op_margin": 0.26364553367953075,
      "fcf_margin": 0.27130421788022563,
      "op_leverage_ratio": 4.027086525213048,
      "fcf_margin_change": 0.21202133182655208
    },
    {
      "date": "2021-12-31T00:00:00",
      "quarter_label": "2021-12 (Q4)",
      "revenue": 29358000,
      "gross_profit": 13495000,
      "operating_income": 2172000,
      "net_income": 3275000,
      "opex": 27186000,
      "cogs": 15863000,
      "rd": null,
      "sga": 9849000,
      "fcf": 6962000,
      "ocf": 8594000,
      "capex": -1632000,
      "gross_margin": 0.4596702772668438,
      "op_margin": 0.07398324136521561,
      "fcf_margin": 0.23714149465222426,
      "incr_op_margin_yoy": 0.6757706216635095,
      "rev_growth_yoy": 89.89164086687306,
      "op_leverage_ratio": 0.2552025711926613,
      "fcf_margin_change": -0.034162723228001374
    },
    {
      "date": "2022-03-31T00:00:00",
      "quarter_label": "2022-03 (Q1)",
      "revenue": 24048000,
      "gross_profit": 9001000,
      "operating_income": -2451000,
      "net_income": -4283000,
      "opex": 26499000,
      "cogs": 15047000,
      "rd": null,
      "sga": 10188000,
      "fcf": -3433000,
      "ocf": -1774000,
      "capex": -1659000,
      "gross_margin": 0.37429308050565535,
      "op_margin": -0.10192115768463074,
      "fcf_margin": -0.14275615435795078,
      "incr_op_margin_yoy": -0.098480947476828,
      "rev_growth_yoy": 1.8251879699248121,
      "rev_growth_yoy_accel": -88.06645289694825,
      "fcf_margin_change": -0.37989764901017503
    },
    {
      "date": "2022-06-30T00:00:00",
      "quarter_label": "2022-06 (Q2)",
      "revenue": 13597000,
      "gross_profit": 1240000,
      "operating_income": -7767000,
      "net_income": -7918000,
      "opex": 21364000,
      "cogs": 12357000,
      "rd": null,
      "sga": 7558000,
      "fcf": -9244000,
      "ocf": -6841000,
      "capex": -2403000,
      "gross_margin": 0.09119658748253291,
      "op_margin": -0.5712289475619622,
      "fcf_margin": -0.6798558505552695,
      "incr_op_margin_yoy": -0.7915649278579356,
      "rev_growth_yoy": 0.4954905411350638,
      "rev_growth_yoy_accel": -1.3296974287897483,
      "fcf_margin_change": -0.5370996961973188
    },
    {
      "date": "2022-09-30T00:00:00",
      "quarter_label": "2022-09 (Q3)",
      "revenue": 10736000,
      "gross_profit": 1397000,
      "operating_income": -7654000,
      "net_income": -7179000,
      "opex": 18390000,
      "cogs": 9339000,
      "rd": null,
      "sga": 6447000,
      "fcf": -10526000,
      "ocf": -8791000,
      "capex": -1735000,
      "gross_margin": 0.13012295081967212,
      "op_margin": -0.7129284649776453,
      "fcf_margin": -0.9804396423248882,
      "incr_op_margin_yoy": 0.9176595346516125,
      "rev_growth_yoy": -0.5989091044943401,
      "rev_growth_yoy_accel": -1.0943996456294038,
      "fcf_margin_change": -0.3005837917696187
    },
    {
      "date": "2022-12-31T00:00:00",
      "quarter_label": "2022-12 (Q4)",
      "revenue": 7558000,
      "gross_profit": 410000,
      "operating_income": -13291000,
      "net_income": -13457000,
      "opex": -23042000,
      "cogs": 7148000,
      "rd": null,
      "sga": 6976000,
      "fcf": -7449000,
      "ocf": -6782000,
      "capex": -667000,
      "gross_margin": 0.05424715533209844,
      "op_margin": -1.7585340037046837,
      "fcf_margin": -0.9855781952897592,
      "incr_op_margin_yoy": 0.7093119266055046,
      "rev_growth_yoy": -0.74255739491791,
      "rev_growth_yoy_accel": -0.14364829042356986,
      "fcf_margin_change": -0.005138552964870979
    },
    {
      "date": "2023-03-31T00:00:00",
      "quarter_label": "2023-03 (Q1)",
      "revenue": 7063000,
      "gross_profit": 522000,
      "operating_income": -6288000,
      "net_income": -5509000,
      "opex": 6810000,
      "cogs": 6541000,
      "rd": null,
      "sga": 6091000,
      "fcf": -7269000,
      "ocf": -5865000,
      "capex": -1404000,
      "gross_margin": 0.07390627212232763,
      "op_margin": -0.8902732549907971,
      "fcf_margin": -1.02916607673793,
      "incr_op_margin_yoy": 0.22590521047983514,
      "rev_growth_yoy": -0.7062957418496341,
      "rev_growth_yoy_accel": 0.03626165306827589,
      "fcf_margin_change": -0.04358788144817083
    },
    {
      "date": "2023-06-30T00:00:00",
      "quarter_label": "2023-06 (Q2)",
      "revenue": 8175000,
      "gross_profit": 1190000,
      "operating_income": -4724000,
      "net_income": -5730000,
      "opex": 5914000,
      "cogs": 6985000,
      "rd": null,
      "sga": 3183000,
      "fcf": -2584000,
      "ocf": -2753000,
      "capex": 169000,
      "gross_margin": 0.145565749235474,
      "op_margin": -0.5778593272171254,
      "fcf_margin": -0.316085626911315,
      "incr_op_margin_yoy": -0.5612320177056437,
      "rev_growth_yoy": -0.3987644333308818,
      "rev_growth_yoy_accel": 0.30753130851875227,
      "op_leverage_ratio": Infinity,
      "fcf_margin_change": 0.713080449826615
    },
    {
      "date": "2023-09-30T00:00:00",
      "quarter_label": "2023-09 (Q3)",
      "revenue": 7468000,
      "gross_profit": 1091000,
      "operating_income": -10476000,
      "net_income": -9918000,
      "opex": 11567000,
      "cogs": 6377000,
      "rd": null,
      "sga": 3001000,
      "fcf": -4659000,
      "ocf": -4255000,
      "capex": -404000,
      "gross_margin": 0.14608998393144082,
      "op_margin": -1.402785216925549,
      "fcf_margin": -0.6238618103910016,
      "incr_op_margin_yoy": 0.8635250917992656,
      "rev_growth_yoy": -0.3043964232488823,
      "rev_growth_yoy_accel": 0.09436801008199952,
      "fcf_margin_change": -0.30777618347968666
    },
    {
      "date": "2023-12-31T00:00:00",
      "quarter_label": "2023-12 (Q4)",
      "revenue": 7403000,
      "gross_profit": 878000,
      "operating_income": -6718000,
      "net_income": -6584000,
      "opex": 7596000,
      "cogs": 6525000,
      "rd": null,
      "sga": 2675000,
      "fcf": -3467000,
      "ocf": -3201000,
      "capex": -266000,
      "gross_margin": 0.11860056733756585,
      "op_margin": -0.9074699446170471,
      "fcf_margin": -0.4683236525732811,
      "rev_growth_yoy": -0.020508070918232337,
      "rev_growth_yoy_accel": 0.28388835233064996,
      "fcf_margin_change": 0.1555381578177205
    },
    {
      "date": "2024-03-31T00:00:00",
      "quarter_label": "2024-03 (Q1)",
      "revenue": 8726000,
      "gross_profit": 2671000,
      "operating_income": -2379000,
      "net_income": -2512000,
      "opex": 5050000,
      "cogs": 6055000,
      "rd": null,
      "sga": 2092000,
      "fcf": -3973000,
      "ocf": -3682000,
      "capex": -291000,
      "gross_margin": 0.30609672243868896,
      "op_margin": -0.2726335090534036,
      "fcf_margin": -0.45530598212239287,
      "incr_op_margin_yoy": 2.3505712567648827,
      "rev_growth_yoy": 0.23545235735523148,
      "rev_growth_yoy_accel": 0.2559604282734638,
      "op_leverage_ratio": Infinity,
      "fcf_margin_change": 0.013017670450888252
    },
    {
      "date": "2024-06-30T00:00:00",
      "quarter_label": "2024-06 (Q2)",
      "revenue": 9282000,
      "gross_profit": 3079000,
      "operating_income": -1893000,
      "net_income": -1996000,
      "opex": 4972000,
      "cogs": 6203000,
      "rd": null,
      "sga": 3072000,
      "fcf": -796000,
      "ocf": -443000,
      "capex": -353000,
      "gross_margin": 0.3317173023055376,
      "op_margin": -0.2039431157078216,
      "fcf_margin": -0.08575737987502693,
      "incr_op_margin_yoy": 2.5573622402890694,
      "rev_growth_yoy": 0.13541284403669726,
      "rev_growth_yoy_accel": -0.10003951331853422,
      "op_leverage_ratio": Infinity,
      "fcf_margin_change": 0.36954860224736596
    },
    {
      "date": "2024-09-30T00:00:00",
      "quarter_label": "2024-09 (Q3)",
      "revenue": 8422000,
      "gross_profit": 2053000,
      "operating_income": -4769000,
      "net_income": -4750000,
      "opex": 6822000,
      "cogs": 6369000,
      "rd": null,
      "sga": 4525000,
      "fcf": -3826000,
      "ocf": -3416000,
      "capex": -410000,
      "gross_margin": 0.24376632628829256,
      "op_margin": -0.5662550463072904,
      "fcf_margin": -0.4542863927808122,
      "rev_growth_yoy": 0.12774504552758437,
      "rev_growth_yoy_accel": -0.007667798509112894,
      "fcf_margin_change": -0.3685290129057852
    },
    {
      "date": "2024-12-31T00:00:00",
      "quarter_label": "2024-12 (Q4)",
      "revenue": 7467000,
      "gross_profit": 1122000,
      "operating_income": -7667000,
      "net_income": -7595000,
      "opex": 8789000,
      "cogs": 6345000,
      "rd": null,
      "sga": 2860000,
      "fcf": -4193000,
      "ocf": -3464000,
      "capex": -729000,
      "gross_margin": 0.15026114905584573,
      "op_margin": -1.0267845185482791,
      "fcf_margin": -0.5615374313646713,
      "rev_growth_yoy": 0.008645143860597055,
      "rev_growth_yoy_accel": -0.1190999016669873,
      "fcf_margin_change": -0.10725103858385909
    },
    {
      "date": "2025-03-31T00:00:00",
      "quarter_label": "2025-03 (Q1)",
      "revenue": 7023000,
      "gross_profit": 1319000,
      "operating_income": -3158000,
      "net_income": -4719000,
      "opex": 4477000,
      "cogs": 5704000,
      "rd": null,
      "sga": 4311000,
      "fcf": -4602000,
      "ocf": -4178000,
      "capex": -424000,
      "gross_margin": 0.1878114765769614,
      "op_margin": -0.4496653851630357,
      "fcf_margin": -0.6552755232806493,
      "incr_op_margin_yoy": 0.457428068115091,
      "rev_growth_yoy": -0.19516387806555122,
      "rev_growth_yoy_accel": -0.20380902192614828,
      "fcf_margin_change": -0.09373809191597804
    },
    {
      "date": "2025-06-30T00:00:00",
      "quarter_label": "2025-06 (Q2)",
      "revenue": 7689000,
      "gross_profit": 1775000,
      "operating_income": -2692000,
      "net_income": -2269000,
      "opex": 4467000,
      "cogs": 5914000,
      "rd": null,
      "sga": 4280000,
      "fcf": -3275000,
      "ocf": -2386000,
      "capex": -889000,
      "gross_margin": 0.23084926518402912,
      "op_margin": -0.35011054753544024,
      "fcf_margin": -0.42593315125503967,
      "incr_op_margin_yoy": 0.5015693659761457,
      "rev_growth_yoy": -0.17162249515190692,
      "rev_growth_yoy_accel": 0.0235413829136443,
      "op_leverage_ratio": Infinity,
      "fcf_margin_change": 0.22934237202560964
    },
    {
      "date": "2025-09-30T00:00:00",
      "quarter_label": "2025-09 (Q3)",
      "revenue": 7345000,
      "gross_profit": 1493000,
      "operating_income": -770000,
      "net_income": -724000,
      "opex": 2263000,
      "cogs": 5852000,
      "rd": null,
      "sga": 1554000,
      "fcf": -3052000,
      "ocf": -2107000,
      "capex": -945000,
      "gross_margin": 0.20326752893124575,
      "op_margin": -0.10483321987746766,
      "fcf_margin": -0.4155207624234173,
      "incr_op_margin_yoy": -3.713091922005571,
      "rev_growth_yoy": -0.12787936357159818,
      "rev_growth_yoy_accel": 0.043743131580308736,
      "fcf_margin_change": 0.010412388831622377
    }
  ],
  "signals": [
    {
      "quarter": "2025-06 (Q2)",
      "signal": "FCF MARGIN EXPANSION",
      "detail": "FCF margin: -65.5% -> -42.6% (+22.9%)",
      "severity": "MEDIUM"
    },
    {
      "quarter": "2025-03 (Q1)",
      "signal": "GROSS MARGIN INFLECTION",
      "detail": "GM: +24.4% -> +15.0% -> +18.8% (reversal +3.8%)",
      "severity": "MEDIUM"
    },
    {
      "quarter": "2025-03 (Q1)",
      "signal": "YoY REVENUE GROWTH DECELERATION",
      "detail": "YoY growth: -19.5% vs prior quarter YoY: +0.9% (decel: -20.4%)",
      "severity": "WARNING"
    },
    {
      "quarter": "2024-12 (Q4)",
      "signal": "YoY REVENUE GROWTH DECELERATION",
      "detail": "YoY growth: +0.9% vs prior quarter YoY: +12.8% (decel: -11.9%)",
      "severity": "WARNING"
    },
    {
      "quarter": "2024-06 (Q2)",
      "signal": "FCF MARGIN EXPANSION",
      "detail": "FCF margin: -45.5% -> -8.6% (+37.0%)",
      "severity": "MEDIUM"
    },
    {
      "quarter": "2024-06 (Q2)",
      "signal": "YoY REVENUE GROWTH DECELERATION",
      "detail": "YoY growth: +13.5% vs prior quarter YoY: +23.5% (decel: -10.0%)",
      "severity": "WARNING"
    },
    {
      "quarter": "2024-03 (Q1)",
      "signal": "GROSS MARGIN INFLECTION",
      "detail": "GM: +14.6% -> +11.9% -> +30.6% (reversal +18.7%)",
      "severity": "HIGH"
    },
    {
      "quarter": "2024-03 (Q1)",
      "signal": "YoY REVENUE GROWTH ACCELERATION",
      "detail": "YoY growth: +23.5% vs prior quarter YoY: -2.1% (accel: +25.6%)",
      "severity": "HIGH"
    },
    {
      "quarter": "2023-12 (Q4)",
      "signal": "FCF MARGIN EXPANSION",
      "detail": "FCF margin: -62.4% -> -46.8% (+15.6%)",
      "severity": "MEDIUM"
    },
    {
      "quarter": "2023-12 (Q4)",
      "signal": "YoY REVENUE GROWTH ACCELERATION",
      "detail": "YoY growth: -2.1% vs prior quarter YoY: -30.4% (accel: +28.4%)",
      "severity": "HIGH"
    },
    {
      "quarter": "2023-09 (Q3)",
      "signal": "YoY REVENUE GROWTH ACCELERATION",
      "detail": "YoY growth: -30.4% vs prior quarter YoY: -39.9% (accel: +9.4%)",
      "severity": "MEDIUM"
    },
    {
      "quarter": "2023-06 (Q2)",
      "signal": "FCF MARGIN EXPANSION",
      "detail": "FCF margin: -102.9% -> -31.6% (+71.3%)",
      "severity": "MEDIUM"
    },
    {
      "quarter": "2023-06 (Q2)",
      "signal": "YoY REVENUE GROWTH ACCELERATION",
      "detail": "YoY growth: -39.9% vs prior quarter YoY: -70.6% (accel: +30.8%)",
      "severity": "HIGH"
    },
    {
      "quarter": "2022-12 (Q4)",
      "signal": "YoY REVENUE GROWTH DECELERATION",
      "detail": "YoY growth: -74.3% vs prior quarter YoY: -59.9% (decel: -14.4%)",
      "severity": "WARNING"
    },
    {
      "quarter": "2022-09 (Q3)",
      "signal": "GROSS MARGIN INFLECTION",
      "detail": "GM: +37.4% -> +9.1% -> +13.0% (reversal +3.9%)",
      "severity": "MEDIUM"
    },
    {
      "quarter": "2022-09 (Q3)",
      "signal": "YoY REVENUE GROWTH DECELERATION",
      "detail": "YoY growth: -59.9% vs prior quarter YoY: +49.5% (decel: -109.4%)",
      "severity": "WARNING"
    },
    {
      "quarter": "2022-06 (Q2)",
      "signal": "YoY REVENUE GROWTH DECELERATION",
      "detail": "YoY growth: +49.5% vs prior quarter YoY: +182.5% (decel: -133.0%)",
      "severity": "WARNING"
    },
    {
      "quarter": "2022-03 (Q1)",
      "signal": "YoY REVENUE GROWTH DECELERATION",
      "detail": "YoY growth: +182.5% vs prior quarter YoY: +8989.2% (decel: -8806.6%)",
      "severity": "WARNING"
    },
    {
      "quarter": "2021-12 (Q4)",
      "signal": "OP MARGIN TURNED POSITIVE (YoY)",
      "detail": "Op margin: -5402.2% (year-ago) -> +7.4%",
      "severity": "HIGH"
    },
    {
      "quarter": "2021-09 (Q3)",
      "signal": "FCF MARGIN EXPANSION",
      "detail": "FCF margin: +5.9% -> +27.1% (+21.2%)",
      "severity": "MEDIUM"
    },
    {
      "quarter": "2021-09 (Q3)",
      "signal": "OPERATING LEVERAGE",
      "detail": "Rev growth +194.4% vs OpEx growth +48.3% (leverage: 4.0x)",
      "severity": "MEDIUM"
    },
    {
      "quarter": "2021-09 (Q3)",
      "signal": "GROSS MARGIN INFLECTION",
      "detail": "GM: +51.1% -> +15.3% -> +49.0% (reversal +33.7%)",
      "severity": "HIGH"
    },
    {
      "quarter": "2021-09 (Q3)",
      "signal": "OP MARGIN TURNED POSITIVE (QoQ)",
      "detail": "Op margin: -46.2% -> +26.4%",
      "severity": "HIGH"
    },
    {
      "quarter": "2021-06 (Q2)",
      "signal": "FCF TURNED POSITIVE",
      "detail": "FCF margin: -52.7% -> +5.9%",
      "severity": "HIGH"
    },
    {
      "quarter": "2021-03 (Q1)",
      "signal": "FCF MARGIN EXPANSION",
      "detail": "FCF margin: -2772.8% -> -52.7% (+2720.1%)",
      "severity": "MEDIUM"
    }
  ],
  "data_quality": {
    "n_quarters": 20,
    "coverage": {
      "revenue": [
        20,
        20
      ],
      "gross_profit": [
        20,
        20
      ],
      "op_income": [
        20,
        20
      ],
      "fcf": [
        20,
        20
      ]
    },
    "gaps": [],
    "warnings": []
  },
  "market_cap": null,
  "source": "SEC EDGAR",
  "last_updated": "2026-02-03T00:30:06.212413"
}