{
  "ticker": "XWIN",
  "name": "XMAX INC.",
  "quarters": [
    {
      "date": "2020-12-31T00:00:00",
      "quarter_label": "2020-12 (Q4)",
      "revenue": 3536411,
      "gross_profit": -14953188,
      "operating_income": -16702412,
      "net_income": -16046569,
      "opex": 1749224,
      "cogs": 18489599,
      "rd": 13895,
      "sga": null,
      "fcf": -988346,
      "ocf": -983387,
      "capex": -4959,
      "gross_margin": -4.228351286092029,
      "op_margin": -4.722983838699744,
      "fcf_margin": -0.27947713091040605
    },
    {
      "date": "2021-03-31T00:00:00",
      "quarter_label": "2021-03 (Q1)",
      "revenue": 3331567,
      "gross_profit": 1380312,
      "operating_income": -766103,
      "net_income": -763537,
      "opex": 2146415,
      "cogs": 1951255,
      "rd": 3264,
      "sga": null,
      "fcf": -880935,
      "ocf": -880935,
      "capex": null,
      "gross_margin": 0.4143131445352892,
      "op_margin": -0.22995275196326534,
      "fcf_margin": -0.26442061648467524,
      "fcf_margin_change": 0.015056514425730805
    },
    {
      "date": "2021-06-30T00:00:00",
      "quarter_label": "2021-06 (Q2)",
      "revenue": 3550016,
      "gross_profit": -4007133,
      "operating_income": -6278603,
      "net_income": -6345527,
      "opex": 2271470,
      "cogs": 7557149,
      "rd": 1527,
      "sga": null,
      "fcf": -733859,
      "ocf": -733859,
      "capex": null,
      "gross_margin": -1.128764771764409,
      "op_margin": -1.7686125921685987,
      "fcf_margin": -0.2067199133750383,
      "op_leverage_ratio": 1.1254187423470692,
      "fcf_margin_change": 0.05770070310963693
    },
    {
      "date": "2021-09-30T00:00:00",
      "quarter_label": "2021-09 (Q3)",
      "revenue": 2916571,
      "gross_profit": 1399539,
      "operating_income": -1146842,
      "net_income": -1396632,
      "opex": 2546381,
      "cogs": 1517032,
      "rd": 105460,
      "sga": null,
      "fcf": -1516757,
      "ocf": -1514551,
      "capex": -2206,
      "gross_margin": 0.4798576821891187,
      "op_margin": -0.3932158689090716,
      "fcf_margin": -0.5200480290039228,
      "fcf_margin_change": -0.31332811562888446
    },
    {
      "date": "2021-12-31T00:00:00",
      "quarter_label": "2021-12 (Q4)",
      "revenue": 3015069,
      "gross_profit": -9090083,
      "operating_income": -11604076,
      "net_income": -11456797,
      "opex": 2513993,
      "cogs": 12105152,
      "rd": 36,
      "sga": null,
      "fcf": -1608372,
      "ocf": -1653009,
      "capex": 44637,
      "gross_margin": -3.014883904812792,
      "op_margin": -3.848693346653095,
      "fcf_margin": -0.5334445082351349,
      "rev_growth_yoy": -0.14742121320174606,
      "op_leverage_ratio": Infinity,
      "fcf_margin_change": -0.013396479231212122
    },
    {
      "date": "2022-03-31T00:00:00",
      "quarter_label": "2022-03 (Q1)",
      "revenue": 3665946,
      "gross_profit": 1528328,
      "operating_income": -864963,
      "net_income": -898047,
      "opex": 2393291,
      "cogs": 2137618,
      "rd": 8663,
      "sga": null,
      "fcf": -856595,
      "ocf": -856595,
      "capex": null,
      "gross_margin": 0.416898666810695,
      "op_margin": -0.23594537399077892,
      "fcf_margin": -0.233662743531956,
      "rev_growth_yoy": 0.10036688441204994,
      "rev_growth_yoy_accel": 0.247788097613796,
      "op_leverage_ratio": Infinity,
      "fcf_margin_change": 0.29978176470317885
    },
    {
      "date": "2022-06-30T00:00:00",
      "quarter_label": "2022-06 (Q2)",
      "revenue": 3813047,
      "gross_profit": -3548177,
      "operating_income": -5682716,
      "net_income": -5691507,
      "opex": 2134539,
      "cogs": 7361224,
      "rd": 1005,
      "sga": null,
      "fcf": -465297,
      "ocf": -465297,
      "capex": null,
      "gross_margin": -0.930535868034147,
      "op_margin": -1.490334632644182,
      "fcf_margin": -0.12202760679320239,
      "rev_growth_yoy": 0.07409290549676396,
      "rev_growth_yoy_accel": -0.026273978915285975,
      "op_leverage_ratio": Infinity,
      "fcf_margin_change": 0.11163513673875362
    },
    {
      "date": "2022-09-30T00:00:00",
      "quarter_label": "2022-09 (Q3)",
      "revenue": 3016104,
      "gross_profit": 1137743,
      "operating_income": -953998,
      "net_income": -1712992,
      "opex": 2091741,
      "cogs": 1878361,
      "rd": 660,
      "sga": null,
      "fcf": -2135951,
      "ocf": -2131667,
      "capex": -4284,
      "gross_margin": 0.3772227350250522,
      "op_margin": -0.31630142727173866,
      "fcf_margin": -0.7081821449127749,
      "rev_growth_yoy": 0.03412671935639489,
      "rev_growth_yoy_accel": -0.03996618614036907,
      "fcf_margin_change": -0.5861545381195725
    },
    {
      "date": "2022-12-31T00:00:00",
      "quarter_label": "2022-12 (Q4)",
      "revenue": 2249774,
      "gross_profit": -6899507,
      "operating_income": -8757223,
      "net_income": -8799125,
      "opex": 1857716,
      "cogs": 9149281,
      "rd": 589,
      "sga": null,
      "fcf": -1917092,
      "ocf": -1914091,
      "capex": -3001,
      "gross_margin": -3.0667555941174536,
      "op_margin": -3.8924900901157184,
      "fcf_margin": -0.852126480259795,
      "rev_growth_yoy": -0.2538233785031122,
      "rev_growth_yoy_accel": -0.2879500978595071,
      "fcf_margin_change": -0.1439443353470201
    },
    {
      "date": "2023-03-31T00:00:00",
      "quarter_label": "2023-03 (Q1)",
      "revenue": 1874565,
      "gross_profit": 661302,
      "operating_income": -1183610,
      "net_income": -1222315,
      "opex": 1844912,
      "cogs": 1213263,
      "rd": 118,
      "sga": null,
      "fcf": -732421,
      "ocf": -732421,
      "capex": null,
      "gross_margin": 0.35277624408862857,
      "op_margin": -0.6314051526620843,
      "fcf_margin": -0.3907151792549205,
      "incr_op_margin_yoy": 0.17787784954736038,
      "rev_growth_yoy": -0.488654497365755,
      "rev_growth_yoy_accel": -0.2348311188626428,
      "fcf_margin_change": 0.4614113010048745
    },
    {
      "date": "2023-06-30T00:00:00",
      "quarter_label": "2023-06 (Q2)",
      "revenue": 4462429,
      "gross_profit": 1447340,
      "operating_income": -378237,
      "net_income": -538581,
      "opex": 1825577,
      "cogs": 3015089,
      "rd": 10026,
      "sga": null,
      "fcf": 2162067,
      "ocf": 2162067,
      "capex": null,
      "gross_margin": 0.32433905390987733,
      "op_margin": -0.08476034016451578,
      "fcf_margin": 0.4845045153659588,
      "rev_growth_yoy": 0.17030527029957931,
      "rev_growth_yoy_accel": 0.6589597676653343,
      "op_leverage_ratio": Infinity,
      "fcf_margin_change": 0.8752196946208792
    },
    {
      "date": "2023-09-30T00:00:00",
      "quarter_label": "2023-09 (Q3)",
      "revenue": 2476134,
      "gross_profit": 1064561,
      "operating_income": -1050937,
      "net_income": -1288629,
      "opex": 2115498,
      "cogs": 1411573,
      "rd": null,
      "sga": null,
      "fcf": 90501,
      "ocf": 90501,
      "capex": null,
      "gross_margin": 0.4299286710654593,
      "op_margin": -0.4244265455746741,
      "fcf_margin": 0.03654931437474709,
      "rev_growth_yoy": -0.17902897247575017,
      "rev_growth_yoy_accel": -0.3493342427753295,
      "fcf_margin_change": -0.4479552009912117
    },
    {
      "date": "2023-12-31T00:00:00",
      "quarter_label": "2023-12 (Q4)",
      "revenue": 2274331,
      "gross_profit": 1000354,
      "operating_income": -3805764,
      "net_income": -4673732,
      "opex": 4806118,
      "cogs": 1273977,
      "rd": null,
      "sga": null,
      "fcf": -3100394,
      "ocf": -3100394,
      "capex": null,
      "gross_margin": 0.43984538750076396,
      "op_margin": -1.6733553735142335,
      "fcf_margin": -1.3632114234911277,
      "rev_growth_yoy": 0.01091531860533547,
      "rev_growth_yoy_accel": 0.18994429108108563,
      "fcf_margin_change": -1.3997607378658747
    },
    {
      "date": "2024-03-31T00:00:00",
      "quarter_label": "2024-03 (Q1)",
      "revenue": 2376393,
      "gross_profit": 1016160,
      "operating_income": -1488391,
      "net_income": -1462756,
      "opex": 2504551,
      "cogs": 1360233,
      "rd": 751216,
      "sga": null,
      "fcf": -221702,
      "ocf": -221702,
      "capex": null,
      "gross_margin": 0.4276060399100654,
      "op_margin": -0.626323592099455,
      "fcf_margin": -0.09329349143849523,
      "rev_growth_yoy": 0.26770370726008436,
      "rev_growth_yoy_accel": 0.2567883886547489,
      "op_leverage_ratio": Infinity,
      "fcf_margin_change": 1.2699179320526324
    },
    {
      "date": "2024-06-30T00:00:00",
      "quarter_label": "2024-06 (Q2)",
      "revenue": 2688533,
      "gross_profit": 1194967,
      "operating_income": -497664,
      "net_income": -563489,
      "opex": 1692631,
      "cogs": 1493566,
      "rd": null,
      "sga": null,
      "fcf": -468713,
      "ocf": -468713,
      "capex": null,
      "gross_margin": 0.4444680426091106,
      "op_margin": -0.1851061526862419,
      "fcf_margin": -0.17433782661399358,
      "incr_op_margin_yoy": 0.0673246909627171,
      "rev_growth_yoy": -0.3975180333401383,
      "rev_growth_yoy_accel": -0.6652217406002227,
      "op_leverage_ratio": Infinity,
      "fcf_margin_change": -0.08104433517549835
    },
    {
      "date": "2024-09-30T00:00:00",
      "quarter_label": "2024-09 (Q3)",
      "revenue": 2615807,
      "gross_profit": 1179255,
      "operating_income": -2406867,
      "net_income": -2466064,
      "opex": 3586122,
      "cogs": 1436552,
      "rd": null,
      "sga": null,
      "fcf": -437915,
      "ocf": -437915,
      "capex": null,
      "gross_margin": 0.45081881040917776,
      "op_margin": -0.9201240764322445,
      "fcf_margin": -0.16741105135050102,
      "rev_growth_yoy": 0.056407690375399715,
      "rev_growth_yoy_accel": 0.453925723715538,
      "fcf_margin_change": 0.006926775263492557
    },
    {
      "date": "2024-12-31T00:00:00",
      "quarter_label": "2024-12 (Q4)",
      "revenue": 2006242,
      "gross_profit": 859109,
      "operating_income": -970433,
      "net_income": -1069396,
      "opex": 1829542,
      "cogs": 1147133,
      "rd": null,
      "sga": null,
      "fcf": -263449,
      "ocf": -263449,
      "capex": null,
      "gross_margin": 0.4282180315236148,
      "op_margin": -0.483706850918284,
      "fcf_margin": -0.13131466692452853,
      "rev_growth_yoy": -0.11787598199206711,
      "rev_growth_yoy_accel": -0.17428367236746684,
      "fcf_margin_change": 0.03609638442597249
    },
    {
      "date": "2025-03-31T00:00:00",
      "quarter_label": "2025-03 (Q1)",
      "revenue": 2635718,
      "gross_profit": 1204234,
      "operating_income": -193360,
      "net_income": -338871,
      "opex": 1397594,
      "cogs": 1431484,
      "rd": null,
      "sga": null,
      "fcf": -322617,
      "ocf": -322617,
      "capex": null,
      "gross_margin": 0.4568903046532292,
      "op_margin": -0.0733614142332374,
      "fcf_margin": -0.12240194133059758,
      "rev_growth_yoy": 0.1091254687250804,
      "rev_growth_yoy_accel": 0.2270014507171475,
      "op_leverage_ratio": Infinity,
      "fcf_margin_change": 0.008912725593930956
    },
    {
      "date": "2025-06-30T00:00:00",
      "quarter_label": "2025-06 (Q2)",
      "revenue": 2556223,
      "gross_profit": 1284047,
      "operating_income": -196494,
      "net_income": -289907,
      "opex": 1480541,
      "cogs": 1272176,
      "rd": null,
      "sga": null,
      "fcf": 92513,
      "ocf": 92513,
      "capex": null,
      "gross_margin": 0.5023219805157845,
      "op_margin": -0.0768688803754602,
      "fcf_margin": 0.03619128691041431,
      "rev_growth_yoy": -0.04921271191389505,
      "rev_growth_yoy_accel": -0.15833818063897545,
      "fcf_margin_change": 0.15859322824101188
    },
    {
      "date": "2025-09-30T00:00:00",
      "quarter_label": "2025-09 (Q3)",
      "revenue": 9761091,
      "gross_profit": 983803,
      "operating_income": -490023,
      "net_income": -1126394,
      "opex": 1473826,
      "cogs": 8777288,
      "rd": null,
      "sga": null,
      "fcf": -1907160,
      "ocf": -1907160,
      "capex": null,
      "gross_margin": 0.10078822131665405,
      "op_margin": -0.05020166290837776,
      "fcf_margin": -0.19538389714838228,
      "incr_op_margin_yoy": 0.2682670135994594,
      "rev_growth_yoy": 2.731579202899908,
      "rev_growth_yoy_accel": 2.780791914813803,
      "op_leverage_ratio": Infinity,
      "fcf_margin_change": -0.2315751840587966
    }
  ],
  "signals": [
    {
      "quarter": "2025-09 (Q3)",
      "signal": "YoY REVENUE GROWTH ACCELERATION",
      "detail": "YoY growth: +273.2% vs prior quarter YoY: -4.9% (accel: +278.1%)",
      "severity": "HIGH"
    },
    {
      "quarter": "2025-06 (Q2)",
      "signal": "FCF TURNED POSITIVE",
      "detail": "FCF margin: -12.2% -> +3.6%",
      "severity": "HIGH"
    },
    {
      "quarter": "2025-06 (Q2)",
      "signal": "YoY REVENUE GROWTH DECELERATION",
      "detail": "YoY growth: -4.9% vs prior quarter YoY: +10.9% (decel: -15.8%)",
      "severity": "WARNING"
    },
    {
      "quarter": "2025-03 (Q1)",
      "signal": "GROSS MARGIN INFLECTION",
      "detail": "GM: +45.1% -> +42.8% -> +45.7% (reversal +2.9%)",
      "severity": "MEDIUM"
    },
    {
      "quarter": "2025-03 (Q1)",
      "signal": "YoY REVENUE GROWTH ACCELERATION",
      "detail": "YoY growth: +10.9% vs prior quarter YoY: -11.8% (accel: +22.7%)",
      "severity": "HIGH"
    },
    {
      "quarter": "2024-12 (Q4)",
      "signal": "YoY REVENUE GROWTH DECELERATION",
      "detail": "YoY growth: -11.8% vs prior quarter YoY: +5.6% (decel: -17.4%)",
      "severity": "WARNING"
    },
    {
      "quarter": "2024-09 (Q3)",
      "signal": "YoY REVENUE GROWTH ACCELERATION",
      "detail": "YoY growth: +5.6% vs prior quarter YoY: -39.8% (accel: +45.4%)",
      "severity": "HIGH"
    },
    {
      "quarter": "2024-06 (Q2)",
      "signal": "YoY REVENUE GROWTH DECELERATION",
      "detail": "YoY growth: -39.8% vs prior quarter YoY: +26.8% (decel: -66.5%)",
      "severity": "WARNING"
    },
    {
      "quarter": "2024-03 (Q1)",
      "signal": "FCF MARGIN EXPANSION",
      "detail": "FCF margin: -136.3% -> -9.3% (+127.0%)",
      "severity": "MEDIUM"
    },
    {
      "quarter": "2024-03 (Q1)",
      "signal": "YoY REVENUE GROWTH ACCELERATION",
      "detail": "YoY growth: +26.8% vs prior quarter YoY: +1.1% (accel: +25.7%)",
      "severity": "HIGH"
    },
    {
      "quarter": "2023-12 (Q4)",
      "signal": "YoY REVENUE GROWTH ACCELERATION",
      "detail": "YoY growth: +1.1% vs prior quarter YoY: -17.9% (accel: +19.0%)",
      "severity": "HIGH"
    },
    {
      "quarter": "2023-09 (Q3)",
      "signal": "GROSS MARGIN INFLECTION",
      "detail": "GM: +35.3% -> +32.4% -> +43.0% (reversal +10.6%)",
      "severity": "HIGH"
    },
    {
      "quarter": "2023-09 (Q3)",
      "signal": "YoY REVENUE GROWTH DECELERATION",
      "detail": "YoY growth: -17.9% vs prior quarter YoY: +17.0% (decel: -34.9%)",
      "severity": "WARNING"
    },
    {
      "quarter": "2023-06 (Q2)",
      "signal": "FCF TURNED POSITIVE",
      "detail": "FCF margin: -39.1% -> +48.5%",
      "severity": "HIGH"
    },
    {
      "quarter": "2023-06 (Q2)",
      "signal": "YoY REVENUE GROWTH ACCELERATION",
      "detail": "YoY growth: +17.0% vs prior quarter YoY: -48.9% (accel: +65.9%)",
      "severity": "HIGH"
    },
    {
      "quarter": "2023-03 (Q1)",
      "signal": "FCF MARGIN EXPANSION",
      "detail": "FCF margin: -85.2% -> -39.1% (+46.1%)",
      "severity": "MEDIUM"
    },
    {
      "quarter": "2023-03 (Q1)",
      "signal": "GROSS MARGIN INFLECTION",
      "detail": "GM: +37.7% -> -306.7% -> +35.3% (reversal +342.0%)",
      "severity": "HIGH"
    },
    {
      "quarter": "2023-03 (Q1)",
      "signal": "YoY REVENUE GROWTH DECELERATION",
      "detail": "YoY growth: -48.9% vs prior quarter YoY: -25.4% (decel: -23.5%)",
      "severity": "WARNING"
    },
    {
      "quarter": "2022-12 (Q4)",
      "signal": "YoY REVENUE GROWTH DECELERATION",
      "detail": "YoY growth: -25.4% vs prior quarter YoY: +3.4% (decel: -28.8%)",
      "severity": "WARNING"
    },
    {
      "quarter": "2022-09 (Q3)",
      "signal": "GROSS MARGIN INFLECTION",
      "detail": "GM: +41.7% -> -93.1% -> +37.7% (reversal +130.8%)",
      "severity": "HIGH"
    },
    {
      "quarter": "2022-06 (Q2)",
      "signal": "FCF MARGIN EXPANSION",
      "detail": "FCF margin: -23.4% -> -12.2% (+11.2%)",
      "severity": "MEDIUM"
    },
    {
      "quarter": "2022-03 (Q1)",
      "signal": "FCF MARGIN EXPANSION",
      "detail": "FCF margin: -53.3% -> -23.4% (+30.0%)",
      "severity": "MEDIUM"
    },
    {
      "quarter": "2022-03 (Q1)",
      "signal": "GROSS MARGIN INFLECTION",
      "detail": "GM: +48.0% -> -301.5% -> +41.7% (reversal +343.2%)",
      "severity": "HIGH"
    },
    {
      "quarter": "2022-03 (Q1)",
      "signal": "YoY REVENUE GROWTH ACCELERATION",
      "detail": "YoY growth: +10.0% vs prior quarter YoY: -14.7% (accel: +24.8%)",
      "severity": "HIGH"
    },
    {
      "quarter": "2021-09 (Q3)",
      "signal": "GROSS MARGIN INFLECTION",
      "detail": "GM: +41.4% -> -112.9% -> +48.0% (reversal +160.9%)",
      "severity": "HIGH"
    },
    {
      "quarter": "2021-06 (Q2)",
      "signal": "FCF MARGIN EXPANSION",
      "detail": "FCF margin: -26.4% -> -20.7% (+5.8%)",
      "severity": "MEDIUM"
    }
  ],
  "data_quality": {
    "n_quarters": 20,
    "coverage": {
      "revenue": [
        20,
        20
      ],
      "gross_profit": [
        20,
        20
      ],
      "op_income": [
        20,
        20
      ],
      "fcf": [
        20,
        20
      ]
    },
    "gaps": [],
    "warnings": []
  },
  "market_cap": null,
  "source": "SEC EDGAR",
  "last_updated": "2026-02-02T22:53:49.942403"
}