{
  "ticker": "XXII",
  "name": "22nd Century Group, Inc.",
  "quarters": [
    {
      "date": "2020-12-31T00:00:00",
      "quarter_label": "2020-12 (Q4)",
      "revenue": 7308000,
      "gross_profit": 588000,
      "operating_income": -6248000,
      "net_income": -6405000,
      "opex": 6835000,
      "cogs": 6720000,
      "rd": null,
      "sga": 5162000,
      "fcf": -3018000,
      "ocf": -2997000,
      "capex": -21000,
      "gross_margin": 0.08045977011494253,
      "op_margin": -0.8549534756431308,
      "fcf_margin": -0.4129720853858785
    },
    {
      "date": "2021-03-31T00:00:00",
      "quarter_label": "2021-03 (Q1)",
      "revenue": 6806000,
      "gross_profit": 647000,
      "operating_income": -5171000,
      "net_income": -5030000,
      "opex": 5818000,
      "cogs": 6159000,
      "rd": null,
      "sga": 4829000,
      "fcf": -4011000,
      "ocf": -3911000,
      "capex": -100000,
      "gross_margin": 0.09506317954745813,
      "op_margin": -0.7597707904789891,
      "fcf_margin": -0.5893329415221863,
      "fcf_margin_change": -0.1763608561363078
    },
    {
      "date": "2021-06-30T00:00:00",
      "quarter_label": "2021-06 (Q2)",
      "revenue": 8371000,
      "gross_profit": 586000,
      "operating_income": -6640000,
      "net_income": -4174000,
      "opex": 7226000,
      "cogs": 7785000,
      "rd": 903000,
      "sga": 6177000,
      "fcf": -8647000,
      "ocf": -8359000,
      "capex": -288000,
      "gross_margin": 0.07000358380121849,
      "op_margin": -0.7932146696929877,
      "fcf_margin": -1.0329709712101303,
      "op_leverage_ratio": 0.9501528146955894,
      "fcf_margin_change": -0.44363802968794397
    },
    {
      "date": "2021-09-30T00:00:00",
      "quarter_label": "2021-09 (Q3)",
      "revenue": 7811000,
      "gross_profit": 449000,
      "operating_income": -7569000,
      "net_income": -9440000,
      "opex": 8018000,
      "cogs": 7362000,
      "rd": 1031000,
      "sga": 6821000,
      "fcf": -6019000,
      "ocf": -5937000,
      "capex": -82000,
      "gross_margin": 0.05748303674305467,
      "op_margin": -0.9690180514658815,
      "fcf_margin": -0.7705799513506594,
      "fcf_margin_change": 0.2623910198594709
    },
    {
      "date": "2021-12-31T00:00:00",
      "quarter_label": "2021-12 (Q4)",
      "revenue": 6806000,
      "gross_profit": -767000,
      "operating_income": -9032000,
      "net_income": -5031000,
      "opex": 9419000,
      "cogs": 7573000,
      "rd": 1123000,
      "sga": 8054000,
      "fcf": -4907000,
      "ocf": -4632000,
      "capex": -275000,
      "gross_margin": -0.1126946811636791,
      "op_margin": -1.3270643549808991,
      "fcf_margin": -0.720981486923303,
      "rev_growth_yoy": -0.06869184455391351,
      "fcf_margin_change": 0.04959846442735638
    },
    {
      "date": "2022-03-31T00:00:00",
      "quarter_label": "2022-03 (Q1)",
      "revenue": 9045000,
      "gross_profit": 460000,
      "operating_income": -8146000,
      "net_income": -8918000,
      "opex": 8606000,
      "cogs": 8585000,
      "rd": 1141000,
      "sga": 7305000,
      "fcf": -8186000,
      "ocf": -7928000,
      "capex": -258000,
      "gross_margin": 0.05085682697622996,
      "op_margin": -0.9006080707573245,
      "fcf_margin": -0.9050304035378662,
      "incr_op_margin_yoy": -1.3287181777579276,
      "rev_growth_yoy": 0.3289744343226565,
      "rev_growth_yoy_accel": 0.39766627887657,
      "op_leverage_ratio": Infinity,
      "fcf_margin_change": -0.18404891661456324
    },
    {
      "date": "2022-06-30T00:00:00",
      "quarter_label": "2022-06 (Q2)",
      "revenue": 14477000,
      "gross_profit": 892000,
      "operating_income": -10476000,
      "net_income": -11498000,
      "opex": 11368000,
      "cogs": 13585000,
      "rd": 1897000,
      "sga": 9471000,
      "fcf": -12748000,
      "ocf": -11824000,
      "capex": -924000,
      "gross_margin": 0.06161497547834496,
      "op_margin": -0.7236305864474684,
      "fcf_margin": -0.8805691786972439,
      "incr_op_margin_yoy": -0.6282345234195873,
      "rev_growth_yoy": 0.7294230080038228,
      "rev_growth_yoy_accel": 0.40044857368116626,
      "op_leverage_ratio": 1.8712372644781563,
      "fcf_margin_change": 0.024461224840622298
    },
    {
      "date": "2022-09-30T00:00:00",
      "quarter_label": "2022-09 (Q3)",
      "revenue": 19383000,
      "gross_profit": 619000,
      "operating_income": -15268000,
      "net_income": -13102000,
      "opex": 15887000,
      "cogs": 18764000,
      "rd": 1318000,
      "sga": 14569000,
      "fcf": -14215000,
      "ocf": -12896000,
      "capex": -1319000,
      "gross_margin": 0.03193520094928546,
      "op_margin": -0.7877005623484497,
      "fcf_margin": -0.7333746066140432,
      "incr_op_margin_yoy": -0.6653128240580712,
      "rev_growth_yoy": 1.4815004480860325,
      "rev_growth_yoy_accel": 0.7520774400822098,
      "op_leverage_ratio": 0.8524927476893208,
      "fcf_margin_change": 0.14719457208320075
    },
    {
      "date": "2022-12-31T00:00:00",
      "quarter_label": "2022-12 (Q4)",
      "revenue": 9045000,
      "gross_profit": -10806000,
      "operating_income": -23215000,
      "net_income": -8918000,
      "opex": 22570000,
      "cogs": 19851000,
      "rd": 2206000,
      "sga": 13162000,
      "fcf": -20222000,
      "ocf": -19066000,
      "capex": -1156000,
      "gross_margin": -1.19469320066335,
      "op_margin": -2.56661138750691,
      "fcf_margin": -2.2357103372028746,
      "incr_op_margin_yoy": -6.33452434122376,
      "rev_growth_yoy": 0.3289744343226565,
      "rev_growth_yoy_accel": -1.1525260137633762,
      "fcf_margin_change": -1.5023357305888314
    },
    {
      "date": "2023-03-31T00:00:00",
      "quarter_label": "2023-03 (Q1)",
      "revenue": 21962000,
      "gross_profit": -1177000,
      "operating_income": -17823000,
      "net_income": -18182000,
      "opex": 16646000,
      "cogs": 23139000,
      "rd": 1517000,
      "sga": 14231000,
      "fcf": -19410000,
      "ocf": -17500000,
      "capex": -1910000,
      "gross_margin": -0.053592568982788455,
      "op_margin": -0.8115381112831254,
      "fcf_margin": -0.8837992896821784,
      "incr_op_margin_yoy": -0.7491677634125571,
      "rev_growth_yoy": 1.4280818131564401,
      "rev_growth_yoy_accel": 1.0991073788337835,
      "op_leverage_ratio": Infinity,
      "fcf_margin_change": 1.3519110475206961
    },
    {
      "date": "2023-06-30T00:00:00",
      "quarter_label": "2023-06 (Q2)",
      "revenue": 23427000,
      "gross_profit": -2345000,
      "operating_income": -19353000,
      "net_income": -20539000,
      "opex": 17008000,
      "cogs": 25772000,
      "rd": 1793000,
      "sga": 14540000,
      "fcf": -20681000,
      "ocf": -19832000,
      "capex": -849000,
      "gross_margin": -0.10009817731677124,
      "op_margin": -0.8260980919451915,
      "fcf_margin": -0.8827848209331114,
      "incr_op_margin_yoy": -0.9918435754189944,
      "rev_growth_yoy": 0.618222007321959,
      "rev_growth_yoy_accel": -0.8098598058344811,
      "op_leverage_ratio": 3.0673762968784355,
      "fcf_margin_change": 0.0010144687490669657
    },
    {
      "date": "2023-09-30T00:00:00",
      "quarter_label": "2023-09 (Q3)",
      "revenue": 17811000,
      "gross_profit": -1966000,
      "operating_income": -71482000,
      "net_income": -72720000,
      "opex": 69516000,
      "cogs": 19777000,
      "rd": 1613000,
      "sga": 11199000,
      "fcf": -14044000,
      "ocf": -12852000,
      "capex": -1192000,
      "gross_margin": -0.11038122508562125,
      "op_margin": -4.013362528774353,
      "fcf_margin": -0.7885014878445904,
      "incr_op_margin_yoy": 35.75954198473283,
      "rev_growth_yoy": -0.08110199659495435,
      "rev_growth_yoy_accel": -0.6993240039169133,
      "fcf_margin_change": 0.09428333308852099
    },
    {
      "date": "2023-12-31T00:00:00",
      "quarter_label": "2023-12 (Q4)",
      "revenue": 7357000,
      "gross_profit": 35145000,
      "operating_income": 63728000,
      "net_income": -29334000,
      "opex": -66936000,
      "cogs": -27788000,
      "rd": -2279000,
      "sga": -8907000,
      "fcf": -5508000,
      "ocf": -4803000,
      "capex": -705000,
      "gross_margin": 4.777083050156314,
      "op_margin": 8.662226450999048,
      "fcf_margin": -0.7486747315481854,
      "incr_op_margin_yoy": -51.50651658767772,
      "rev_growth_yoy": -0.18662244333886124,
      "rev_growth_yoy_accel": -0.1055204467439069,
      "fcf_margin_change": 0.039826756296404975
    },
    {
      "date": "2024-03-31T00:00:00",
      "quarter_label": "2024-03 (Q1)",
      "revenue": 6469000,
      "gross_profit": 2256000,
      "operating_income": -4434000,
      "net_income": -5739000,
      "opex": 3305000,
      "cogs": 4213000,
      "rd": 425000,
      "sga": 2906000,
      "fcf": -2262000,
      "ocf": -2255000,
      "capex": -7000,
      "gross_margin": 0.34874014530839387,
      "op_margin": -0.6854227855928273,
      "fcf_margin": -0.34966764569485237,
      "incr_op_margin_yoy": -0.8641967340089073,
      "rev_growth_yoy": -0.7054457699663055,
      "rev_growth_yoy_accel": -0.5188233266274442,
      "fcf_margin_change": 0.39900708585333305
    },
    {
      "date": "2024-06-30T00:00:00",
      "quarter_label": "2024-06 (Q2)",
      "revenue": 7947000,
      "gross_profit": 4078000,
      "operating_income": -2047000,
      "net_income": -1112000,
      "opex": 2617000,
      "cogs": 3869000,
      "rd": 250000,
      "sga": 2360000,
      "fcf": -4779000,
      "ocf": -4715000,
      "capex": -64000,
      "gross_margin": 0.5131496162073739,
      "op_margin": -0.2575814772870266,
      "fcf_margin": -0.6013590033975085,
      "incr_op_margin_yoy": -1.1179586563307493,
      "rev_growth_yoy": -0.6607760276603919,
      "rev_growth_yoy_accel": 0.044669742305913585,
      "op_leverage_ratio": Infinity,
      "fcf_margin_change": -0.2516913577026561
    },
    {
      "date": "2024-09-30T00:00:00",
      "quarter_label": "2024-09 (Q3)",
      "revenue": 5946000,
      "gross_profit": 2844000,
      "operating_income": -3377000,
      "net_income": -3757000,
      "opex": 2789000,
      "cogs": 3102000,
      "rd": 240000,
      "sga": 2547000,
      "fcf": -3047000,
      "ocf": -2977000,
      "capex": -70000,
      "gross_margin": 0.4783047426841574,
      "op_margin": -0.5679448368651194,
      "fcf_margin": -0.5124453414059872,
      "incr_op_margin_yoy": -5.739991571849979,
      "rev_growth_yoy": -0.6661613609567122,
      "rev_growth_yoy_accel": -0.005385333296320294,
      "fcf_margin_change": 0.08891366199152129
    },
    {
      "date": "2024-12-31T00:00:00",
      "quarter_label": "2024-12 (Q4)",
      "revenue": 4021000,
      "gross_profit": 927000,
      "operating_income": -4092000,
      "net_income": -4556000,
      "opex": 2839000,
      "cogs": 3094000,
      "rd": 218000,
      "sga": 2473000,
      "fcf": -4398000,
      "ocf": -4398000,
      "capex": null,
      "gross_margin": 0.23053966674956478,
      "op_margin": -1.0176572991793087,
      "fcf_margin": -1.0937577716985825,
      "incr_op_margin_yoy": 20.329736211031175,
      "rev_growth_yoy": -0.45344569797471795,
      "rev_growth_yoy_accel": 0.21271566298199424,
      "fcf_margin_change": -0.5813124302925953
    },
    {
      "date": "2025-03-31T00:00:00",
      "quarter_label": "2025-03 (Q1)",
      "revenue": 5956000,
      "gross_profit": 3072000,
      "operating_income": -2570000,
      "net_income": -4328000,
      "opex": 1961000,
      "cogs": 2884000,
      "rd": 162000,
      "sga": 1799000,
      "fcf": -2986000,
      "ocf": -2976000,
      "capex": -10000,
      "gross_margin": 0.5157824042981867,
      "op_margin": -0.4314976494291471,
      "fcf_margin": -0.5013431833445265,
      "rev_growth_yoy": -0.07930128304220127,
      "rev_growth_yoy_accel": 0.3741444149325167,
      "op_leverage_ratio": Infinity,
      "fcf_margin_change": 0.5924145883540559
    },
    {
      "date": "2025-06-30T00:00:00",
      "quarter_label": "2025-06 (Q2)",
      "revenue": 4083000,
      "gross_profit": 1220000,
      "operating_income": -2981000,
      "net_income": -3407000,
      "opex": 2346000,
      "cogs": 2863000,
      "rd": 227000,
      "sga": 2119000,
      "fcf": -3507000,
      "ocf": -3478000,
      "capex": -29000,
      "gross_margin": 0.29879990203281903,
      "op_margin": -0.7301004163605193,
      "fcf_margin": -0.8589272593681117,
      "incr_op_margin_yoy": 0.2417184265010352,
      "rev_growth_yoy": -0.4862212155530389,
      "rev_growth_yoy_accel": -0.4069199325108376,
      "fcf_margin_change": -0.3575840760235851
    },
    {
      "date": "2025-09-30T00:00:00",
      "quarter_label": "2025-09 (Q3)",
      "revenue": 4011000,
      "gross_profit": 1454000,
      "operating_income": -3212000,
      "net_income": 5489000,
      "opex": 2153000,
      "cogs": 2557000,
      "rd": 193000,
      "sga": 1849000,
      "fcf": -4024000,
      "ocf": -4018000,
      "capex": -6000,
      "gross_margin": 0.362503116429818,
      "op_margin": -0.8007978060334081,
      "fcf_margin": -1.0032410870107205,
      "incr_op_margin_yoy": -0.08527131782945736,
      "rev_growth_yoy": -0.32542885973763874,
      "rev_growth_yoy_accel": 0.16079235581540013,
      "fcf_margin_change": -0.1443138276426088
    }
  ],
  "signals": [
    {
      "quarter": "2025-09 (Q3)",
      "signal": "GROSS MARGIN INFLECTION",
      "detail": "GM: +51.6% -> +29.9% -> +36.3% (reversal +6.4%)",
      "severity": "HIGH"
    },
    {
      "quarter": "2025-09 (Q3)",
      "signal": "YoY REVENUE GROWTH ACCELERATION",
      "detail": "YoY growth: -32.5% vs prior quarter YoY: -48.6% (accel: +16.1%)",
      "severity": "HIGH"
    },
    {
      "quarter": "2025-06 (Q2)",
      "signal": "YoY REVENUE GROWTH DECELERATION",
      "detail": "YoY growth: -48.6% vs prior quarter YoY: -7.9% (decel: -40.7%)",
      "severity": "WARNING"
    },
    {
      "quarter": "2025-03 (Q1)",
      "signal": "FCF MARGIN EXPANSION",
      "detail": "FCF margin: -109.4% -> -50.1% (+59.2%)",
      "severity": "MEDIUM"
    },
    {
      "quarter": "2025-03 (Q1)",
      "signal": "GROSS MARGIN INFLECTION",
      "detail": "GM: +47.8% -> +23.1% -> +51.6% (reversal +28.5%)",
      "severity": "HIGH"
    },
    {
      "quarter": "2025-03 (Q1)",
      "signal": "YoY REVENUE GROWTH ACCELERATION",
      "detail": "YoY growth: -7.9% vs prior quarter YoY: -45.3% (accel: +37.4%)",
      "severity": "HIGH"
    },
    {
      "quarter": "2024-12 (Q4)",
      "signal": "YoY REVENUE GROWTH ACCELERATION",
      "detail": "YoY growth: -45.3% vs prior quarter YoY: -66.6% (accel: +21.3%)",
      "severity": "HIGH"
    },
    {
      "quarter": "2024-09 (Q3)",
      "signal": "FCF MARGIN EXPANSION",
      "detail": "FCF margin: -60.1% -> -51.2% (+8.9%)",
      "severity": "MEDIUM"
    },
    {
      "quarter": "2024-06 (Q2)",
      "signal": "GROSS MARGIN INFLECTION",
      "detail": "GM: +477.7% -> +34.9% -> +51.3% (reversal +16.4%)",
      "severity": "HIGH"
    },
    {
      "quarter": "2024-03 (Q1)",
      "signal": "FCF MARGIN EXPANSION",
      "detail": "FCF margin: -74.9% -> -35.0% (+39.9%)",
      "severity": "MEDIUM"
    },
    {
      "quarter": "2024-03 (Q1)",
      "signal": "YoY REVENUE GROWTH DECELERATION",
      "detail": "YoY growth: -70.5% vs prior quarter YoY: -18.7% (decel: -51.9%)",
      "severity": "WARNING"
    },
    {
      "quarter": "2023-12 (Q4)",
      "signal": "GROSS MARGIN INFLECTION",
      "detail": "GM: -10.0% -> -11.0% -> +477.7% (reversal +488.7%)",
      "severity": "HIGH"
    },
    {
      "quarter": "2023-12 (Q4)",
      "signal": "YoY REVENUE GROWTH DECELERATION",
      "detail": "YoY growth: -18.7% vs prior quarter YoY: -8.1% (decel: -10.6%)",
      "severity": "WARNING"
    },
    {
      "quarter": "2023-12 (Q4)",
      "signal": "OP MARGIN TURNED POSITIVE (YoY)",
      "detail": "Op margin: -256.7% (year-ago) -> +866.2%",
      "severity": "HIGH"
    },
    {
      "quarter": "2023-12 (Q4)",
      "signal": "OP MARGIN TURNED POSITIVE (QoQ)",
      "detail": "Op margin: -401.3% -> +866.2%",
      "severity": "HIGH"
    },
    {
      "quarter": "2023-09 (Q3)",
      "signal": "FCF MARGIN EXPANSION",
      "detail": "FCF margin: -88.3% -> -78.9% (+9.4%)",
      "severity": "MEDIUM"
    },
    {
      "quarter": "2023-09 (Q3)",
      "signal": "YoY REVENUE GROWTH DECELERATION",
      "detail": "YoY growth: -8.1% vs prior quarter YoY: +61.8% (decel: -69.9%)",
      "severity": "WARNING"
    },
    {
      "quarter": "2023-06 (Q2)",
      "signal": "OPERATING LEVERAGE",
      "detail": "Rev growth +6.7% vs OpEx growth +2.2% (leverage: 3.1x)",
      "severity": "MEDIUM"
    },
    {
      "quarter": "2023-06 (Q2)",
      "signal": "YoY REVENUE GROWTH DECELERATION",
      "detail": "YoY growth: +61.8% vs prior quarter YoY: +142.8% (decel: -81.0%)",
      "severity": "WARNING"
    },
    {
      "quarter": "2023-03 (Q1)",
      "signal": "FCF MARGIN EXPANSION",
      "detail": "FCF margin: -223.6% -> -88.4% (+135.2%)",
      "severity": "MEDIUM"
    },
    {
      "quarter": "2023-03 (Q1)",
      "signal": "GROSS MARGIN INFLECTION",
      "detail": "GM: +3.2% -> -119.5% -> -5.4% (reversal +114.1%)",
      "severity": "HIGH"
    },
    {
      "quarter": "2023-03 (Q1)",
      "signal": "YoY REVENUE GROWTH ACCELERATION",
      "detail": "YoY growth: +142.8% vs prior quarter YoY: +32.9% (accel: +109.9%)",
      "severity": "HIGH"
    },
    {
      "quarter": "2022-12 (Q4)",
      "signal": "YoY REVENUE GROWTH DECELERATION",
      "detail": "YoY growth: +32.9% vs prior quarter YoY: +148.2% (decel: -115.3%)",
      "severity": "WARNING"
    },
    {
      "quarter": "2022-09 (Q3)",
      "signal": "FCF MARGIN EXPANSION",
      "detail": "FCF margin: -88.1% -> -73.3% (+14.7%)",
      "severity": "MEDIUM"
    },
    {
      "quarter": "2022-09 (Q3)",
      "signal": "YoY REVENUE GROWTH ACCELERATION",
      "detail": "YoY growth: +148.2% vs prior quarter YoY: +72.9% (accel: +75.2%)",
      "severity": "HIGH"
    },
    {
      "quarter": "2022-06 (Q2)",
      "signal": "OPERATING LEVERAGE",
      "detail": "Rev growth +60.1% vs OpEx growth +32.1% (leverage: 1.9x)",
      "severity": "MEDIUM"
    },
    {
      "quarter": "2022-06 (Q2)",
      "signal": "YoY REVENUE GROWTH ACCELERATION",
      "detail": "YoY growth: +72.9% vs prior quarter YoY: +32.9% (accel: +40.0%)",
      "severity": "HIGH"
    },
    {
      "quarter": "2022-03 (Q1)",
      "signal": "GROSS MARGIN INFLECTION",
      "detail": "GM: +5.7% -> -11.3% -> +5.1% (reversal +16.4%)",
      "severity": "HIGH"
    },
    {
      "quarter": "2022-03 (Q1)",
      "signal": "YoY REVENUE GROWTH ACCELERATION",
      "detail": "YoY growth: +32.9% vs prior quarter YoY: -6.9% (accel: +39.8%)",
      "severity": "HIGH"
    },
    {
      "quarter": "2021-09 (Q3)",
      "signal": "FCF MARGIN EXPANSION",
      "detail": "FCF margin: -103.3% -> -77.1% (+26.2%)",
      "severity": "MEDIUM"
    }
  ],
  "data_quality": {
    "n_quarters": 20,
    "coverage": {
      "revenue": [
        20,
        20
      ],
      "gross_profit": [
        20,
        20
      ],
      "op_income": [
        20,
        20
      ],
      "fcf": [
        20,
        20
      ]
    },
    "gaps": [],
    "warnings": []
  },
  "market_cap": null,
  "source": "SEC EDGAR",
  "last_updated": "2026-02-03T00:22:39.844733"
}