{
  "ticker": "XYL",
  "name": "Xylem Inc.",
  "quarters": [
    {
      "date": "2020-12-31T00:00:00",
      "quarter_label": "2020-12 (Q4)",
      "revenue": 1373000000,
      "gross_profit": 526000000,
      "operating_income": 179000000,
      "net_income": 148000000,
      "opex": 347000000,
      "cogs": 847000000,
      "rd": 49000000,
      "sga": 292000000,
      "fcf": 370000000,
      "ocf": 370000000,
      "capex": null,
      "gross_margin": 0.38310269482884196,
      "op_margin": 0.1303714493809177,
      "fcf_margin": 0.269482884195193
    },
    {
      "date": "2021-03-31T00:00:00",
      "quarter_label": "2021-03 (Q1)",
      "revenue": 1256000000,
      "gross_profit": 490000000,
      "operating_income": 133000000,
      "net_income": 87000000,
      "opex": 357000000,
      "cogs": 766000000,
      "rd": 50000000,
      "sga": 301000000,
      "fcf": -26000000,
      "ocf": -26000000,
      "capex": null,
      "gross_margin": 0.39012738853503187,
      "op_margin": 0.10589171974522293,
      "fcf_margin": -0.020700636942675158,
      "fcf_margin_change": -0.29018352113786816
    },
    {
      "date": "2021-06-30T00:00:00",
      "quarter_label": "2021-06 (Q2)",
      "revenue": 1351000000,
      "gross_profit": 520000000,
      "operating_income": 160000000,
      "net_income": 113000000,
      "opex": 360000000,
      "cogs": 831000000,
      "rd": 53000000,
      "sga": 304000000,
      "fcf": 232000000,
      "ocf": 232000000,
      "capex": null,
      "gross_margin": 0.38490007401924503,
      "op_margin": 0.11843079200592153,
      "fcf_margin": 0.17172464840858623,
      "op_leverage_ratio": 9.000796178343949,
      "fcf_margin_change": 0.19242528535126138
    },
    {
      "date": "2021-09-30T00:00:00",
      "quarter_label": "2021-09 (Q3)",
      "revenue": 1265000000,
      "gross_profit": 472000000,
      "operating_income": 152000000,
      "net_income": 114000000,
      "opex": 320000000,
      "cogs": 793000000,
      "rd": 49000000,
      "sga": 273000000,
      "fcf": 112000000,
      "ocf": 112000000,
      "capex": null,
      "gross_margin": 0.3731225296442688,
      "op_margin": 0.12015810276679842,
      "fcf_margin": 0.08853754940711463,
      "fcf_margin_change": -0.0831870990014716
    },
    {
      "date": "2021-12-31T00:00:00",
      "quarter_label": "2021-12 (Q4)",
      "revenue": 1323000000,
      "gross_profit": 493000000,
      "operating_income": 140000000,
      "net_income": 113000000,
      "opex": 353000000,
      "cogs": 830000000,
      "rd": 52000000,
      "sga": 301000000,
      "fcf": 220000000,
      "ocf": 220000000,
      "capex": null,
      "gross_margin": 0.3726379440665155,
      "op_margin": 0.10582010582010581,
      "fcf_margin": 0.16628873771730915,
      "incr_op_margin_yoy": 0.78,
      "rev_growth_yoy": -0.03641660597232338,
      "op_leverage_ratio": 0.44460414420888733,
      "fcf_margin_change": 0.07775118831019452
    },
    {
      "date": "2022-03-31T00:00:00",
      "quarter_label": "2022-03 (Q1)",
      "revenue": 1272000000,
      "gross_profit": 467000000,
      "operating_income": 111000000,
      "net_income": 82000000,
      "opex": 356000000,
      "cogs": 805000000,
      "rd": 52000000,
      "sga": 304000000,
      "fcf": -81000000,
      "ocf": -81000000,
      "capex": null,
      "gross_margin": 0.3671383647798742,
      "op_margin": 0.08726415094339622,
      "fcf_margin": -0.06367924528301887,
      "incr_op_margin_yoy": -1.375,
      "rev_growth_yoy": 0.012738853503184714,
      "rev_growth_yoy_accel": 0.04915545947550809,
      "fcf_margin_change": -0.229967983000328
    },
    {
      "date": "2022-06-30T00:00:00",
      "quarter_label": "2022-06 (Q2)",
      "revenue": 1364000000,
      "gross_profit": 520000000,
      "operating_income": 146000000,
      "net_income": 112000000,
      "opex": 374000000,
      "cogs": 844000000,
      "rd": 53000000,
      "sga": 314000000,
      "fcf": 113000000,
      "ocf": 113000000,
      "capex": null,
      "gross_margin": 0.3812316715542522,
      "op_margin": 0.10703812316715543,
      "fcf_margin": 0.08284457478005865,
      "incr_op_margin_yoy": -1.0769230769230769,
      "rev_growth_yoy": 0.009622501850481125,
      "rev_growth_yoy_accel": -0.003116351652703589,
      "op_leverage_ratio": 1.4304682040531098,
      "fcf_margin_change": 0.14652382006307751
    },
    {
      "date": "2022-09-30T00:00:00",
      "quarter_label": "2022-09 (Q3)",
      "revenue": 1380000000,
      "gross_profit": 524000000,
      "operating_income": 168000000,
      "net_income": 12000000,
      "opex": 356000000,
      "cogs": 856000000,
      "rd": 47000000,
      "sga": 294000000,
      "fcf": 202000000,
      "ocf": 202000000,
      "capex": null,
      "gross_margin": 0.37971014492753624,
      "op_margin": 0.12173913043478261,
      "fcf_margin": 0.1463768115942029,
      "incr_op_margin_yoy": 0.1391304347826087,
      "rev_growth_yoy": 0.09090909090909091,
      "rev_growth_yoy_accel": 0.08128658905860979,
      "op_leverage_ratio": Infinity,
      "fcf_margin_change": 0.06353223681414426
    },
    {
      "date": "2022-12-31T00:00:00",
      "quarter_label": "2022-12 (Q4)",
      "revenue": 1506000000,
      "gross_profit": 573000000,
      "operating_income": 197000000,
      "net_income": 149000000,
      "opex": 376000000,
      "cogs": 933000000,
      "rd": 54000000,
      "sga": 315000000,
      "fcf": 362000000,
      "ocf": 362000000,
      "capex": null,
      "gross_margin": 0.3804780876494024,
      "op_margin": 0.13081009296148738,
      "fcf_margin": 0.2403718459495352,
      "incr_op_margin_yoy": 0.3114754098360656,
      "rev_growth_yoy": 0.1383219954648526,
      "rev_growth_yoy_accel": 0.04741290455576169,
      "op_leverage_ratio": 1.625217391304348,
      "fcf_margin_change": 0.0939950343553323
    },
    {
      "date": "2023-03-31T00:00:00",
      "quarter_label": "2023-03 (Q1)",
      "revenue": 1448000000,
      "gross_profit": 546000000,
      "operating_income": 131000000,
      "net_income": 99000000,
      "opex": 415000000,
      "cogs": 902000000,
      "rd": 53000000,
      "sga": 354000000,
      "fcf": -19000000,
      "ocf": -19000000,
      "capex": null,
      "gross_margin": 0.3770718232044199,
      "op_margin": 0.09046961325966851,
      "fcf_margin": -0.013121546961325966,
      "incr_op_margin_yoy": 0.11363636363636363,
      "rev_growth_yoy": 0.13836477987421383,
      "rev_growth_yoy_accel": 4.2784409361229514e-05,
      "fcf_margin_change": -0.25349339291086115
    },
    {
      "date": "2023-06-30T00:00:00",
      "quarter_label": "2023-06 (Q2)",
      "revenue": 1722000000,
      "gross_profit": 651000000,
      "operating_income": 119000000,
      "net_income": 92000000,
      "opex": 532000000,
      "cogs": 1071000000,
      "rd": 58000000,
      "sga": 446000000,
      "fcf": 28000000,
      "ocf": 28000000,
      "capex": null,
      "gross_margin": 0.3780487804878049,
      "op_margin": 0.06910569105691057,
      "fcf_margin": 0.016260162601626018,
      "incr_op_margin_yoy": -0.07541899441340782,
      "rev_growth_yoy": 0.2624633431085044,
      "rev_growth_yoy_accel": 0.12409856323429055,
      "op_leverage_ratio": 0.6711880814090759,
      "fcf_margin_change": 0.029381709562951983
    },
    {
      "date": "2023-09-30T00:00:00",
      "quarter_label": "2023-09 (Q3)",
      "revenue": 2076000000,
      "gross_profit": 764000000,
      "operating_income": 191000000,
      "net_income": 152000000,
      "opex": 573000000,
      "cogs": 1312000000,
      "rd": 61000000,
      "sga": 491000000,
      "fcf": 373000000,
      "ocf": 373000000,
      "capex": null,
      "gross_margin": 0.36801541425818884,
      "op_margin": 0.09200385356454721,
      "fcf_margin": 0.17967244701348747,
      "incr_op_margin_yoy": 0.033045977011494254,
      "rev_growth_yoy": 0.5043478260869565,
      "rev_growth_yoy_accel": 0.2418844829784521,
      "op_leverage_ratio": 2.667459845330161,
      "fcf_margin_change": 0.16341228441186145
    },
    {
      "date": "2023-12-31T00:00:00",
      "quarter_label": "2023-12 (Q4)",
      "revenue": 2118000000,
      "gross_profit": 756000000,
      "operating_income": 211000000,
      "net_income": 266000000,
      "opex": 545000000,
      "cogs": 1362000000,
      "rd": 60000000,
      "sga": 466000000,
      "fcf": 455000000,
      "ocf": 455000000,
      "capex": null,
      "gross_margin": 0.35694050991501414,
      "op_margin": 0.09962228517469311,
      "fcf_margin": 0.21482530689329557,
      "incr_op_margin_yoy": 0.02287581699346405,
      "rev_growth_yoy": 0.4063745019920319,
      "rev_growth_yoy_accel": -0.0979733240949246,
      "op_leverage_ratio": Infinity,
      "fcf_margin_change": 0.035152859879808096
    },
    {
      "date": "2024-03-31T00:00:00",
      "quarter_label": "2024-03 (Q1)",
      "revenue": 2033000000,
      "gross_profit": 752000000,
      "operating_income": 209000000,
      "net_income": 153000000,
      "opex": 543000000,
      "cogs": 1281000000,
      "rd": 59000000,
      "sga": 474000000,
      "fcf": 89000000,
      "ocf": 89000000,
      "capex": null,
      "gross_margin": 0.36989670437776684,
      "op_margin": 0.102803738317757,
      "fcf_margin": 0.043777668470241025,
      "incr_op_margin_yoy": 0.13333333333333333,
      "rev_growth_yoy": 0.40400552486187846,
      "rev_growth_yoy_accel": -0.002368977130153438,
      "fcf_margin_change": -0.17104763842305454
    },
    {
      "date": "2024-06-30T00:00:00",
      "quarter_label": "2024-06 (Q2)",
      "revenue": 2169000000,
      "gross_profit": 819000000,
      "operating_income": 253000000,
      "net_income": 194000000,
      "opex": 566000000,
      "cogs": 1350000000,
      "rd": 58000000,
      "sga": 485000000,
      "fcf": 288000000,
      "ocf": 288000000,
      "capex": null,
      "gross_margin": 0.3775933609958506,
      "op_margin": 0.11664361456892577,
      "fcf_margin": 0.13278008298755187,
      "incr_op_margin_yoy": 0.29977628635346754,
      "rev_growth_yoy": 0.259581881533101,
      "rev_growth_yoy_accel": -0.14442364332877744,
      "op_leverage_ratio": 1.579332321050493,
      "fcf_margin_change": 0.08900241451731083
    },
    {
      "date": "2024-09-30T00:00:00",
      "quarter_label": "2024-09 (Q3)",
      "revenue": 2104000000,
      "gross_profit": 784000000,
      "operating_income": 280000000,
      "net_income": 217000000,
      "opex": 504000000,
      "cogs": 1320000000,
      "rd": 55000000,
      "sga": 445000000,
      "fcf": 311000000,
      "ocf": 311000000,
      "capex": null,
      "gross_margin": 0.3726235741444867,
      "op_margin": 0.13307984790874525,
      "fcf_margin": 0.14781368821292776,
      "incr_op_margin_yoy": 3.1785714285714284,
      "rev_growth_yoy": 0.01348747591522158,
      "rev_growth_yoy_accel": -0.24609440561787943,
      "fcf_margin_change": 0.01503360522537589
    },
    {
      "date": "2024-12-31T00:00:00",
      "quarter_label": "2024-12 (Q4)",
      "revenue": 2256000000,
      "gross_profit": 857000000,
      "operating_income": 267000000,
      "net_income": 326000000,
      "opex": 590000000,
      "cogs": 1399000000,
      "rd": 58000000,
      "sga": 507000000,
      "fcf": 575000000,
      "ocf": 575000000,
      "capex": null,
      "gross_margin": 0.3798758865248227,
      "op_margin": 0.11835106382978723,
      "fcf_margin": 0.2548758865248227,
      "incr_op_margin_yoy": 0.4057971014492754,
      "rev_growth_yoy": 0.06515580736543909,
      "rev_growth_yoy_accel": 0.051668331450217514,
      "op_leverage_ratio": 0.42337960916084527,
      "fcf_margin_change": 0.10706219831189492
    },
    {
      "date": "2025-03-31T00:00:00",
      "quarter_label": "2025-03 (Q1)",
      "revenue": 2069000000,
      "gross_profit": 768000000,
      "operating_income": 231000000,
      "net_income": 169000000,
      "opex": 537000000,
      "cogs": 1301000000,
      "rd": 56000000,
      "sga": 460000000,
      "fcf": 33000000,
      "ocf": 33000000,
      "capex": null,
      "gross_margin": 0.3711938134364427,
      "op_margin": 0.11164813919768003,
      "fcf_margin": 0.015949734171097147,
      "incr_op_margin_yoy": 0.6111111111111112,
      "rev_growth_yoy": 0.017707820954254796,
      "rev_growth_yoy_accel": -0.04744798641118429,
      "fcf_margin_change": -0.23892615235372552
    },
    {
      "date": "2025-06-30T00:00:00",
      "quarter_label": "2025-06 (Q2)",
      "revenue": 2301000000,
      "gross_profit": 892000000,
      "operating_income": 305000000,
      "net_income": 226000000,
      "opex": 587000000,
      "cogs": 1409000000,
      "rd": 58000000,
      "sga": 503000000,
      "fcf": 305000000,
      "ocf": 305000000,
      "capex": null,
      "gross_margin": 0.3876575401999131,
      "op_margin": 0.13255106475445458,
      "fcf_margin": 0.13255106475445458,
      "incr_op_margin_yoy": 0.3939393939393939,
      "rev_growth_yoy": 0.06085753803596127,
      "rev_growth_yoy_accel": 0.04314971708170648,
      "op_leverage_ratio": 1.204291928467859,
      "fcf_margin_change": 0.11660133058335743
    },
    {
      "date": "2025-09-30T00:00:00",
      "quarter_label": "2025-09 (Q3)",
      "revenue": 2268000000,
      "gross_profit": 883000000,
      "operating_income": 334000000,
      "net_income": 227000000,
      "opex": 549000000,
      "cogs": 1385000000,
      "rd": 52000000,
      "sga": 474000000,
      "fcf": 360000000,
      "ocf": 360000000,
      "capex": null,
      "gross_margin": 0.38932980599647266,
      "op_margin": 0.1472663139329806,
      "fcf_margin": 0.15873015873015872,
      "incr_op_margin_yoy": 0.32926829268292684,
      "rev_growth_yoy": 0.0779467680608365,
      "rev_growth_yoy_accel": 0.01708923002487523,
      "fcf_margin_change": 0.026179093975704143
    }
  ],
  "signals": [
    {
      "quarter": "2025-09 (Q3)",
      "signal": "INCREMENTAL MARGIN (YoY)",
      "detail": "YoY Incr OPM: +32.9% vs year-ago OPM: +13.3%",
      "severity": "MEDIUM"
    },
    {
      "quarter": "2025-06 (Q2)",
      "signal": "FCF MARGIN EXPANSION",
      "detail": "FCF margin: +1.6% -> +13.3% (+11.7%)",
      "severity": "MEDIUM"
    },
    {
      "quarter": "2025-06 (Q2)",
      "signal": "INCREMENTAL MARGIN (YoY)",
      "detail": "YoY Incr OPM: +39.4% vs year-ago OPM: +11.7%",
      "severity": "HIGH"
    },
    {
      "quarter": "2025-03 (Q1)",
      "signal": "INCREMENTAL MARGIN (YoY)",
      "detail": "YoY Incr OPM: +61.1% vs year-ago OPM: +10.3%",
      "severity": "HIGH"
    },
    {
      "quarter": "2024-12 (Q4)",
      "signal": "FCF MARGIN EXPANSION",
      "detail": "FCF margin: +14.8% -> +25.5% (+10.7%)",
      "severity": "MEDIUM"
    },
    {
      "quarter": "2024-12 (Q4)",
      "signal": "YoY REVENUE GROWTH ACCELERATION",
      "detail": "YoY growth: +6.5% vs prior quarter YoY: +1.3% (accel: +5.2%)",
      "severity": "MEDIUM"
    },
    {
      "quarter": "2024-12 (Q4)",
      "signal": "INCREMENTAL MARGIN (YoY)",
      "detail": "YoY Incr OPM: +40.6% vs year-ago OPM: +10.0%",
      "severity": "HIGH"
    },
    {
      "quarter": "2024-09 (Q3)",
      "signal": "YoY REVENUE GROWTH DECELERATION",
      "detail": "YoY growth: +1.3% vs prior quarter YoY: +26.0% (decel: -24.6%)",
      "severity": "WARNING"
    },
    {
      "quarter": "2024-09 (Q3)",
      "signal": "INCREMENTAL MARGIN (YoY)",
      "detail": "YoY Incr OPM: +317.9% vs year-ago OPM: +9.2%",
      "severity": "HIGH"
    },
    {
      "quarter": "2024-06 (Q2)",
      "signal": "FCF MARGIN EXPANSION",
      "detail": "FCF margin: +4.4% -> +13.3% (+8.9%)",
      "severity": "MEDIUM"
    },
    {
      "quarter": "2024-06 (Q2)",
      "signal": "OPERATING LEVERAGE",
      "detail": "Rev growth +6.7% vs OpEx growth +4.2% (leverage: 1.6x)",
      "severity": "MEDIUM"
    },
    {
      "quarter": "2024-06 (Q2)",
      "signal": "YoY REVENUE GROWTH DECELERATION",
      "detail": "YoY growth: +26.0% vs prior quarter YoY: +40.4% (decel: -14.4%)",
      "severity": "WARNING"
    },
    {
      "quarter": "2024-06 (Q2)",
      "signal": "INCREMENTAL MARGIN (YoY)",
      "detail": "YoY Incr OPM: +30.0% vs year-ago OPM: +6.9%",
      "severity": "HIGH"
    },
    {
      "quarter": "2023-12 (Q4)",
      "signal": "YoY REVENUE GROWTH DECELERATION",
      "detail": "YoY growth: +40.6% vs prior quarter YoY: +50.4% (decel: -9.8%)",
      "severity": "WARNING"
    },
    {
      "quarter": "2023-09 (Q3)",
      "signal": "FCF MARGIN EXPANSION",
      "detail": "FCF margin: +1.6% -> +18.0% (+16.3%)",
      "severity": "MEDIUM"
    },
    {
      "quarter": "2023-09 (Q3)",
      "signal": "OPERATING LEVERAGE",
      "detail": "Rev growth +20.6% vs OpEx growth +7.7% (leverage: 2.7x)",
      "severity": "MEDIUM"
    },
    {
      "quarter": "2023-09 (Q3)",
      "signal": "YoY REVENUE GROWTH ACCELERATION",
      "detail": "YoY growth: +50.4% vs prior quarter YoY: +26.2% (accel: +24.2%)",
      "severity": "HIGH"
    },
    {
      "quarter": "2023-06 (Q2)",
      "signal": "FCF TURNED POSITIVE",
      "detail": "FCF margin: -1.3% -> +1.6%",
      "severity": "HIGH"
    },
    {
      "quarter": "2023-06 (Q2)",
      "signal": "YoY REVENUE GROWTH ACCELERATION",
      "detail": "YoY growth: +26.2% vs prior quarter YoY: +13.8% (accel: +12.4%)",
      "severity": "MEDIUM"
    },
    {
      "quarter": "2022-12 (Q4)",
      "signal": "FCF MARGIN EXPANSION",
      "detail": "FCF margin: +14.6% -> +24.0% (+9.4%)",
      "severity": "MEDIUM"
    },
    {
      "quarter": "2022-12 (Q4)",
      "signal": "OPERATING LEVERAGE",
      "detail": "Rev growth +9.1% vs OpEx growth +5.6% (leverage: 1.6x)",
      "severity": "MEDIUM"
    },
    {
      "quarter": "2022-12 (Q4)",
      "signal": "INCREMENTAL MARGIN (YoY)",
      "detail": "YoY Incr OPM: +31.1% vs year-ago OPM: +10.6%",
      "severity": "HIGH"
    },
    {
      "quarter": "2022-09 (Q3)",
      "signal": "FCF MARGIN EXPANSION",
      "detail": "FCF margin: +8.3% -> +14.6% (+6.4%)",
      "severity": "MEDIUM"
    },
    {
      "quarter": "2022-09 (Q3)",
      "signal": "YoY REVENUE GROWTH ACCELERATION",
      "detail": "YoY growth: +9.1% vs prior quarter YoY: +1.0% (accel: +8.1%)",
      "severity": "MEDIUM"
    },
    {
      "quarter": "2022-06 (Q2)",
      "signal": "FCF TURNED POSITIVE",
      "detail": "FCF margin: -6.4% -> +8.3%",
      "severity": "HIGH"
    },
    {
      "quarter": "2021-12 (Q4)",
      "signal": "FCF MARGIN EXPANSION",
      "detail": "FCF margin: +8.9% -> +16.6% (+7.8%)",
      "severity": "MEDIUM"
    },
    {
      "quarter": "2021-12 (Q4)",
      "signal": "INCREMENTAL MARGIN (YoY)",
      "detail": "YoY Incr OPM: +78.0% vs year-ago OPM: +13.0%",
      "severity": "HIGH"
    },
    {
      "quarter": "2021-06 (Q2)",
      "signal": "FCF TURNED POSITIVE",
      "detail": "FCF margin: -2.1% -> +17.2%",
      "severity": "HIGH"
    },
    {
      "quarter": "2021-06 (Q2)",
      "signal": "OPERATING LEVERAGE",
      "detail": "Rev growth +7.6% vs OpEx growth +0.8% (leverage: 9.0x)",
      "severity": "MEDIUM"
    }
  ],
  "data_quality": {
    "n_quarters": 20,
    "coverage": {
      "revenue": [
        20,
        20
      ],
      "gross_profit": [
        20,
        20
      ],
      "op_income": [
        20,
        20
      ],
      "fcf": [
        20,
        20
      ]
    },
    "gaps": [],
    "warnings": []
  },
  "market_cap": null,
  "source": "SEC EDGAR",
  "last_updated": "2026-02-02T20:06:52.948253"
}