{
  "ticker": "YETI",
  "name": "YETI Holdings, Inc.",
  "quarters": [
    {
      "date": "2021-01-02T00:00:00",
      "quarter_label": "2021-01 (Q1)",
      "revenue": 375768000,
      "gross_profit": 224844000,
      "operating_income": 81426000,
      "net_income": 62394000,
      "opex": 143418000,
      "cogs": 150924000,
      "rd": null,
      "sga": 143418000,
      "fcf": 122666000,
      "ocf": 127328000,
      "capex": -4662000,
      "gross_margin": 0.5983585616657087,
      "op_margin": 0.2166922143450214,
      "fcf_margin": 0.32644078261054693
    },
    {
      "date": "2021-04-03T00:00:00",
      "quarter_label": "2021-04 (Q2)",
      "revenue": 247554000,
      "gross_profit": 145184000,
      "operating_income": 40049000,
      "net_income": 30523000,
      "opex": 105135000,
      "cogs": 102370000,
      "rd": null,
      "sga": 105135000,
      "fcf": -53587000,
      "ocf": -40321000,
      "capex": -13266000,
      "gross_margin": 0.5864740622248075,
      "op_margin": 0.16177884421176794,
      "fcf_margin": -0.21646590238897373,
      "fcf_margin_change": -0.5429066849995207
    },
    {
      "date": "2021-07-03T00:00:00",
      "quarter_label": "2021-07 (Q3)",
      "revenue": 357667000,
      "gross_profit": 209117000,
      "operating_income": 72425000,
      "net_income": 56231000,
      "opex": 136692000,
      "cogs": 148550000,
      "rd": null,
      "sga": 136692000,
      "fcf": 49885000,
      "ocf": 62513000,
      "capex": -12628000,
      "gross_margin": 0.5846695389845862,
      "op_margin": 0.20249282153511505,
      "fcf_margin": 0.13947330897175306,
      "op_leverage_ratio": 1.4819046341879718,
      "fcf_margin_change": 0.3559392113607268
    },
    {
      "date": "2021-10-02T00:00:00",
      "quarter_label": "2021-10 (Q4)",
      "revenue": 362643000,
      "gross_profit": 207003000,
      "operating_income": 68729000,
      "net_income": 52967000,
      "opex": 138274000,
      "cogs": 155640000,
      "rd": null,
      "sga": 138274000,
      "fcf": 35742000,
      "ocf": 51007000,
      "capex": -15265000,
      "gross_margin": 0.5708175809266965,
      "op_margin": 0.1895224780293567,
      "fcf_margin": 0.09855974057130566,
      "op_leverage_ratio": 1.2020931390825338,
      "fcf_margin_change": -0.040913568400447395
    },
    {
      "date": "2022-01-01T00:00:00",
      "quarter_label": "2022-01 (Q1)",
      "revenue": 443125000,
      "gross_profit": 254809000,
      "operating_income": 93735000,
      "net_income": 72881000,
      "opex": 161074000,
      "cogs": 188316000,
      "rd": null,
      "sga": 161074000,
      "fcf": 58359000,
      "ocf": 73321000,
      "capex": -14962000,
      "gross_margin": 0.5750273624823695,
      "op_margin": 0.21153173483779972,
      "fcf_margin": 0.131698730606488,
      "incr_op_margin_yoy": 0.18274269934824888,
      "rev_growth_yoy": 0.17925155947286622,
      "op_leverage_ratio": 1.3459382662887587,
      "fcf_margin_change": 0.03313899003518235
    },
    {
      "date": "2022-04-02T00:00:00",
      "quarter_label": "2022-04 (Q2)",
      "revenue": 293628000,
      "gross_profit": 154860000,
      "operating_income": 33290000,
      "net_income": 25659000,
      "opex": 121570000,
      "cogs": 138768000,
      "rd": null,
      "sga": 121570000,
      "fcf": -101225000,
      "ocf": -88556000,
      "capex": -12669000,
      "gross_margin": 0.5274020188810331,
      "op_margin": 0.11337474627760295,
      "fcf_margin": -0.34473892135627393,
      "incr_op_margin_yoy": -0.1466987889048053,
      "rev_growth_yoy": 0.1861169684190116,
      "rev_growth_yoy_accel": 0.006865408946145374,
      "fcf_margin_change": -0.47643765196276194
    },
    {
      "date": "2022-07-02T00:00:00",
      "quarter_label": "2022-07 (Q3)",
      "revenue": 420042000,
      "gross_profit": 219099000,
      "operating_income": 68346000,
      "net_income": 46252000,
      "opex": 150753000,
      "cogs": 200943000,
      "rd": null,
      "sga": 150753000,
      "fcf": 639000,
      "ocf": 13992000,
      "capex": -13353000,
      "gross_margin": 0.5216121245018356,
      "op_margin": 0.16271230019855157,
      "fcf_margin": 0.001521276443784193,
      "incr_op_margin_yoy": -0.06539478957915831,
      "rev_growth_yoy": 0.17439405927860271,
      "rev_growth_yoy_accel": -0.011722909140408883,
      "op_leverage_ratio": 1.793470295682076,
      "fcf_margin_change": 0.3462601978000581
    },
    {
      "date": "2022-10-01T00:00:00",
      "quarter_label": "2022-10 (Q4)",
      "revenue": 433556000,
      "gross_profit": 222407000,
      "operating_income": 68467000,
      "net_income": 45520000,
      "opex": 153940000,
      "cogs": 211149000,
      "rd": null,
      "sga": 153940000,
      "fcf": -4122000,
      "ocf": 2349000,
      "capex": -6471000,
      "gross_margin": 0.5129833285665519,
      "op_margin": 0.1579196228399561,
      "fcf_margin": -0.009507422339905341,
      "incr_op_margin_yoy": -0.0036946681144501008,
      "rev_growth_yoy": 0.19554492986215094,
      "rev_growth_yoy_accel": 0.021150870583548226,
      "op_leverage_ratio": 1.5218613823767118,
      "fcf_margin_change": -0.011028698783689535
    },
    {
      "date": "2022-12-31T00:00:00",
      "quarter_label": "2022-12 (Q4)",
      "revenue": 447996000,
      "gross_profit": 167035000,
      "operating_income": -43742000,
      "net_income": -27738000,
      "opex": 210777000,
      "cogs": 280961000,
      "rd": null,
      "sga": 210777000,
      "fcf": 159673000,
      "ocf": 173109000,
      "capex": -13436000,
      "gross_margin": 0.3728493111545639,
      "op_margin": -0.0976392646362914,
      "fcf_margin": 0.35641612871543493,
      "incr_op_margin_yoy": -28.22356805584069,
      "rev_growth_yoy": 0.010992383638928068,
      "rev_growth_yoy_accel": -0.18455254622322287,
      "op_leverage_ratio": 0.09020743372612988,
      "fcf_margin_change": 0.36592355105534025
    },
    {
      "date": "2023-04-01T00:00:00",
      "quarter_label": "2023-04 (Q2)",
      "revenue": 302796000,
      "gross_profit": 161870000,
      "operating_income": 15098000,
      "net_income": 10564000,
      "opex": 146772000,
      "cogs": 140926000,
      "rd": null,
      "sga": 146772000,
      "fcf": -56770000,
      "ocf": -46688000,
      "capex": -10082000,
      "gross_margin": 0.5345843406121613,
      "op_margin": 0.04986195326226238,
      "fcf_margin": -0.18748596414747884,
      "incr_op_margin_yoy": -1.9842931937172774,
      "rev_growth_yoy": 0.031223180350647757,
      "rev_growth_yoy_accel": 0.02023079671171969,
      "fcf_margin_change": -0.5439020928629138
    },
    {
      "date": "2023-07-01T00:00:00",
      "quarter_label": "2023-07 (Q3)",
      "revenue": 402563000,
      "gross_profit": 214838000,
      "operating_income": 50331000,
      "net_income": 38071000,
      "opex": 164507000,
      "cogs": 187725000,
      "rd": null,
      "sga": 164507000,
      "fcf": 60483000,
      "ocf": 75469000,
      "capex": -14986000,
      "gross_margin": 0.5336754743977962,
      "op_margin": 0.12502639338438953,
      "fcf_margin": 0.15024480640297294,
      "incr_op_margin_yoy": 1.0306653698724184,
      "rev_growth_yoy": -0.04161250541612505,
      "rev_growth_yoy_accel": -0.07283568576677281,
      "op_leverage_ratio": 2.726771830771771,
      "fcf_margin_change": 0.33773077055045175
    },
    {
      "date": "2023-09-30T00:00:00",
      "quarter_label": "2023-09 (Q3)",
      "revenue": 433561000,
      "gross_profit": 251251000,
      "operating_income": 61877000,
      "net_income": 42657000,
      "opex": 189374000,
      "cogs": 182310000,
      "rd": null,
      "sga": 189374000,
      "fcf": 72073000,
      "ocf": 85988000,
      "capex": -13915000,
      "gross_margin": 0.5795055367064842,
      "op_margin": 0.14271809503161031,
      "fcf_margin": 0.16623497039632254,
      "rev_growth_yoy": 1.153253558940483e-05,
      "rev_growth_yoy_accel": 0.04162403795171446,
      "op_leverage_ratio": 0.509402188171214,
      "fcf_margin_change": 0.0159901639933496
    },
    {
      "date": "2023-12-30T00:00:00",
      "quarter_label": "2023-12 (Q4)",
      "revenue": 519793000,
      "gross_profit": 315227000,
      "operating_income": 98152000,
      "net_income": 78593000,
      "opex": 217075000,
      "cogs": 204566000,
      "rd": null,
      "sga": 217075000,
      "fcf": 159484000,
      "ocf": 171173000,
      "capex": -11689000,
      "gross_margin": 0.6064471818589323,
      "op_margin": 0.18882901462697652,
      "fcf_margin": 0.30682213881295056,
      "incr_op_margin_yoy": 1.9763221304511331,
      "rev_growth_yoy": 0.16026259163028242,
      "rev_growth_yoy_accel": 0.160251059094693,
      "op_leverage_ratio": 1.3597001794342343,
      "fcf_margin_change": 0.14058716841662802
    },
    {
      "date": "2024-03-30T00:00:00",
      "quarter_label": "2024-03 (Q1)",
      "revenue": 341394000,
      "gross_profit": 194813000,
      "operating_income": 25817000,
      "net_income": 15855000,
      "opex": 168996000,
      "cogs": 146581000,
      "rd": null,
      "sga": 168996000,
      "fcf": -114318000,
      "ocf": -103674000,
      "capex": -10644000,
      "gross_margin": 0.5706397886313175,
      "op_margin": 0.07562230150500594,
      "fcf_margin": -0.3348565001142375,
      "incr_op_margin_yoy": 0.27770868956940775,
      "rev_growth_yoy": 0.12747196132049302,
      "rev_growth_yoy_accel": -0.032790630309789404,
      "fcf_margin_change": -0.641678638927188
    },
    {
      "date": "2024-06-29T00:00:00",
      "quarter_label": "2024-06 (Q2)",
      "revenue": 463499000,
      "gross_profit": 264306000,
      "operating_income": 67420000,
      "net_income": 50396000,
      "opex": 196886000,
      "cogs": 199193000,
      "rd": null,
      "sga": 196886000,
      "fcf": 44968000,
      "ocf": 55960000,
      "capex": -10992000,
      "gross_margin": 0.5702407124934465,
      "op_margin": 0.14545878200384466,
      "fcf_margin": 0.09701854804433235,
      "incr_op_margin_yoy": 0.28044177497702505,
      "rev_growth_yoy": 0.15137009610918042,
      "rev_growth_yoy_accel": 0.02389813478868741,
      "op_leverage_ratio": 2.1672323508626126,
      "fcf_margin_change": 0.43187504815856986
    },
    {
      "date": "2024-09-28T00:00:00",
      "quarter_label": "2024-09 (Q3)",
      "revenue": 478440000,
      "gross_profit": 277727000,
      "operating_income": 69635000,
      "net_income": 56284000,
      "opex": 208092000,
      "cogs": 200713000,
      "rd": null,
      "sga": 208092000,
      "fcf": 73815000,
      "ocf": 83520000,
      "capex": -9705000,
      "gross_margin": 0.5804844912632723,
      "op_margin": 0.1455459409748349,
      "fcf_margin": 0.15428266867318785,
      "incr_op_margin_yoy": 0.172864814278393,
      "rev_growth_yoy": 0.1035125391813378,
      "rev_growth_yoy_accel": -0.04785755692784262,
      "op_leverage_ratio": 0.5663632717691542,
      "fcf_margin_change": 0.0572641206288555
    },
    {
      "date": "2024-12-28T00:00:00",
      "quarter_label": "2024-12 (Q4)",
      "revenue": 546540000,
      "gross_profit": 326438000,
      "operating_income": 82504000,
      "net_income": 53154000,
      "opex": 243934000,
      "cogs": 220102000,
      "rd": null,
      "sga": 243934000,
      "fcf": 215089000,
      "ocf": 225580000,
      "capex": -10491000,
      "gross_margin": 0.5972810773227943,
      "op_margin": 0.1509569290445347,
      "fcf_margin": 0.3935466754491894,
      "incr_op_margin_yoy": -0.585037574307399,
      "rev_growth_yoy": 0.05145702231465218,
      "rev_growth_yoy_accel": -0.05205551686668563,
      "op_leverage_ratio": 0.8263856725250429,
      "fcf_margin_change": 0.23926400677600157
    },
    {
      "date": "2025-03-29T00:00:00",
      "quarter_label": "2025-03 (Q1)",
      "revenue": 351128000,
      "gross_profit": 201722000,
      "operating_income": 21671000,
      "net_income": 16609000,
      "opex": 180051000,
      "cogs": 149406000,
      "rd": null,
      "sga": 180051000,
      "fcf": -89197000,
      "ocf": -80296000,
      "capex": -8901000,
      "gross_margin": 0.5744970495090109,
      "op_margin": 0.061718233806475134,
      "fcf_margin": -0.2540298694493176,
      "incr_op_margin_yoy": -0.4259297308403534,
      "rev_growth_yoy": 0.02851251047177162,
      "rev_growth_yoy_accel": -0.022944511842880558,
      "fcf_margin_change": -0.647576544898507
    },
    {
      "date": "2025-06-28T00:00:00",
      "quarter_label": "2025-06 (Q2)",
      "revenue": 445892000,
      "gross_profit": 257569000,
      "operating_income": 62024000,
      "net_income": 51151000,
      "opex": 195545000,
      "cogs": 188323000,
      "rd": null,
      "sga": 195545000,
      "fcf": 50153000,
      "ocf": 61195000,
      "capex": -11042000,
      "gross_margin": 0.5776488477030313,
      "op_margin": 0.13910094821167457,
      "fcf_margin": 0.11247790944892486,
      "incr_op_margin_yoy": 0.3064690180042029,
      "rev_growth_yoy": -0.037987136973326806,
      "rev_growth_yoy_accel": -0.06649964744509843,
      "op_leverage_ratio": 3.1362444618068355,
      "fcf_margin_change": 0.3665077788982425
    },
    {
      "date": "2025-09-27T00:00:00",
      "quarter_label": "2025-09 (Q3)",
      "revenue": 487766000,
      "gross_profit": 272522000,
      "operating_income": 54353000,
      "net_income": 39400000,
      "opex": 218169000,
      "cogs": 215244000,
      "rd": null,
      "sga": 218169000,
      "fcf": 89111000,
      "ocf": 100940000,
      "capex": -11829000,
      "gross_margin": 0.5587146295559756,
      "op_margin": 0.11143253117273447,
      "fcf_margin": 0.18269211056121173,
      "incr_op_margin_yoy": -1.63864464936736,
      "rev_growth_yoy": 0.01949251734804782,
      "rev_growth_yoy_accel": 0.057479654321374626,
      "op_leverage_ratio": 0.8116935441699552,
      "fcf_margin_change": 0.07021420111228688
    }
  ],
  "signals": [
    {
      "quarter": "2025-09 (Q3)",
      "signal": "FCF MARGIN EXPANSION",
      "detail": "FCF margin: +11.2% -> +18.3% (+7.0%)",
      "severity": "MEDIUM"
    },
    {
      "quarter": "2025-09 (Q3)",
      "signal": "YoY REVENUE GROWTH ACCELERATION",
      "detail": "YoY growth: +1.9% vs prior quarter YoY: -3.8% (accel: +5.7%)",
      "severity": "MEDIUM"
    },
    {
      "quarter": "2025-06 (Q2)",
      "signal": "FCF TURNED POSITIVE",
      "detail": "FCF margin: -25.4% -> +11.2%",
      "severity": "HIGH"
    },
    {
      "quarter": "2025-06 (Q2)",
      "signal": "OPERATING LEVERAGE",
      "detail": "Rev growth +27.0% vs OpEx growth +8.6% (leverage: 3.1x)",
      "severity": "MEDIUM"
    },
    {
      "quarter": "2025-06 (Q2)",
      "signal": "YoY REVENUE GROWTH DECELERATION",
      "detail": "YoY growth: -3.8% vs prior quarter YoY: +2.9% (decel: -6.6%)",
      "severity": "WARNING"
    },
    {
      "quarter": "2025-06 (Q2)",
      "signal": "INCREMENTAL MARGIN (YoY)",
      "detail": "YoY Incr OPM: +30.6% vs year-ago OPM: +14.5%",
      "severity": "MEDIUM"
    },
    {
      "quarter": "2024-12 (Q4)",
      "signal": "FCF MARGIN EXPANSION",
      "detail": "FCF margin: +15.4% -> +39.4% (+23.9%)",
      "severity": "MEDIUM"
    },
    {
      "quarter": "2024-12 (Q4)",
      "signal": "YoY REVENUE GROWTH DECELERATION",
      "detail": "YoY growth: +5.1% vs prior quarter YoY: +10.4% (decel: -5.2%)",
      "severity": "WARNING"
    },
    {
      "quarter": "2024-09 (Q3)",
      "signal": "FCF MARGIN EXPANSION",
      "detail": "FCF margin: +9.7% -> +15.4% (+5.7%)",
      "severity": "MEDIUM"
    },
    {
      "quarter": "2024-06 (Q2)",
      "signal": "FCF TURNED POSITIVE",
      "detail": "FCF margin: -33.5% -> +9.7%",
      "severity": "HIGH"
    },
    {
      "quarter": "2024-06 (Q2)",
      "signal": "OPERATING LEVERAGE",
      "detail": "Rev growth +35.8% vs OpEx growth +16.5% (leverage: 2.2x)",
      "severity": "MEDIUM"
    },
    {
      "quarter": "2024-06 (Q2)",
      "signal": "INCREMENTAL MARGIN (YoY)",
      "detail": "YoY Incr OPM: +28.0% vs year-ago OPM: +12.5%",
      "severity": "MEDIUM"
    },
    {
      "quarter": "2024-03 (Q1)",
      "signal": "INCREMENTAL MARGIN (YoY)",
      "detail": "YoY Incr OPM: +27.8% vs year-ago OPM: +5.0%",
      "severity": "HIGH"
    },
    {
      "quarter": "2023-12 (Q4)",
      "signal": "FCF MARGIN EXPANSION",
      "detail": "FCF margin: +16.6% -> +30.7% (+14.1%)",
      "severity": "MEDIUM"
    },
    {
      "quarter": "2023-12 (Q4)",
      "signal": "YoY REVENUE GROWTH ACCELERATION",
      "detail": "YoY growth: +16.0% vs prior quarter YoY: +0.0% (accel: +16.0%)",
      "severity": "HIGH"
    },
    {
      "quarter": "2023-12 (Q4)",
      "signal": "OP MARGIN TURNED POSITIVE (YoY)",
      "detail": "Op margin: -9.8% (year-ago) -> +18.9%",
      "severity": "HIGH"
    },
    {
      "quarter": "2023-09 (Q3)",
      "signal": "GROSS MARGIN INFLECTION",
      "detail": "GM: +53.5% -> +53.4% -> +58.0% (reversal +4.6%)",
      "severity": "MEDIUM"
    },
    {
      "quarter": "2023-07 (Q3)",
      "signal": "FCF TURNED POSITIVE",
      "detail": "FCF margin: -18.7% -> +15.0%",
      "severity": "HIGH"
    },
    {
      "quarter": "2023-07 (Q3)",
      "signal": "OPERATING LEVERAGE",
      "detail": "Rev growth +32.9% vs OpEx growth +12.1% (leverage: 2.7x)",
      "severity": "MEDIUM"
    },
    {
      "quarter": "2023-07 (Q3)",
      "signal": "YoY REVENUE GROWTH DECELERATION",
      "detail": "YoY growth: -4.2% vs prior quarter YoY: +3.1% (decel: -7.3%)",
      "severity": "WARNING"
    },
    {
      "quarter": "2023-07 (Q3)",
      "signal": "INCREMENTAL MARGIN (YoY)",
      "detail": "YoY Incr OPM: +103.1% vs year-ago OPM: +16.3%",
      "severity": "HIGH"
    },
    {
      "quarter": "2023-04 (Q2)",
      "signal": "GROSS MARGIN INFLECTION",
      "detail": "GM: +51.3% -> +37.3% -> +53.5% (reversal +16.2%)",
      "severity": "HIGH"
    },
    {
      "quarter": "2023-04 (Q2)",
      "signal": "OP MARGIN TURNED POSITIVE (QoQ)",
      "detail": "Op margin: -9.8% -> +5.0%",
      "severity": "HIGH"
    },
    {
      "quarter": "2022-12 (Q4)",
      "signal": "FCF TURNED POSITIVE",
      "detail": "FCF margin: -1.0% -> +35.6%",
      "severity": "HIGH"
    },
    {
      "quarter": "2022-12 (Q4)",
      "signal": "YoY REVENUE GROWTH DECELERATION",
      "detail": "YoY growth: +1.1% vs prior quarter YoY: +19.6% (decel: -18.5%)",
      "severity": "WARNING"
    },
    {
      "quarter": "2022-10 (Q4)",
      "signal": "OPERATING LEVERAGE",
      "detail": "Rev growth +3.2% vs OpEx growth +2.1% (leverage: 1.5x)",
      "severity": "MEDIUM"
    },
    {
      "quarter": "2022-07 (Q3)",
      "signal": "FCF TURNED POSITIVE",
      "detail": "FCF margin: -34.5% -> +0.2%",
      "severity": "HIGH"
    },
    {
      "quarter": "2022-07 (Q3)",
      "signal": "OPERATING LEVERAGE",
      "detail": "Rev growth +43.1% vs OpEx growth +24.0% (leverage: 1.8x)",
      "severity": "MEDIUM"
    },
    {
      "quarter": "2021-07 (Q3)",
      "signal": "FCF TURNED POSITIVE",
      "detail": "FCF margin: -21.6% -> +13.9%",
      "severity": "HIGH"
    }
  ],
  "data_quality": {
    "n_quarters": 20,
    "coverage": {
      "revenue": [
        20,
        20
      ],
      "gross_profit": [
        20,
        20
      ],
      "op_income": [
        20,
        20
      ],
      "fcf": [
        20,
        20
      ]
    },
    "gaps": [],
    "warnings": []
  },
  "market_cap": null,
  "source": "SEC EDGAR",
  "last_updated": "2026-02-02T21:14:17.449351"
}