{
  "ticker": "YEXT",
  "name": "YEXT, INC.",
  "quarters": [
    {
      "date": "2021-01-31T00:00:00",
      "quarter_label": "2021-01 (Q1)",
      "revenue": 92194000,
      "gross_profit": 70597000,
      "operating_income": -19143000,
      "net_income": -18311000,
      "opex": 89740000,
      "cogs": 21597000,
      "rd": 14505000,
      "sga": null,
      "fcf": 13761000,
      "ocf": 24926000,
      "capex": -11165000,
      "gross_margin": 0.7657439746621255,
      "op_margin": -0.20763824110028853,
      "fcf_margin": 0.14926134021736773
    },
    {
      "date": "2021-04-30T00:00:00",
      "quarter_label": "2021-04 (Q2)",
      "revenue": 91992000,
      "gross_profit": 70138000,
      "operating_income": -17232000,
      "net_income": -17631000,
      "opex": 87370000,
      "cogs": 21854000,
      "rd": 13857000,
      "sga": null,
      "fcf": 27606000,
      "ocf": 35063000,
      "capex": -7457000,
      "gross_margin": 0.7624358639881729,
      "op_margin": -0.18732063657709366,
      "fcf_margin": 0.30009131228802505,
      "fcf_margin_change": 0.15082997207065732
    },
    {
      "date": "2021-07-31T00:00:00",
      "quarter_label": "2021-07 (Q3)",
      "revenue": 98124000,
      "gross_profit": 71509000,
      "operating_income": -26412000,
      "net_income": -27592000,
      "opex": 97921000,
      "cogs": 26615000,
      "rd": 18500000,
      "sga": null,
      "fcf": -35712000,
      "ocf": -32614000,
      "capex": -3098000,
      "gross_margin": 0.7287615669968611,
      "op_margin": -0.2691696221107986,
      "fcf_margin": -0.3639476580653051,
      "op_leverage_ratio": 0.5519767663222646,
      "fcf_margin_change": -0.6640389703533301
    },
    {
      "date": "2021-10-31T00:00:00",
      "quarter_label": "2021-10 (Q4)",
      "revenue": 99529000,
      "gross_profit": 74274000,
      "operating_income": -24354000,
      "net_income": -24926000,
      "opex": 98628000,
      "cogs": 25255000,
      "rd": 17986000,
      "sga": null,
      "fcf": -11502000,
      "ocf": -9724000,
      "capex": -1778000,
      "gross_margin": 0.7462548603924485,
      "op_margin": -0.24469250168292658,
      "fcf_margin": -0.11556430789016267,
      "op_leverage_ratio": 1.9831588694430862,
      "fcf_margin_change": 0.24838335017514243
    },
    {
      "date": "2022-01-31T00:00:00",
      "quarter_label": "2022-01 (Q1)",
      "revenue": 100932000,
      "gross_profit": 76357000,
      "operating_income": -21961000,
      "net_income": -23110000,
      "opex": 98318000,
      "cogs": 24575000,
      "rd": 18007000,
      "sga": null,
      "fcf": 28039000,
      "ocf": 29124000,
      "capex": -1085000,
      "gross_margin": 0.7565192406768914,
      "op_margin": -0.21758213450640035,
      "fcf_margin": 0.27780089565251853,
      "incr_op_margin_yoy": -0.3224994277866789,
      "rev_growth_yoy": 0.09477840206521032,
      "op_leverage_ratio": Infinity,
      "fcf_margin_change": 0.39336520354268123
    },
    {
      "date": "2022-04-30T00:00:00",
      "quarter_label": "2022-04 (Q2)",
      "revenue": 98802000,
      "gross_profit": 74074000,
      "operating_income": -25502000,
      "net_income": -25839000,
      "opex": 99576000,
      "cogs": 24728000,
      "rd": 17302000,
      "sga": null,
      "fcf": 16217000,
      "ocf": 17861000,
      "capex": -1644000,
      "gross_margin": 0.7497216655533289,
      "op_margin": -0.25811218396388735,
      "fcf_margin": 0.16413635351511102,
      "incr_op_margin_yoy": -1.2143906020558002,
      "rev_growth_yoy": 0.07402817636316202,
      "rev_growth_yoy_accel": -0.020750225702048306,
      "fcf_margin_change": -0.11366454213740751
    },
    {
      "date": "2022-07-31T00:00:00",
      "quarter_label": "2022-07 (Q3)",
      "revenue": 100869000,
      "gross_profit": 73787000,
      "operating_income": -19521000,
      "net_income": -19991000,
      "opex": 93308000,
      "cogs": 27082000,
      "rd": 18819000,
      "sga": null,
      "fcf": -27397000,
      "ocf": -25166000,
      "capex": -2231000,
      "gross_margin": 0.7315131507202411,
      "op_margin": -0.1935282395978943,
      "fcf_margin": -0.2716097116061426,
      "incr_op_margin_yoy": 2.5103825136612024,
      "rev_growth_yoy": 0.02797480738657209,
      "rev_growth_yoy_accel": -0.046053368976589924,
      "op_leverage_ratio": Infinity,
      "fcf_margin_change": -0.43574606512125363
    },
    {
      "date": "2022-10-31T00:00:00",
      "quarter_label": "2022-10 (Q4)",
      "revenue": 99280000,
      "gross_profit": 73617000,
      "operating_income": -12132000,
      "net_income": -12310000,
      "opex": 85749000,
      "cogs": 25663000,
      "rd": 17649000,
      "sga": null,
      "fcf": -12312000,
      "ocf": -10787000,
      "capex": -1525000,
      "gross_margin": 0.7415088638195004,
      "op_margin": -0.12219983883964544,
      "fcf_margin": -0.12401289282836422,
      "rev_growth_yoy": -0.0025017833998131197,
      "rev_growth_yoy_accel": -0.030476590786385212,
      "fcf_margin_change": 0.1475968187777784
    },
    {
      "date": "2023-01-31T00:00:00",
      "quarter_label": "2023-01 (Q1)",
      "revenue": 101899000,
      "gross_profit": 75412000,
      "operating_income": -7673000,
      "net_income": -7798000,
      "opex": 83085000,
      "cogs": 26487000,
      "rd": 17133000,
      "sga": null,
      "fcf": 35152000,
      "ocf": 35945000,
      "capex": -793000,
      "gross_margin": 0.7400661439268295,
      "op_margin": -0.07530005201228668,
      "fcf_margin": 0.34496903796896927,
      "rev_growth_yoy": 0.00958070780327349,
      "rev_growth_yoy_accel": 0.01208249120308661,
      "op_leverage_ratio": Infinity,
      "fcf_margin_change": 0.4689819307973335
    },
    {
      "date": "2023-04-30T00:00:00",
      "quarter_label": "2023-04 (Q2)",
      "revenue": 99453000,
      "gross_profit": 78103000,
      "operating_income": -1232000,
      "net_income": -412000,
      "opex": 79335000,
      "cogs": 21350000,
      "rd": 16753000,
      "sga": null,
      "fcf": 25800000,
      "ocf": 26744000,
      "capex": -944000,
      "gross_margin": 0.7853257317526872,
      "op_margin": -0.01238776105295969,
      "fcf_margin": 0.2594190220506169,
      "rev_growth_yoy": 0.0065889354466508775,
      "rev_growth_yoy_accel": -0.0029917723566226127,
      "fcf_margin_change": -0.08555001591835237
    },
    {
      "date": "2023-07-31T00:00:00",
      "quarter_label": "2023-07 (Q3)",
      "revenue": 102598000,
      "gross_profit": 80205000,
      "operating_income": -4231000,
      "net_income": -3437000,
      "opex": 84436000,
      "cogs": 22393000,
      "rd": 18890000,
      "sga": null,
      "fcf": -7657000,
      "ocf": -7034000,
      "capex": -623000,
      "gross_margin": 0.7817403848028227,
      "op_margin": -0.04123862063587984,
      "fcf_margin": -0.07463108442659701,
      "incr_op_margin_yoy": 8.843262001156738,
      "rev_growth_yoy": 0.017141044324817337,
      "rev_growth_yoy_accel": 0.01055210887816646,
      "op_leverage_ratio": 0.4918268839195764,
      "fcf_margin_change": -0.3340501064772139
    },
    {
      "date": "2023-10-31T00:00:00",
      "quarter_label": "2023-10 (Q4)",
      "revenue": 101164000,
      "gross_profit": 79098000,
      "operating_income": -1781000,
      "net_income": -468000,
      "opex": 80879000,
      "cogs": 22066000,
      "rd": 18291000,
      "sga": null,
      "fcf": -2326000,
      "ocf": -1573000,
      "capex": -753000,
      "gross_margin": 0.7818789292633743,
      "op_margin": -0.017605076904827804,
      "fcf_margin": -0.022992368826855403,
      "incr_op_margin_yoy": 5.4941613588110405,
      "rev_growth_yoy": 0.018976631748589847,
      "rev_growth_yoy_accel": 0.0018355874237725098,
      "fcf_margin_change": 0.051638715599741605
    },
    {
      "date": "2024-01-31T00:00:00",
      "quarter_label": "2024-01 (Q1)",
      "revenue": 101107000,
      "gross_profit": 79448000,
      "operating_income": 1043000,
      "net_income": 1687000,
      "opex": 78405000,
      "cogs": 21659000,
      "rd": 18106000,
      "sga": null,
      "fcf": 27612000,
      "ocf": 28020000,
      "capex": -408000,
      "gross_margin": 0.7857813999030729,
      "op_margin": 0.010315804049175625,
      "fcf_margin": 0.2730968182222794,
      "rev_growth_yoy": -0.0077724020844169225,
      "rev_growth_yoy_accel": -0.02674903383300677,
      "fcf_margin_change": 0.2960891870491348
    },
    {
      "date": "2024-04-30T00:00:00",
      "quarter_label": "2024-04 (Q2)",
      "revenue": 95990000,
      "gross_profit": 74444000,
      "operating_income": -5426000,
      "net_income": -3817000,
      "opex": 79870000,
      "cogs": 21546000,
      "rd": 17059000,
      "sga": null,
      "fcf": 37662000,
      "ocf": 38309000,
      "capex": -647000,
      "gross_margin": 0.7755391186581936,
      "op_margin": -0.05652672153349307,
      "fcf_margin": 0.3923533701427232,
      "incr_op_margin_yoy": 1.2110886514582733,
      "rev_growth_yoy": -0.034820467959739775,
      "rev_growth_yoy_accel": -0.027048065875322852,
      "fcf_margin_change": 0.11925655192044382
    },
    {
      "date": "2024-07-31T00:00:00",
      "quarter_label": "2024-07 (Q3)",
      "revenue": 97887000,
      "gross_profit": 75594000,
      "operating_income": -7566000,
      "net_income": -4057000,
      "opex": 83160000,
      "cogs": 22293000,
      "rd": 18580000,
      "sga": null,
      "fcf": -11194000,
      "ocf": -10649000,
      "capex": -545000,
      "gross_margin": 0.7722578074718809,
      "op_margin": -0.07729320543075179,
      "fcf_margin": -0.11435634966849531,
      "incr_op_margin_yoy": 0.707917639566971,
      "rev_growth_yoy": -0.045917074406908516,
      "rev_growth_yoy_accel": -0.011096606447168741,
      "op_leverage_ratio": 0.47976562274882356,
      "fcf_margin_change": -0.5067097198112185
    },
    {
      "date": "2024-10-31T00:00:00",
      "quarter_label": "2024-10 (Q4)",
      "revenue": 113989000,
      "gross_profit": 87742000,
      "operating_income": -10368000,
      "net_income": -12799000,
      "opex": 98110000,
      "cogs": 26247000,
      "rd": 21070000,
      "sga": null,
      "fcf": -16372000,
      "ocf": -15795000,
      "capex": -577000,
      "gross_margin": 0.7697409399152549,
      "op_margin": -0.0909561448911737,
      "fcf_margin": -0.14362789391958874,
      "incr_op_margin_yoy": -0.669551656920078,
      "rev_growth_yoy": 0.12677434660551185,
      "rev_growth_yoy_accel": 0.17269142101242035,
      "op_leverage_ratio": 0.9150147431276382,
      "fcf_margin_change": -0.029271544251093434
    },
    {
      "date": "2025-01-31T00:00:00",
      "quarter_label": "2025-01 (Q1)",
      "revenue": 113091000,
      "gross_profit": 86813000,
      "operating_income": -9088000,
      "net_income": -7275000,
      "opex": 95901000,
      "cogs": 26278000,
      "rd": 20492000,
      "sga": null,
      "fcf": 38030000,
      "ocf": 38346000,
      "capex": -316000,
      "gross_margin": 0.7676384504514064,
      "op_margin": -0.08036006401924115,
      "fcf_margin": 0.33627786472840454,
      "incr_op_margin_yoy": -0.8453771695594126,
      "rev_growth_yoy": 0.11852789618918572,
      "rev_growth_yoy_accel": -0.008246450416326129,
      "fcf_margin_change": 0.4799057586479933
    },
    {
      "date": "2025-04-30T00:00:00",
      "quarter_label": "2025-04 (Q2)",
      "revenue": 109483000,
      "gross_profit": 82378000,
      "operating_income": 1118000,
      "net_income": 770000,
      "opex": 81260000,
      "cogs": 27105000,
      "rd": 21896000,
      "sga": null,
      "fcf": 37163000,
      "ocf": 37725000,
      "capex": -562000,
      "gross_margin": 0.7524273174830796,
      "op_margin": 0.010211631029474895,
      "fcf_margin": 0.339440826429674,
      "incr_op_margin_yoy": 0.48499221818720817,
      "rev_growth_yoy": 0.1405667257005938,
      "rev_growth_yoy_accel": 0.022038829511408092,
      "fcf_margin_change": 0.003162961701269451
    },
    {
      "date": "2025-07-31T00:00:00",
      "quarter_label": "2025-07 (Q3)",
      "revenue": 113094000,
      "gross_profit": 85034000,
      "operating_income": 29674000,
      "net_income": 26751000,
      "opex": 55360000,
      "cogs": 28060000,
      "rd": 23352000,
      "sga": null,
      "fcf": 7834000,
      "ocf": 8407000,
      "capex": -573000,
      "gross_margin": 0.7518878101402373,
      "op_margin": 0.2623835039878331,
      "fcf_margin": 0.06926981095371991,
      "incr_op_margin_yoy": 2.448872229894128,
      "rev_growth_yoy": 0.15535260044745472,
      "rev_growth_yoy_accel": 0.01478587474686091,
      "op_leverage_ratio": Infinity,
      "fcf_margin_change": -0.27017101547595407
    },
    {
      "date": "2025-10-31T00:00:00",
      "quarter_label": "2025-10 (Q4)",
      "revenue": 111998000,
      "gross_profit": 82795000,
      "operating_income": 7780000,
      "net_income": 6136000,
      "opex": 75015000,
      "cogs": 29203000,
      "rd": 22614000,
      "sga": null,
      "fcf": -20335000,
      "ocf": -19820000,
      "capex": -515000,
      "gross_margin": 0.7392542723977213,
      "op_margin": 0.06946552617011018,
      "fcf_margin": -0.18156574224539723,
      "incr_op_margin_yoy": -9.115017579105977,
      "rev_growth_yoy": -0.017466597654159612,
      "rev_growth_yoy_accel": -0.17281919810161434,
      "fcf_margin_change": -0.25083555319911716
    }
  ],
  "signals": [
    {
      "quarter": "2025-10 (Q4)",
      "signal": "YoY REVENUE GROWTH DECELERATION",
      "detail": "YoY growth: -1.7% vs prior quarter YoY: +15.5% (decel: -17.3%)",
      "severity": "WARNING"
    },
    {
      "quarter": "2025-10 (Q4)",
      "signal": "OP MARGIN TURNED POSITIVE (YoY)",
      "detail": "Op margin: -9.1% (year-ago) -> +6.9%",
      "severity": "HIGH"
    },
    {
      "quarter": "2025-07 (Q3)",
      "signal": "OP MARGIN TURNED POSITIVE (YoY)",
      "detail": "Op margin: -7.7% (year-ago) -> +26.2%",
      "severity": "HIGH"
    },
    {
      "quarter": "2025-04 (Q2)",
      "signal": "OP MARGIN TURNED POSITIVE (YoY)",
      "detail": "Op margin: -5.7% (year-ago) -> +1.0%",
      "severity": "HIGH"
    },
    {
      "quarter": "2025-04 (Q2)",
      "signal": "OP MARGIN TURNED POSITIVE (QoQ)",
      "detail": "Op margin: -8.0% -> +1.0%",
      "severity": "HIGH"
    },
    {
      "quarter": "2025-01 (Q1)",
      "signal": "FCF TURNED POSITIVE",
      "detail": "FCF margin: -14.4% -> +33.6%",
      "severity": "HIGH"
    },
    {
      "quarter": "2024-10 (Q4)",
      "signal": "YoY REVENUE GROWTH ACCELERATION",
      "detail": "YoY growth: +12.7% vs prior quarter YoY: -4.6% (accel: +17.3%)",
      "severity": "HIGH"
    },
    {
      "quarter": "2024-04 (Q2)",
      "signal": "FCF MARGIN EXPANSION",
      "detail": "FCF margin: +27.3% -> +39.2% (+11.9%)",
      "severity": "MEDIUM"
    },
    {
      "quarter": "2024-01 (Q1)",
      "signal": "FCF TURNED POSITIVE",
      "detail": "FCF margin: -2.3% -> +27.3%",
      "severity": "HIGH"
    },
    {
      "quarter": "2024-01 (Q1)",
      "signal": "OP MARGIN TURNED POSITIVE (YoY)",
      "detail": "Op margin: -7.5% (year-ago) -> +1.0%",
      "severity": "HIGH"
    },
    {
      "quarter": "2024-01 (Q1)",
      "signal": "OP MARGIN TURNED POSITIVE (QoQ)",
      "detail": "Op margin: -1.8% -> +1.0%",
      "severity": "HIGH"
    },
    {
      "quarter": "2023-10 (Q4)",
      "signal": "FCF MARGIN EXPANSION",
      "detail": "FCF margin: -7.5% -> -2.3% (+5.2%)",
      "severity": "MEDIUM"
    },
    {
      "quarter": "2023-04 (Q2)",
      "signal": "GROSS MARGIN INFLECTION",
      "detail": "GM: +74.2% -> +74.0% -> +78.5% (reversal +4.5%)",
      "severity": "MEDIUM"
    },
    {
      "quarter": "2023-01 (Q1)",
      "signal": "FCF TURNED POSITIVE",
      "detail": "FCF margin: -12.4% -> +34.5%",
      "severity": "HIGH"
    },
    {
      "quarter": "2022-10 (Q4)",
      "signal": "FCF MARGIN EXPANSION",
      "detail": "FCF margin: -27.2% -> -12.4% (+14.8%)",
      "severity": "MEDIUM"
    },
    {
      "quarter": "2022-01 (Q1)",
      "signal": "FCF TURNED POSITIVE",
      "detail": "FCF margin: -11.6% -> +27.8%",
      "severity": "HIGH"
    },
    {
      "quarter": "2021-10 (Q4)",
      "signal": "FCF MARGIN EXPANSION",
      "detail": "FCF margin: -36.4% -> -11.6% (+24.8%)",
      "severity": "MEDIUM"
    },
    {
      "quarter": "2021-10 (Q4)",
      "signal": "OPERATING LEVERAGE",
      "detail": "Rev growth +1.4% vs OpEx growth +0.7% (leverage: 2.0x)",
      "severity": "MEDIUM"
    },
    {
      "quarter": "2021-04 (Q2)",
      "signal": "FCF MARGIN EXPANSION",
      "detail": "FCF margin: +14.9% -> +30.0% (+15.1%)",
      "severity": "MEDIUM"
    }
  ],
  "data_quality": {
    "n_quarters": 20,
    "coverage": {
      "revenue": [
        20,
        20
      ],
      "gross_profit": [
        20,
        20
      ],
      "op_income": [
        20,
        20
      ],
      "fcf": [
        20,
        20
      ]
    },
    "gaps": [],
    "warnings": []
  },
  "market_cap": null,
  "source": "SEC EDGAR",
  "last_updated": "2026-02-02T22:03:44.583476"
}