{
  "ticker": "ZBRA",
  "name": "Zebra Technologies Corporation",
  "sector": "Technology",
  "industry": "Communication Equipment",
  "quarters": [
    {
      "date": "2021-04-03T00:00:00",
      "quarter_label": "2021-04 (Q2)",
      "revenue": 1347000000,
      "gross_profit": 655000000,
      "operating_income": 272000000,
      "net_income": 228000000,
      "opex": 383000000,
      "cogs": 692000000,
      "rd": 140000000,
      "sga": null,
      "fcf": 214000000,
      "ocf": 224000000,
      "capex": -10000000,
      "gross_margin": 0.4862657757980698,
      "op_margin": 0.20193021529324426,
      "fcf_margin": 0.1588715664439495
    },
    {
      "date": "2021-07-03T00:00:00",
      "quarter_label": "2021-07 (Q3)",
      "revenue": 1377000000,
      "gross_profit": 658000000,
      "operating_income": 247000000,
      "net_income": 219000000,
      "opex": 411000000,
      "cogs": 719000000,
      "rd": 141000000,
      "sga": null,
      "fcf": 300000000,
      "ocf": 315000000,
      "capex": -15000000,
      "gross_margin": 0.47785039941902685,
      "op_margin": 0.1793754538852578,
      "fcf_margin": 0.2178649237472767,
      "op_leverage_ratio": 0.30464524339802734,
      "fcf_margin_change": 0.05899335730332719
    },
    {
      "date": "2021-10-02T00:00:00",
      "quarter_label": "2021-10 (Q4)",
      "revenue": 1436000000,
      "gross_profit": 646000000,
      "operating_income": 237000000,
      "net_income": 199000000,
      "opex": 409000000,
      "cogs": 790000000,
      "rd": 141000000,
      "sga": null,
      "fcf": 284000000,
      "ocf": 297000000,
      "capex": -13000000,
      "gross_margin": 0.44986072423398327,
      "op_margin": 0.16504178272980502,
      "fcf_margin": 0.1977715877437326,
      "op_leverage_ratio": null,
      "fcf_margin_change": -0.0200933360035441
    },
    {
      "date": "2021-12-31T00:00:00",
      "quarter_label": "2021-12 (Q4)",
      "revenue": 1467000000,
      "gross_profit": 669000000,
      "operating_income": 223000000,
      "net_income": 191000000,
      "opex": 446000000,
      "cogs": 798000000,
      "rd": 145000000,
      "sga": null,
      "fcf": 212000000,
      "ocf": 233000000,
      "capex": -21000000,
      "gross_margin": 0.4560327198364008,
      "op_margin": 0.1520109066121336,
      "fcf_margin": 0.1445126107702795,
      "op_leverage_ratio": 0.23863208612512235,
      "fcf_margin_change": -0.05325897697345311
    },
    {
      "date": "2022-04-02T00:00:00",
      "quarter_label": "2022-04 (Q2)",
      "revenue": 1432000000,
      "gross_profit": 637000000,
      "operating_income": 212000000,
      "net_income": 205000000,
      "opex": 425000000,
      "cogs": 795000000,
      "rd": 137000000,
      "sga": null,
      "fcf": 40000000,
      "ocf": 54000000,
      "capex": -14000000,
      "gross_margin": 0.4448324022346369,
      "op_margin": 0.14804469273743018,
      "fcf_margin": 0.027932960893854747,
      "incr_op_margin_yoy": -0.7058823529411765,
      "rev_growth_yoy": 0.06310319227913883,
      "fcf_margin_change": -0.11657964987642475
    },
    {
      "date": "2022-07-02T00:00:00",
      "quarter_label": "2022-07 (Q3)",
      "revenue": 1468000000,
      "gross_profit": 674000000,
      "operating_income": -145000000,
      "net_income": -98000000,
      "opex": 819000000,
      "cogs": 794000000,
      "rd": 148000000,
      "sga": null,
      "fcf": 83000000,
      "ocf": 100000000,
      "capex": -17000000,
      "gross_margin": 0.4591280653950954,
      "op_margin": -0.09877384196185286,
      "fcf_margin": 0.05653950953678474,
      "incr_op_margin_yoy": -4.3076923076923075,
      "rev_growth_yoy": 0.06608569353667393,
      "rev_growth_yoy_accel": 0.002982501257535103,
      "op_leverage_ratio": 0.027117658735785387,
      "fcf_margin_change": 0.028606548642929996
    },
    {
      "date": "2022-10-01T00:00:00",
      "quarter_label": "2022-10 (Q4)",
      "revenue": 1378000000,
      "gross_profit": 628000000,
      "operating_income": 202000000,
      "net_income": 170000000,
      "opex": 426000000,
      "cogs": 750000000,
      "rd": 143000000,
      "sga": null,
      "fcf": 47000000,
      "ocf": 67000000,
      "capex": -20000000,
      "gross_margin": 0.45573294629898403,
      "op_margin": 0.14658925979680695,
      "fcf_margin": 0.034107402031930335,
      "incr_op_margin_yoy": 0.603448275862069,
      "rev_growth_yoy": -0.0403899721448468,
      "rev_growth_yoy_accel": -0.10647566568152073,
      "fcf_margin_change": -0.022432107504854408
    },
    {
      "date": "2022-12-31T00:00:00",
      "quarter_label": "2022-12 (Q4)",
      "revenue": 1503000000,
      "gross_profit": 685000000,
      "operating_income": 260000000,
      "net_income": 186000000,
      "opex": 425000000,
      "cogs": 818000000,
      "rd": 142000000,
      "sga": null,
      "fcf": 243000000,
      "ocf": 267000000,
      "capex": -24000000,
      "gross_margin": 0.45575515635395875,
      "op_margin": 0.17298735861610112,
      "fcf_margin": 0.16167664670658682,
      "incr_op_margin_yoy": 1.0277777777777777,
      "rev_growth_yoy": 0.024539877300613498,
      "rev_growth_yoy_accel": 0.06492984944546029,
      "op_leverage_ratio": null,
      "fcf_margin_change": 0.1275692446746565
    },
    {
      "date": "2023-04-01T00:00:00",
      "quarter_label": "2023-04 (Q2)",
      "revenue": 1405000000,
      "gross_profit": 667000000,
      "operating_income": 225000000,
      "net_income": 150000000,
      "opex": 442000000,
      "cogs": 738000000,
      "rd": 146000000,
      "sga": null,
      "fcf": -92000000,
      "ocf": -76000000,
      "capex": -16000000,
      "gross_margin": 0.47473309608540926,
      "op_margin": 0.1601423487544484,
      "fcf_margin": -0.06548042704626335,
      "incr_op_margin_yoy": -0.48148148148148145,
      "rev_growth_yoy": -0.018854748603351956,
      "rev_growth_yoy_accel": -0.04339462590396545,
      "fcf_margin_change": -0.22715707375285016
    },
    {
      "date": "2023-07-01T00:00:00",
      "quarter_label": "2023-07 (Q3)",
      "revenue": 1214000000,
      "gross_profit": 581000000,
      "operating_income": 194000000,
      "net_income": 144000000,
      "opex": 387000000,
      "cogs": 633000000,
      "rd": 130000000,
      "sga": null,
      "fcf": -52000000,
      "ocf": -34000000,
      "capex": -18000000,
      "gross_margin": 0.4785831960461285,
      "op_margin": 0.15980230642504117,
      "fcf_margin": -0.042833607907743,
      "incr_op_margin_yoy": -1.3346456692913387,
      "rev_growth_yoy": -0.17302452316076294,
      "rev_growth_yoy_accel": -0.154169774557411,
      "fcf_margin_change": 0.022646819138520347
    },
    {
      "date": "2023-09-30T00:00:00",
      "quarter_label": "2023-09 (Q3)",
      "revenue": 956000000,
      "gross_profit": 427000000,
      "operating_income": -12000000,
      "net_income": -15000000,
      "opex": 439000000,
      "cogs": 529000000,
      "rd": 127000000,
      "sga": null,
      "fcf": -49000000,
      "ocf": -35000000,
      "capex": -14000000,
      "gross_margin": 0.446652719665272,
      "op_margin": -0.012552301255230125,
      "fcf_margin": -0.051255230125523014,
      "incr_op_margin_yoy": 0.5071090047393365,
      "rev_growth_yoy": -0.3062409288824383,
      "rev_growth_yoy_accel": -0.13321640572167537,
      "fcf_margin_change": -0.008421622217780013
    },
    {
      "date": "2023-12-31T00:00:00",
      "quarter_label": "2023-12 (Q4)",
      "revenue": 1009000000,
      "gross_profit": 448000000,
      "operating_income": 74000000,
      "net_income": 17000000,
      "opex": 374000000,
      "cogs": 561000000,
      "rd": 116000000,
      "sga": null,
      "fcf": 102000000,
      "ocf": 141000000,
      "capex": -39000000,
      "gross_margin": 0.44400396432111,
      "op_margin": 0.07333994053518335,
      "fcf_margin": 0.10109018830525272,
      "incr_op_margin_yoy": 0.3765182186234818,
      "rev_growth_yoy": -0.3286759813705922,
      "rev_growth_yoy_accel": -0.02243505248815386,
      "op_leverage_ratio": null,
      "fcf_margin_change": 0.15234541843077573
    },
    {
      "date": "2024-03-30T00:00:00",
      "quarter_label": "2024-03 (Q1)",
      "revenue": 1175000000,
      "gross_profit": 563000000,
      "operating_income": 159000000,
      "net_income": 115000000,
      "opex": 404000000,
      "cogs": 612000000,
      "rd": 138000000,
      "sga": null,
      "fcf": 111000000,
      "ocf": 125000000,
      "capex": -14000000,
      "gross_margin": 0.47914893617021276,
      "op_margin": 0.13531914893617022,
      "fcf_margin": 0.09446808510638298,
      "incr_op_margin_yoy": 0.28695652173913044,
      "rev_growth_yoy": -0.16370106761565836,
      "rev_growth_yoy_accel": 0.1649749137549338,
      "op_leverage_ratio": 2.0510075982821276,
      "fcf_margin_change": -0.006622103198869744
    },
    {
      "date": "2024-06-29T00:00:00",
      "quarter_label": "2024-06 (Q2)",
      "revenue": 1217000000,
      "gross_profit": 589000000,
      "operating_income": 167000000,
      "net_income": 113000000,
      "opex": 422000000,
      "cogs": 628000000,
      "rd": 146000000,
      "sga": null,
      "fcf": 278000000,
      "ocf": 288000000,
      "capex": -10000000,
      "gross_margin": 0.48397699260476584,
      "op_margin": 0.1372226787181594,
      "fcf_margin": 0.228430566967954,
      "incr_op_margin_yoy": -9.0,
      "rev_growth_yoy": 0.002471169686985173,
      "rev_growth_yoy_accel": 0.16617223730264355,
      "op_leverage_ratio": 0.8022695035460994,
      "fcf_margin_change": 0.133962481861571
    },
    {
      "date": "2024-09-28T00:00:00",
      "quarter_label": "2024-09 (Q3)",
      "revenue": 1255000000,
      "gross_profit": 613000000,
      "operating_income": 191000000,
      "net_income": 137000000,
      "opex": 422000000,
      "cogs": 642000000,
      "rd": 141000000,
      "sga": null,
      "fcf": 277000000,
      "ocf": 294000000,
      "capex": -17000000,
      "gross_margin": 0.48844621513944225,
      "op_margin": 0.15219123505976095,
      "fcf_margin": 0.22071713147410357,
      "incr_op_margin_yoy": 0.6789297658862876,
      "rev_growth_yoy": 0.3127615062761506,
      "rev_growth_yoy_accel": 0.31029033658916544,
      "op_leverage_ratio": null,
      "fcf_margin_change": -0.0077134354938504235
    },
    {
      "date": "2024-12-31T00:00:00",
      "quarter_label": "2024-12 (Q4)",
      "revenue": 1334000000,
      "gross_profit": 648000000,
      "operating_income": 225000000,
      "net_income": 163000000,
      "opex": 423000000,
      "cogs": 686000000,
      "rd": 138000000,
      "sga": null,
      "fcf": 288000000,
      "ocf": 306000000,
      "capex": -18000000,
      "gross_margin": 0.48575712143928035,
      "op_margin": 0.1686656671664168,
      "fcf_margin": 0.2158920539730135,
      "incr_op_margin_yoy": 0.4646153846153846,
      "rev_growth_yoy": 0.32210109018830524,
      "rev_growth_yoy_accel": 0.009339583912154614,
      "op_leverage_ratio": 26.56414342629482,
      "fcf_margin_change": -0.004825077501090069
    },
    {
      "date": "2025-03-29T00:00:00",
      "quarter_label": "2025-03 (Q1)",
      "revenue": 1308000000,
      "gross_profit": 645000000,
      "operating_income": 195000000,
      "net_income": 136000000,
      "opex": 450000000,
      "cogs": 663000000,
      "rd": 151000000,
      "sga": null,
      "fcf": 158000000,
      "ocf": 178000000,
      "capex": -20000000,
      "gross_margin": 0.49311926605504586,
      "op_margin": 0.14908256880733944,
      "fcf_margin": 0.12079510703363915,
      "incr_op_margin_yoy": 0.2706766917293233,
      "rev_growth_yoy": 0.11319148936170213,
      "rev_growth_yoy_accel": -0.2089096008266031,
      "fcf_margin_change": -0.09509694693937436
    },
    {
      "date": "2025-06-28T00:00:00",
      "quarter_label": "2025-06 (Q2)",
      "revenue": 1293000000,
      "gross_profit": 616000000,
      "operating_income": 183000000,
      "net_income": 112000000,
      "opex": 433000000,
      "cogs": 677000000,
      "rd": 144000000,
      "sga": null,
      "fcf": 130000000,
      "ocf": 147000000,
      "capex": -17000000,
      "gross_margin": 0.47641144624903325,
      "op_margin": 0.14153132250580047,
      "fcf_margin": 0.10054137664346481,
      "incr_op_margin_yoy": 0.21052631578947367,
      "rev_growth_yoy": 0.062448644207066556,
      "rev_growth_yoy_accel": -0.05074284515463558,
      "fcf_margin_change": -0.020253730390174335
    },
    {
      "date": "2025-09-27T00:00:00",
      "quarter_label": "2025-09 (Q3)",
      "revenue": 1320000000,
      "gross_profit": 634000000,
      "operating_income": 183000000,
      "net_income": 101000000,
      "opex": 451000000,
      "cogs": 686000000,
      "rd": 146000000,
      "sga": null,
      "fcf": 216000000,
      "ocf": 235000000,
      "capex": -19000000,
      "gross_margin": 0.4803030303030303,
      "op_margin": 0.13863636363636364,
      "fcf_margin": 0.16363636363636364,
      "incr_op_margin_yoy": -0.12307692307692308,
      "rev_growth_yoy": 0.05179282868525897,
      "rev_growth_yoy_accel": -0.01065581552180759,
      "op_leverage_ratio": 0.5023201856148493,
      "fcf_margin_change": 0.06309498699289882
    },
    {
      "date": "2025-12-31T00:00:00",
      "quarter_label": "2025-12 (Q4)",
      "revenue": 1475000000,
      "gross_profit": 698000000,
      "operating_income": 139000000,
      "net_income": 70000000,
      "opex": 559000000,
      "cogs": 777000000,
      "rd": 152000000,
      "sga": null,
      "fcf": 327000000,
      "ocf": 357000000,
      "capex": -30000000,
      "gross_margin": 0.4732203389830508,
      "op_margin": 0.09423728813559322,
      "fcf_margin": 0.2216949152542373,
      "incr_op_margin_yoy": -0.6099290780141844,
      "rev_growth_yoy": 0.10569715142428786,
      "rev_growth_yoy_accel": 0.05390432273902889,
      "op_leverage_ratio": 0.490354938271605,
      "fcf_margin_change": 0.058058551617873655
    }
  ],
  "signals": [
    {
      "quarter": "2025-12 (Q4)",
      "signal": "FCF MARGIN EXPANSION",
      "detail": "FCF margin: +16.4% -> +22.2% (+5.8%)",
      "severity": "MEDIUM"
    },
    {
      "quarter": "2025-12 (Q4)",
      "signal": "YoY REVENUE GROWTH ACCELERATION",
      "detail": "YoY growth: +10.6% vs prior quarter YoY: +5.2% (accel: +5.4%)",
      "severity": "MEDIUM"
    },
    {
      "quarter": "2025-09 (Q3)",
      "signal": "FCF MARGIN EXPANSION",
      "detail": "FCF margin: +10.1% -> +16.4% (+6.3%)",
      "severity": "MEDIUM"
    },
    {
      "quarter": "2025-06 (Q2)",
      "signal": "YoY REVENUE GROWTH DECELERATION",
      "detail": "YoY growth: +6.2% vs prior quarter YoY: +11.3% (decel: -5.1%)",
      "severity": "WARNING"
    },
    {
      "quarter": "2025-03 (Q1)",
      "signal": "YoY REVENUE GROWTH DECELERATION",
      "detail": "YoY growth: +11.3% vs prior quarter YoY: +32.2% (decel: -20.9%)",
      "severity": "WARNING"
    },
    {
      "quarter": "2025-03 (Q1)",
      "signal": "INCREMENTAL MARGIN (YoY)",
      "detail": "YoY Incr OPM: +27.1% vs year-ago OPM: +13.5%",
      "severity": "MEDIUM"
    },
    {
      "quarter": "2024-12 (Q4)",
      "signal": "OPERATING LEVERAGE",
      "detail": "Rev growth +6.3% vs OpEx growth +0.2% (leverage: 26.6x)",
      "severity": "MEDIUM"
    },
    {
      "quarter": "2024-12 (Q4)",
      "signal": "INCREMENTAL MARGIN (YoY)",
      "detail": "YoY Incr OPM: +46.5% vs year-ago OPM: +7.3%",
      "severity": "HIGH"
    },
    {
      "quarter": "2024-09 (Q3)",
      "signal": "YoY REVENUE GROWTH ACCELERATION",
      "detail": "YoY growth: +31.3% vs prior quarter YoY: +0.2% (accel: +31.0%)",
      "severity": "HIGH"
    },
    {
      "quarter": "2024-09 (Q3)",
      "signal": "OP MARGIN TURNED POSITIVE (YoY)",
      "detail": "Op margin: -1.3% (year-ago) -> +15.2%",
      "severity": "HIGH"
    },
    {
      "quarter": "2024-06 (Q2)",
      "signal": "FCF MARGIN EXPANSION",
      "detail": "FCF margin: +9.4% -> +22.8% (+13.4%)",
      "severity": "MEDIUM"
    },
    {
      "quarter": "2024-06 (Q2)",
      "signal": "YoY REVENUE GROWTH ACCELERATION",
      "detail": "YoY growth: +0.2% vs prior quarter YoY: -16.4% (accel: +16.6%)",
      "severity": "HIGH"
    },
    {
      "quarter": "2024-03 (Q1)",
      "signal": "OPERATING LEVERAGE",
      "detail": "Rev growth +16.5% vs OpEx growth +8.0% (leverage: 2.1x)",
      "severity": "MEDIUM"
    },
    {
      "quarter": "2024-03 (Q1)",
      "signal": "GROSS MARGIN INFLECTION",
      "detail": "GM: +44.7% -> +44.4% -> +47.9% (reversal +3.5%)",
      "severity": "MEDIUM"
    },
    {
      "quarter": "2024-03 (Q1)",
      "signal": "YoY REVENUE GROWTH ACCELERATION",
      "detail": "YoY growth: -16.4% vs prior quarter YoY: -32.9% (accel: +16.5%)",
      "severity": "HIGH"
    },
    {
      "quarter": "2024-03 (Q1)",
      "signal": "INCREMENTAL MARGIN (YoY)",
      "detail": "YoY Incr OPM: +28.7% vs year-ago OPM: +16.0%",
      "severity": "MEDIUM"
    },
    {
      "quarter": "2023-12 (Q4)",
      "signal": "FCF TURNED POSITIVE",
      "detail": "FCF margin: -5.1% -> +10.1%",
      "severity": "HIGH"
    },
    {
      "quarter": "2023-12 (Q4)",
      "signal": "INCREMENTAL MARGIN (YoY)",
      "detail": "YoY Incr OPM: +37.7% vs year-ago OPM: +17.3%",
      "severity": "HIGH"
    },
    {
      "quarter": "2023-12 (Q4)",
      "signal": "OP MARGIN TURNED POSITIVE (QoQ)",
      "detail": "Op margin: -1.3% -> +7.3%",
      "severity": "HIGH"
    },
    {
      "quarter": "2023-09 (Q3)",
      "signal": "YoY REVENUE GROWTH DECELERATION",
      "detail": "YoY growth: -30.6% vs prior quarter YoY: -17.3% (decel: -13.3%)",
      "severity": "WARNING"
    },
    {
      "quarter": "2023-07 (Q3)",
      "signal": "YoY REVENUE GROWTH DECELERATION",
      "detail": "YoY growth: -17.3% vs prior quarter YoY: -1.9% (decel: -15.4%)",
      "severity": "WARNING"
    },
    {
      "quarter": "2023-07 (Q3)",
      "signal": "OP MARGIN TURNED POSITIVE (YoY)",
      "detail": "Op margin: -9.9% (year-ago) -> +16.0%",
      "severity": "HIGH"
    },
    {
      "quarter": "2022-12 (Q4)",
      "signal": "FCF MARGIN EXPANSION",
      "detail": "FCF margin: +3.4% -> +16.2% (+12.8%)",
      "severity": "MEDIUM"
    },
    {
      "quarter": "2022-12 (Q4)",
      "signal": "YoY REVENUE GROWTH ACCELERATION",
      "detail": "YoY growth: +2.5% vs prior quarter YoY: -4.0% (accel: +6.5%)",
      "severity": "MEDIUM"
    },
    {
      "quarter": "2022-12 (Q4)",
      "signal": "INCREMENTAL MARGIN (YoY)",
      "detail": "YoY Incr OPM: +102.8% vs year-ago OPM: +15.2%",
      "severity": "HIGH"
    },
    {
      "quarter": "2022-10 (Q4)",
      "signal": "YoY REVENUE GROWTH DECELERATION",
      "detail": "YoY growth: -4.0% vs prior quarter YoY: +6.6% (decel: -10.6%)",
      "severity": "WARNING"
    },
    {
      "quarter": "2022-10 (Q4)",
      "signal": "INCREMENTAL MARGIN (YoY)",
      "detail": "YoY Incr OPM: +60.3% vs year-ago OPM: +16.5%",
      "severity": "HIGH"
    },
    {
      "quarter": "2022-10 (Q4)",
      "signal": "OP MARGIN TURNED POSITIVE (QoQ)",
      "detail": "Op margin: -9.9% -> +14.7%",
      "severity": "HIGH"
    },
    {
      "quarter": "2021-07 (Q3)",
      "signal": "FCF MARGIN EXPANSION",
      "detail": "FCF margin: +15.9% -> +21.8% (+5.9%)",
      "severity": "MEDIUM"
    }
  ],
  "data_quality": {
    "n_quarters": 20,
    "coverage": {
      "revenue": [
        20,
        20
      ],
      "gross_profit": [
        20,
        20
      ],
      "op_income": [
        20,
        20
      ],
      "fcf": [
        20,
        20
      ]
    },
    "gaps": [],
    "warnings": []
  },
  "market_cap": null,
  "source": "SEC EDGAR",
  "last_updated": "2026-02-13T11:39:47.505815"
}