{
  "ticker": "ZD",
  "name": "ZIFF DAVIS, INC.",
  "quarters": [
    {
      "date": "2020-12-31T00:00:00",
      "quarter_label": "2020-12 (Q4)",
      "revenue": 469240000,
      "gross_profit": 409213000,
      "operating_income": 128886000,
      "net_income": 58088000,
      "opex": 280327000,
      "cogs": 60027000,
      "rd": 21022000,
      "sga": null,
      "fcf": 102784000,
      "ocf": 124070000,
      "capex": -21286000,
      "gross_margin": 0.8720761230926605,
      "op_margin": 0.2746696786292729,
      "fcf_margin": 0.21904355979882362
    },
    {
      "date": "2021-03-31T00:00:00",
      "quarter_label": "2021-03 (Q1)",
      "revenue": 398185000,
      "gross_profit": 340363000,
      "operating_income": 78480000,
      "net_income": 77922000,
      "opex": 261883000,
      "cogs": 57822000,
      "rd": 21351000,
      "sga": null,
      "fcf": 152455000,
      "ocf": 178724000,
      "capex": -26269000,
      "gross_margin": 0.8547860918919598,
      "op_margin": 0.19709431545638334,
      "fcf_margin": 0.38287479437949695,
      "fcf_margin_change": 0.16383123458067333
    },
    {
      "date": "2021-06-30T00:00:00",
      "quarter_label": "2021-06 (Q2)",
      "revenue": 429044000,
      "gross_profit": 365707000,
      "operating_income": 94284000,
      "net_income": 15717000,
      "opex": 271423000,
      "cogs": 63337000,
      "rd": 19644000,
      "sga": null,
      "fcf": 79801000,
      "ocf": 111298000,
      "capex": -31497000,
      "gross_margin": 0.8523764462386142,
      "op_margin": 0.21975368493674308,
      "fcf_margin": 0.18599724037627843,
      "op_leverage_ratio": 2.127432969499523,
      "fcf_margin_change": -0.19687755400321852
    },
    {
      "date": "2021-09-30T00:00:00",
      "quarter_label": "2021-09 (Q3)",
      "revenue": 444252000,
      "gross_profit": 379950000,
      "operating_income": 96141000,
      "net_income": 42569000,
      "opex": 283809000,
      "cogs": 64302000,
      "rd": 21639000,
      "sga": null,
      "fcf": 110501000,
      "ocf": 140230000,
      "capex": -29729000,
      "gross_margin": 0.8552578266389347,
      "op_margin": 0.2164109559439237,
      "fcf_margin": 0.24873495223431746,
      "op_leverage_ratio": 0.7767581910123411,
      "fcf_margin_change": 0.06273771185803903
    },
    {
      "date": "2021-12-31T00:00:00",
      "quarter_label": "2021-12 (Q4)",
      "revenue": 408628000,
      "gross_profit": 362910000,
      "operating_income": -68936000,
      "net_income": 360506000,
      "opex": 211587000,
      "cogs": 2591000,
      "rd": 16240000,
      "sga": null,
      "fcf": 60039000,
      "ocf": 86284000,
      "capex": -26245000,
      "gross_margin": 0.8881182885166949,
      "op_margin": -0.16870111690828823,
      "fcf_margin": 0.14692825748602642,
      "incr_op_margin_yoy": 3.263743153170989,
      "rev_growth_yoy": -0.12917057369363225,
      "fcf_margin_change": -0.10180669474829104
    },
    {
      "date": "2022-03-31T00:00:00",
      "quarter_label": "2022-03 (Q1)",
      "revenue": 315068000,
      "gross_profit": 268968000,
      "operating_income": 30562000,
      "net_income": 24537000,
      "opex": 238406000,
      "cogs": 46100000,
      "rd": 18427000,
      "sga": null,
      "fcf": 86009000,
      "ocf": 116511000,
      "capex": -30502000,
      "gross_margin": 0.8536823796767682,
      "op_margin": 0.09700128226287659,
      "fcf_margin": 0.2729855142381962,
      "incr_op_margin_yoy": 0.5765126267791186,
      "rev_growth_yoy": -0.20873965618996196,
      "rev_growth_yoy_accel": -0.07956908249632971,
      "fcf_margin_change": 0.1260572567521698
    },
    {
      "date": "2022-06-30T00:00:00",
      "quarter_label": "2022-06 (Q2)",
      "revenue": 337356000,
      "gross_profit": 291352000,
      "operating_income": 45887000,
      "net_income": -46436000,
      "opex": 245465000,
      "cogs": 46004000,
      "rd": 19721000,
      "sga": null,
      "fcf": 52599000,
      "ocf": 75973000,
      "capex": -23374000,
      "gross_margin": 0.863633668883909,
      "op_margin": 0.13601951647517757,
      "fcf_margin": 0.15591541279834953,
      "incr_op_margin_yoy": 0.5278444289329028,
      "rev_growth_yoy": -0.2137030234661247,
      "rev_growth_yoy_accel": -0.004963367276162728,
      "op_leverage_ratio": 2.389135613990766,
      "fcf_margin_change": -0.1170701014398467
    },
    {
      "date": "2022-09-30T00:00:00",
      "quarter_label": "2022-09 (Q3)",
      "revenue": 341873000,
      "gross_profit": 289270000,
      "operating_income": 29034000,
      "net_income": 18185000,
      "opex": 260236000,
      "cogs": 52603000,
      "rd": 17735000,
      "sga": null,
      "fcf": 73844000,
      "ocf": 100735000,
      "capex": -26891000,
      "gross_margin": 0.8461329207044721,
      "op_margin": 0.08492627379172968,
      "fcf_margin": 0.21599833856432066,
      "incr_op_margin_yoy": 0.6554762207093252,
      "rev_growth_yoy": -0.2304525359480655,
      "rev_growth_yoy_accel": -0.016749512481940815,
      "op_leverage_ratio": 0.22250579692845712,
      "fcf_margin_change": 0.06008292576597113
    },
    {
      "date": "2022-12-31T00:00:00",
      "quarter_label": "2022-12 (Q4)",
      "revenue": 396700000,
      "gross_profit": 345853000,
      "operating_income": 93458000,
      "net_income": 67471000,
      "opex": 252395000,
      "cogs": 50847000,
      "rd": 18210000,
      "sga": null,
      "fcf": 17838000,
      "ocf": 43225000,
      "capex": -25387000,
      "gross_margin": 0.8718250567179229,
      "op_margin": 0.23558860599949585,
      "fcf_margin": 0.04496596924628182,
      "incr_op_margin_yoy": -13.614520456069751,
      "rev_growth_yoy": -0.029190363851718432,
      "rev_growth_yoy_accel": 0.20126217209634706,
      "op_leverage_ratio": Infinity,
      "fcf_margin_change": -0.17103236931803883
    },
    {
      "date": "2023-03-31T00:00:00",
      "quarter_label": "2023-03 (Q1)",
      "revenue": 307142000,
      "gross_profit": 261412000,
      "operating_income": 26315000,
      "net_income": -7627000,
      "opex": 280827000,
      "cogs": 45730000,
      "rd": 17914000,
      "sga": null,
      "fcf": 85290000,
      "ocf": 115307000,
      "capex": -30017000,
      "gross_margin": 0.8511112124033835,
      "op_margin": 0.08567698328460452,
      "fcf_margin": 0.2776891470394801,
      "incr_op_margin_yoy": 0.5358314408276558,
      "rev_growth_yoy": -0.025156474157959553,
      "rev_growth_yoy_accel": 0.004033889693758879,
      "fcf_margin_change": 0.2327231777931983
    },
    {
      "date": "2023-06-30T00:00:00",
      "quarter_label": "2023-06 (Q2)",
      "revenue": 326016000,
      "gross_profit": 278595000,
      "operating_income": 38895000,
      "net_income": 16679000,
      "opex": 239700000,
      "cogs": 47421000,
      "rd": 17817000,
      "sga": null,
      "fcf": 14495000,
      "ocf": 39728000,
      "capex": -25233000,
      "gross_margin": 0.8545439487632509,
      "op_margin": 0.1193039605418139,
      "fcf_margin": 0.044461008048684726,
      "incr_op_margin_yoy": 0.61657848324515,
      "rev_growth_yoy": -0.03361434211930424,
      "rev_growth_yoy_accel": -0.008457867961344685,
      "op_leverage_ratio": Infinity,
      "fcf_margin_change": -0.2332281389907954
    },
    {
      "date": "2023-09-30T00:00:00",
      "quarter_label": "2023-09 (Q3)",
      "revenue": 340985000,
      "gross_profit": 285459000,
      "operating_income": -13319000,
      "net_income": -30971000,
      "opex": 298778000,
      "cogs": 55526000,
      "rd": 17597000,
      "sga": null,
      "fcf": 45582000,
      "ocf": 72808000,
      "capex": -27226000,
      "gross_margin": 0.8371599923750311,
      "op_margin": -0.03906036922445269,
      "fcf_margin": 0.13367743449125327,
      "rev_growth_yoy": -0.0025974557803628835,
      "rev_growth_yoy_accel": 0.031016886338941355,
      "op_leverage_ratio": 0.1862928227713648,
      "fcf_margin_change": 0.08921642644256855
    },
    {
      "date": "2023-12-31T00:00:00",
      "quarter_label": "2023-12 (Q4)",
      "revenue": 389885000,
      "gross_profit": 341270000,
      "operating_income": 80720000,
      "net_income": 63422000,
      "opex": 260550000,
      "cogs": 48615000,
      "rd": 15532000,
      "sga": null,
      "fcf": 65866000,
      "ocf": 92119000,
      "capex": -26253000,
      "gross_margin": 0.8753093861010298,
      "op_margin": 0.2070354078766816,
      "fcf_margin": 0.16893699424189185,
      "incr_op_margin_yoy": 1.8691122523844461,
      "rev_growth_yoy": -0.017179228636249055,
      "rev_growth_yoy_accel": -0.01458177285588617,
      "op_leverage_ratio": Infinity,
      "fcf_margin_change": 0.035259559750638575
    },
    {
      "date": "2024-03-31T00:00:00",
      "quarter_label": "2024-03 (Q1)",
      "revenue": 314485000,
      "gross_profit": 267418000,
      "operating_income": 35861000,
      "net_income": 10627000,
      "opex": 231557000,
      "cogs": 47067000,
      "rd": 17774000,
      "sga": null,
      "fcf": 47429000,
      "ocf": 75558000,
      "capex": -28129000,
      "gross_margin": 0.8503362640507497,
      "op_margin": 0.1140308758764329,
      "fcf_margin": 0.15081482423645007,
      "incr_op_margin_yoy": 1.3000136184120932,
      "rev_growth_yoy": 0.023907508579093708,
      "rev_growth_yoy_accel": 0.04108673721534276,
      "fcf_margin_change": -0.01812217000544178
    },
    {
      "date": "2024-06-30T00:00:00",
      "quarter_label": "2024-06 (Q2)",
      "revenue": 320800000,
      "gross_profit": 268210000,
      "operating_income": 28569000,
      "net_income": 36910000,
      "opex": 239641000,
      "cogs": 52590000,
      "rd": 16795000,
      "sga": null,
      "fcf": 25060000,
      "ocf": 50564000,
      "capex": -25504000,
      "gross_margin": 0.8360660847880299,
      "op_margin": 0.08905548628428928,
      "fcf_margin": 0.07811720698254364,
      "incr_op_margin_yoy": 1.9796779141104295,
      "rev_growth_yoy": -0.015999214762465647,
      "rev_growth_yoy_accel": -0.039906723341559355,
      "op_leverage_ratio": 0.5751816583771413,
      "fcf_margin_change": -0.07269761725390643
    },
    {
      "date": "2024-09-30T00:00:00",
      "quarter_label": "2024-09 (Q3)",
      "revenue": 353580000,
      "gross_profit": 300337000,
      "operating_income": -29304000,
      "net_income": -48577000,
      "opex": 329641000,
      "cogs": 53243000,
      "rd": 15255000,
      "sga": null,
      "fcf": 80117000,
      "ocf": 105960000,
      "capex": -25843000,
      "gross_margin": 0.8494173878613044,
      "op_margin": -0.08287799083658579,
      "fcf_margin": 0.22658804231008542,
      "incr_op_margin_yoy": -1.2691544263596666,
      "rev_growth_yoy": 0.03693710867046938,
      "rev_growth_yoy_accel": 0.05293632343293503,
      "op_leverage_ratio": 0.27207786021058467,
      "fcf_margin_change": 0.1484708353275418
    },
    {
      "date": "2024-12-31T00:00:00",
      "quarter_label": "2024-12 (Q4)",
      "revenue": 412823000,
      "gross_profit": 365400000,
      "operating_income": 78522000,
      "net_income": 64087000,
      "opex": 286878000,
      "cogs": 47423000,
      "rd": 17549000,
      "sga": null,
      "fcf": 131074000,
      "ocf": 158233000,
      "capex": -27159000,
      "gross_margin": 0.8851251020413107,
      "op_margin": 0.19020742545836836,
      "fcf_margin": 0.31750653427740216,
      "incr_op_margin_yoy": -0.09582352428284942,
      "rev_growth_yoy": 0.05883273272888159,
      "rev_growth_yoy_accel": 0.021895624058412215,
      "op_leverage_ratio": Infinity,
      "fcf_margin_change": 0.09091849196731674
    },
    {
      "date": "2025-03-31T00:00:00",
      "quarter_label": "2025-03 (Q1)",
      "revenue": 328636000,
      "gross_profit": 281428000,
      "operating_income": 35130000,
      "net_income": 24239000,
      "opex": 246298000,
      "cogs": 47208000,
      "rd": 15876000,
      "sga": null,
      "fcf": -5006000,
      "ocf": 20613000,
      "capex": -25619000,
      "gross_margin": 0.8563517082729829,
      "op_margin": 0.10689638384108863,
      "fcf_margin": -0.01523265862534841,
      "incr_op_margin_yoy": -0.051657126704826514,
      "rev_growth_yoy": 0.04499737666343387,
      "rev_growth_yoy_accel": -0.013835356065447724,
      "fcf_margin_change": -0.33273919290275056
    },
    {
      "date": "2025-06-30T00:00:00",
      "quarter_label": "2025-06 (Q2)",
      "revenue": 352209000,
      "gross_profit": 303235000,
      "operating_income": 33483000,
      "net_income": 26343000,
      "opex": 269752000,
      "cogs": 48974000,
      "rd": 16478000,
      "sga": null,
      "fcf": 26941000,
      "ocf": 57074000,
      "capex": -30133000,
      "gross_margin": 0.8609518780042531,
      "op_margin": 0.09506571382332649,
      "fcf_margin": 0.07649151498116176,
      "incr_op_margin_yoy": 0.15645197236460887,
      "rev_growth_yoy": 0.09790835411471321,
      "rev_growth_yoy_accel": 0.052910977451279345,
      "op_leverage_ratio": 0.7532578819319963,
      "fcf_margin_change": 0.09172417360651017
    },
    {
      "date": "2025-09-30T00:00:00",
      "quarter_label": "2025-09 (Q3)",
      "revenue": 363711000,
      "gross_profit": 310559000,
      "operating_income": 28428000,
      "net_income": -3598000,
      "opex": 282131000,
      "cogs": 53152000,
      "rd": 15402000,
      "sga": null,
      "fcf": 108163000,
      "ocf": 138299000,
      "capex": -30136000,
      "gross_margin": 0.853861994825562,
      "op_margin": 0.07816095746348062,
      "fcf_margin": 0.2973872112748858,
      "incr_op_margin_yoy": 5.698549007995262,
      "rev_growth_yoy": 0.028652638723909725,
      "rev_growth_yoy_accel": -0.0692557153908035,
      "op_leverage_ratio": 0.7116263559583988,
      "fcf_margin_change": 0.22089569629372408
    }
  ],
  "signals": [
    {
      "quarter": "2025-09 (Q3)",
      "signal": "FCF MARGIN EXPANSION",
      "detail": "FCF margin: +7.6% -> +29.7% (+22.1%)",
      "severity": "MEDIUM"
    },
    {
      "quarter": "2025-09 (Q3)",
      "signal": "YoY REVENUE GROWTH DECELERATION",
      "detail": "YoY growth: +2.9% vs prior quarter YoY: +9.8% (decel: -6.9%)",
      "severity": "WARNING"
    },
    {
      "quarter": "2025-09 (Q3)",
      "signal": "OP MARGIN TURNED POSITIVE (YoY)",
      "detail": "Op margin: -8.3% (year-ago) -> +7.8%",
      "severity": "HIGH"
    },
    {
      "quarter": "2025-06 (Q2)",
      "signal": "FCF TURNED POSITIVE",
      "detail": "FCF margin: -1.5% -> +7.6%",
      "severity": "HIGH"
    },
    {
      "quarter": "2025-06 (Q2)",
      "signal": "YoY REVENUE GROWTH ACCELERATION",
      "detail": "YoY growth: +9.8% vs prior quarter YoY: +4.5% (accel: +5.3%)",
      "severity": "MEDIUM"
    },
    {
      "quarter": "2024-12 (Q4)",
      "signal": "FCF MARGIN EXPANSION",
      "detail": "FCF margin: +22.7% -> +31.8% (+9.1%)",
      "severity": "MEDIUM"
    },
    {
      "quarter": "2024-12 (Q4)",
      "signal": "OP MARGIN TURNED POSITIVE (QoQ)",
      "detail": "Op margin: -8.3% -> +19.0%",
      "severity": "HIGH"
    },
    {
      "quarter": "2024-09 (Q3)",
      "signal": "FCF MARGIN EXPANSION",
      "detail": "FCF margin: +7.8% -> +22.7% (+14.8%)",
      "severity": "MEDIUM"
    },
    {
      "quarter": "2024-09 (Q3)",
      "signal": "YoY REVENUE GROWTH ACCELERATION",
      "detail": "YoY growth: +3.7% vs prior quarter YoY: -1.6% (accel: +5.3%)",
      "severity": "MEDIUM"
    },
    {
      "quarter": "2024-06 (Q2)",
      "signal": "INCREMENTAL MARGIN (YoY)",
      "detail": "YoY Incr OPM: +198.0% vs year-ago OPM: +11.9%",
      "severity": "HIGH"
    },
    {
      "quarter": "2024-03 (Q1)",
      "signal": "INCREMENTAL MARGIN (YoY)",
      "detail": "YoY Incr OPM: +130.0% vs year-ago OPM: +8.6%",
      "severity": "HIGH"
    },
    {
      "quarter": "2023-12 (Q4)",
      "signal": "GROSS MARGIN INFLECTION",
      "detail": "GM: +85.5% -> +83.7% -> +87.5% (reversal +3.8%)",
      "severity": "MEDIUM"
    },
    {
      "quarter": "2023-12 (Q4)",
      "signal": "INCREMENTAL MARGIN (YoY)",
      "detail": "YoY Incr OPM: +186.9% vs year-ago OPM: +23.6%",
      "severity": "HIGH"
    },
    {
      "quarter": "2023-12 (Q4)",
      "signal": "OP MARGIN TURNED POSITIVE (QoQ)",
      "detail": "Op margin: -3.9% -> +20.7%",
      "severity": "HIGH"
    },
    {
      "quarter": "2023-09 (Q3)",
      "signal": "FCF MARGIN EXPANSION",
      "detail": "FCF margin: +4.4% -> +13.4% (+8.9%)",
      "severity": "MEDIUM"
    },
    {
      "quarter": "2023-06 (Q2)",
      "signal": "INCREMENTAL MARGIN (YoY)",
      "detail": "YoY Incr OPM: +61.7% vs year-ago OPM: +13.6%",
      "severity": "HIGH"
    },
    {
      "quarter": "2023-03 (Q1)",
      "signal": "FCF MARGIN EXPANSION",
      "detail": "FCF margin: +4.5% -> +27.8% (+23.3%)",
      "severity": "MEDIUM"
    },
    {
      "quarter": "2023-03 (Q1)",
      "signal": "INCREMENTAL MARGIN (YoY)",
      "detail": "YoY Incr OPM: +53.6% vs year-ago OPM: +9.7%",
      "severity": "HIGH"
    },
    {
      "quarter": "2022-12 (Q4)",
      "signal": "GROSS MARGIN INFLECTION",
      "detail": "GM: +86.4% -> +84.6% -> +87.2% (reversal +2.6%)",
      "severity": "MEDIUM"
    },
    {
      "quarter": "2022-12 (Q4)",
      "signal": "YoY REVENUE GROWTH ACCELERATION",
      "detail": "YoY growth: -2.9% vs prior quarter YoY: -23.0% (accel: +20.1%)",
      "severity": "HIGH"
    },
    {
      "quarter": "2022-12 (Q4)",
      "signal": "OP MARGIN TURNED POSITIVE (YoY)",
      "detail": "Op margin: -16.9% (year-ago) -> +23.6%",
      "severity": "HIGH"
    },
    {
      "quarter": "2022-09 (Q3)",
      "signal": "FCF MARGIN EXPANSION",
      "detail": "FCF margin: +15.6% -> +21.6% (+6.0%)",
      "severity": "MEDIUM"
    },
    {
      "quarter": "2022-09 (Q3)",
      "signal": "INCREMENTAL MARGIN (YoY)",
      "detail": "YoY Incr OPM: +65.5% vs year-ago OPM: +21.6%",
      "severity": "HIGH"
    },
    {
      "quarter": "2022-06 (Q2)",
      "signal": "OPERATING LEVERAGE",
      "detail": "Rev growth +7.1% vs OpEx growth +3.0% (leverage: 2.4x)",
      "severity": "MEDIUM"
    },
    {
      "quarter": "2022-06 (Q2)",
      "signal": "INCREMENTAL MARGIN (YoY)",
      "detail": "YoY Incr OPM: +52.8% vs year-ago OPM: +22.0%",
      "severity": "HIGH"
    },
    {
      "quarter": "2022-03 (Q1)",
      "signal": "FCF MARGIN EXPANSION",
      "detail": "FCF margin: +14.7% -> +27.3% (+12.6%)",
      "severity": "MEDIUM"
    },
    {
      "quarter": "2022-03 (Q1)",
      "signal": "YoY REVENUE GROWTH DECELERATION",
      "detail": "YoY growth: -20.9% vs prior quarter YoY: -12.9% (decel: -8.0%)",
      "severity": "WARNING"
    },
    {
      "quarter": "2022-03 (Q1)",
      "signal": "INCREMENTAL MARGIN (YoY)",
      "detail": "YoY Incr OPM: +57.7% vs year-ago OPM: +19.7%",
      "severity": "HIGH"
    },
    {
      "quarter": "2022-03 (Q1)",
      "signal": "OP MARGIN TURNED POSITIVE (QoQ)",
      "detail": "Op margin: -16.9% -> +9.7%",
      "severity": "HIGH"
    },
    {
      "quarter": "2021-09 (Q3)",
      "signal": "FCF MARGIN EXPANSION",
      "detail": "FCF margin: +18.6% -> +24.9% (+6.3%)",
      "severity": "MEDIUM"
    },
    {
      "quarter": "2021-06 (Q2)",
      "signal": "OPERATING LEVERAGE",
      "detail": "Rev growth +7.7% vs OpEx growth +3.6% (leverage: 2.1x)",
      "severity": "MEDIUM"
    },
    {
      "quarter": "2021-03 (Q1)",
      "signal": "FCF MARGIN EXPANSION",
      "detail": "FCF margin: +21.9% -> +38.3% (+16.4%)",
      "severity": "MEDIUM"
    }
  ],
  "data_quality": {
    "n_quarters": 20,
    "coverage": {
      "revenue": [
        20,
        20
      ],
      "gross_profit": [
        20,
        20
      ],
      "op_income": [
        20,
        20
      ],
      "fcf": [
        20,
        20
      ]
    },
    "gaps": [],
    "warnings": []
  },
  "market_cap": null,
  "source": "SEC EDGAR",
  "last_updated": "2026-02-02T21:45:16.061843"
}