{
  "ticker": "ZETA",
  "name": "ZETA GLOBAL HOLDINGS CORP.",
  "quarters": [
    {
      "date": "2020-12-31T00:00:00",
      "quarter_label": "2020-12 (Q4)",
      "revenue": 114446000,
      "gross_profit": 66098000,
      "operating_income": 6641000,
      "net_income": -8788000,
      "opex": 59457000,
      "cogs": 48348000,
      "rd": 7983000,
      "sga": null,
      "fcf": 18551000,
      "ocf": 18897000,
      "capex": -346000,
      "gross_margin": 0.5775474896457718,
      "op_margin": 0.05802736661831781,
      "fcf_margin": 0.16209391328661552
    },
    {
      "date": "2021-03-31T00:00:00",
      "quarter_label": "2021-03 (Q1)",
      "revenue": 101463000,
      "gross_profit": 62491000,
      "operating_income": 1894000,
      "net_income": -24374000,
      "opex": 60597000,
      "cogs": 38972000,
      "rd": 9784000,
      "sga": null,
      "fcf": 5408000,
      "ocf": 5612000,
      "capex": -204000,
      "gross_margin": 0.6158993918965534,
      "op_margin": 0.018666903206094834,
      "fcf_margin": 0.0533002178133901,
      "fcf_margin_change": -0.10879369547322541
    },
    {
      "date": "2021-06-30T00:00:00",
      "quarter_label": "2021-06 (Q2)",
      "revenue": 106896000,
      "gross_profit": 64684000,
      "operating_income": -122285000,
      "net_income": -94922000,
      "opex": 186969000,
      "cogs": 42212000,
      "rd": 26503000,
      "sga": null,
      "fcf": 3414000,
      "ocf": 7591000,
      "capex": -4177000,
      "gross_margin": 0.6051115102529562,
      "op_margin": -1.1439623559347403,
      "fcf_margin": 0.03193758419398294,
      "op_leverage_ratio": 0.025676289930168565,
      "fcf_margin_change": -0.021362633619407163
    },
    {
      "date": "2021-09-30T00:00:00",
      "quarter_label": "2021-09 (Q3)",
      "revenue": 115133000,
      "gross_profit": 70608000,
      "operating_income": -66863000,
      "net_income": -69129000,
      "opex": 137471000,
      "cogs": 44525000,
      "rd": 13998000,
      "sga": null,
      "fcf": 7661000,
      "ocf": 10163000,
      "capex": -2502000,
      "gross_margin": 0.6132733447404306,
      "op_margin": -0.5807457462239323,
      "fcf_margin": 0.0665404358437633,
      "op_leverage_ratio": Infinity,
      "fcf_margin_change": 0.034602851649780365
    },
    {
      "date": "2021-12-31T00:00:00",
      "quarter_label": "2021-12 (Q4)",
      "revenue": 134846000,
      "gross_profit": 85835000,
      "operating_income": -61153000,
      "net_income": -61138000,
      "opex": 146988000,
      "cogs": 49011000,
      "rd": 14189000,
      "sga": null,
      "fcf": 18327000,
      "ocf": 20926000,
      "capex": -2599000,
      "gross_margin": 0.6365409430016463,
      "op_margin": -0.4535025139789093,
      "fcf_margin": 0.1359105943075805,
      "incr_op_margin_yoy": -3.323235294117647,
      "rev_growth_yoy": 0.17825000436887264,
      "op_leverage_ratio": 2.473226682797151,
      "fcf_margin_change": 0.06937015846381721
    },
    {
      "date": "2022-03-31T00:00:00",
      "quarter_label": "2022-03 (Q1)",
      "revenue": 126268000,
      "gross_profit": 84543000,
      "operating_income": -68065000,
      "net_income": -72037000,
      "opex": 152608000,
      "cogs": 41725000,
      "rd": 17231000,
      "sga": null,
      "fcf": 14440000,
      "ocf": 21183000,
      "capex": -6743000,
      "gross_margin": 0.669552063864162,
      "op_margin": -0.5390518579529255,
      "fcf_margin": 0.11435993284125828,
      "incr_op_margin_yoy": -2.8203587986293086,
      "rev_growth_yoy": 0.24447335481899807,
      "rev_growth_yoy_accel": 0.06622335045012542,
      "fcf_margin_change": -0.02155066146632223
    },
    {
      "date": "2022-06-30T00:00:00",
      "quarter_label": "2022-06 (Q2)",
      "revenue": 137301000,
      "gross_profit": 87068000,
      "operating_income": -77089000,
      "net_income": -86009000,
      "opex": 164157000,
      "cogs": 50233000,
      "rd": 18038000,
      "sga": null,
      "fcf": 9899000,
      "ocf": 14667000,
      "capex": -4768000,
      "gross_margin": 0.6341395911173262,
      "op_margin": -0.5614598582676018,
      "fcf_margin": 0.07209707139787766,
      "incr_op_margin_yoy": 1.4864660417694457,
      "rev_growth_yoy": 0.2844353390211046,
      "rev_growth_yoy_accel": 0.03996198420210656,
      "op_leverage_ratio": 1.154604473929165,
      "fcf_margin_change": -0.04226286144338062
    },
    {
      "date": "2022-09-30T00:00:00",
      "quarter_label": "2022-09 (Q3)",
      "revenue": 152252000,
      "gross_profit": 94723000,
      "operating_income": -66169000,
      "net_income": -69440000,
      "opex": 160892000,
      "cogs": 57529000,
      "rd": 16954000,
      "sga": null,
      "fcf": 13885000,
      "ocf": 19539000,
      "capex": -5654000,
      "gross_margin": 0.622146178703728,
      "op_margin": -0.434601844310748,
      "fcf_margin": 0.09119748837453695,
      "incr_op_margin_yoy": 0.018696624370268596,
      "rev_growth_yoy": 0.32240104922133533,
      "rev_growth_yoy_accel": 0.03796571020023071,
      "op_leverage_ratio": Infinity,
      "fcf_margin_change": 0.01910041697665929
    },
    {
      "date": "2022-12-31T00:00:00",
      "quarter_label": "2022-12 (Q4)",
      "revenue": 175140000,
      "gross_profit": 109161000,
      "operating_income": -47711000,
      "net_income": -51753000,
      "opex": 156872000,
      "cogs": 65979000,
      "rd": 17231000,
      "sga": null,
      "fcf": 18030000,
      "ocf": 23097000,
      "capex": -5067000,
      "gross_margin": 0.62327852004111,
      "op_margin": -0.27241635263217995,
      "fcf_margin": 0.10294621445700583,
      "incr_op_margin_yoy": 0.33359805430088846,
      "rev_growth_yoy": 0.2988149444551563,
      "rev_growth_yoy_accel": -0.02358610476617906,
      "op_leverage_ratio": Infinity,
      "fcf_margin_change": 0.01174872608246888
    },
    {
      "date": "2023-03-31T00:00:00",
      "quarter_label": "2023-03 (Q1)",
      "revenue": 157602000,
      "gross_profit": 103252000,
      "operating_income": -52445000,
      "net_income": -56955000,
      "opex": 155697000,
      "cogs": 54350000,
      "rd": 18519000,
      "sga": null,
      "fcf": 14940000,
      "ocf": 20104000,
      "capex": -5164000,
      "gross_margin": 0.6551439702541846,
      "op_margin": -0.33276861968756744,
      "fcf_margin": 0.09479575132295276,
      "incr_op_margin_yoy": 0.4985000319142146,
      "rev_growth_yoy": 0.24815471853517915,
      "rev_growth_yoy_accel": -0.050660225919977125,
      "fcf_margin_change": -0.008150463134053071
    },
    {
      "date": "2023-06-30T00:00:00",
      "quarter_label": "2023-06 (Q2)",
      "revenue": 171817000,
      "gross_profit": 109780000,
      "operating_income": -46215000,
      "net_income": -52159000,
      "opex": 155995000,
      "cogs": 62037000,
      "rd": 17343000,
      "sga": null,
      "fcf": 16843000,
      "ocf": 20629000,
      "capex": -3786000,
      "gross_margin": 0.6389356117264299,
      "op_margin": -0.26897804058969715,
      "fcf_margin": 0.09802871659963798,
      "incr_op_margin_yoy": 0.8944837176961409,
      "rev_growth_yoy": 0.25138928339924693,
      "rev_growth_yoy_accel": 0.003234564864067785,
      "op_leverage_ratio": 47.12475659738928,
      "fcf_margin_change": 0.0032329652766852207
    },
    {
      "date": "2023-09-30T00:00:00",
      "quarter_label": "2023-09 (Q3)",
      "revenue": 188984000,
      "gross_profit": 115504000,
      "operating_income": -37166000,
      "net_income": -43086000,
      "opex": 152670000,
      "cogs": 73480000,
      "rd": 18062000,
      "sga": null,
      "fcf": 16892000,
      "ocf": 22828000,
      "capex": -5936000,
      "gross_margin": 0.6111840155780384,
      "op_margin": -0.19666215129323117,
      "fcf_margin": 0.08938322820979554,
      "incr_op_margin_yoy": 0.7895840139388,
      "rev_growth_yoy": 0.24125791451015421,
      "rev_growth_yoy_accel": -0.010131368889092718,
      "op_leverage_ratio": Infinity,
      "fcf_margin_change": -0.008645488389842443
    },
    {
      "date": "2023-12-31T00:00:00",
      "quarter_label": "2023-12 (Q4)",
      "revenue": 210320000,
      "gross_profit": 125705000,
      "operating_income": -31859000,
      "net_income": -35281000,
      "opex": 157564000,
      "cogs": 84615000,
      "rd": 19945000,
      "sga": null,
      "fcf": 21365000,
      "ocf": 26962000,
      "capex": -5597000,
      "gross_margin": 0.5976844807911753,
      "op_margin": -0.15147869912514264,
      "fcf_margin": 0.10158330163560289,
      "incr_op_margin_yoy": 0.4505969300739056,
      "rev_growth_yoy": 0.20086787712686993,
      "rev_growth_yoy_accel": -0.04039003738328428,
      "op_leverage_ratio": 3.521905561169883,
      "fcf_margin_change": 0.012200073425807353
    },
    {
      "date": "2024-03-31T00:00:00",
      "quarter_label": "2024-03 (Q1)",
      "revenue": 194947000,
      "gross_profit": 118074000,
      "operating_income": -35874000,
      "net_income": -39566000,
      "opex": 153948000,
      "cogs": 76873000,
      "rd": 19986000,
      "sga": null,
      "fcf": 18855000,
      "ocf": 24666000,
      "capex": -5811000,
      "gross_margin": 0.6056723109357928,
      "op_margin": -0.1840192462566749,
      "fcf_margin": 0.0967185953105203,
      "incr_op_margin_yoy": 0.44372740661400456,
      "rev_growth_yoy": 0.2369576528216647,
      "rev_growth_yoy_accel": 0.03608977569479477,
      "fcf_margin_change": -0.004864706325082596
    },
    {
      "date": "2024-06-30T00:00:00",
      "quarter_label": "2024-06 (Q2)",
      "revenue": 227839000,
      "gross_profit": 136757000,
      "operating_income": -26584000,
      "net_income": -28066000,
      "opex": 163341000,
      "cogs": 91082000,
      "rd": 23614000,
      "sga": null,
      "fcf": 24356000,
      "ocf": 31110000,
      "capex": -6754000,
      "gross_margin": 0.6002352538415284,
      "op_margin": -0.11667888289537788,
      "fcf_margin": 0.10690004784079986,
      "incr_op_margin_yoy": 0.35041590803612865,
      "rev_growth_yoy": 0.3260562109686469,
      "rev_growth_yoy_accel": 0.0890985581469822,
      "op_leverage_ratio": 2.7653076439023367,
      "fcf_margin_change": 0.010181452530279564
    },
    {
      "date": "2024-09-30T00:00:00",
      "quarter_label": "2024-09 (Q3)",
      "revenue": 268295000,
      "gross_profit": 162643000,
      "operating_income": -12379000,
      "net_income": -17375000,
      "opex": 175022000,
      "cogs": 105652000,
      "rd": 22807000,
      "sga": null,
      "fcf": 29509000,
      "ocf": 34402000,
      "capex": -4893000,
      "gross_margin": 0.6062095827354218,
      "op_margin": -0.04613951061331743,
      "fcf_margin": 0.10998714102014573,
      "incr_op_margin_yoy": 0.31252915736783043,
      "rev_growth_yoy": 0.4196704482919189,
      "rev_growth_yoy_accel": 0.09361423732327201,
      "op_leverage_ratio": 2.4829619309843576,
      "fcf_margin_change": 0.0030870931793458706
    },
    {
      "date": "2024-12-31T00:00:00",
      "quarter_label": "2024-12 (Q4)",
      "revenue": 314673000,
      "gross_profit": 188728000,
      "operating_income": 6922000,
      "net_income": 15236000,
      "opex": 181806000,
      "cogs": 125945000,
      "rd": 24272000,
      "sga": null,
      "fcf": 35414000,
      "ocf": 43683000,
      "capex": -8269000,
      "gross_margin": 0.5997591150178121,
      "op_margin": 0.021997438610875417,
      "fcf_margin": 0.11254222637468102,
      "incr_op_margin_yoy": 0.3716328232058494,
      "rev_growth_yoy": 0.49616298972993533,
      "rev_growth_yoy_accel": 0.07649254143801643,
      "op_leverage_ratio": 4.459706110160353,
      "fcf_margin_change": 0.0025550853545352886
    },
    {
      "date": "2025-03-31T00:00:00",
      "quarter_label": "2025-03 (Q1)",
      "revenue": 264419000,
      "gross_profit": 160931000,
      "operating_income": -16113000,
      "net_income": -21600000,
      "opex": 177044000,
      "cogs": 103488000,
      "rd": 26799000,
      "sga": null,
      "fcf": 32063000,
      "ocf": 34799000,
      "capex": -2736000,
      "gross_margin": 0.6086211656499722,
      "op_margin": -0.06093737590717763,
      "fcf_margin": 0.12125830594624441,
      "incr_op_margin_yoy": 0.2844455320128973,
      "rev_growth_yoy": 0.3563635244451056,
      "rev_growth_yoy_accel": -0.13979946528482973,
      "fcf_margin_change": 0.008716079571563395
    },
    {
      "date": "2025-06-30T00:00:00",
      "quarter_label": "2025-06 (Q2)",
      "revenue": 308442000,
      "gross_profit": 191454000,
      "operating_income": -5105000,
      "net_income": -12814000,
      "opex": 196559000,
      "cogs": 116988000,
      "rd": 30592000,
      "sga": null,
      "fcf": 39700000,
      "ocf": 42049000,
      "capex": -2349000,
      "gross_margin": 0.6207131324527788,
      "op_margin": -0.01655092367446716,
      "fcf_margin": 0.1287113946868455,
      "incr_op_margin_yoy": 0.26647891517685446,
      "rev_growth_yoy": 0.3537717423268185,
      "rev_growth_yoy_accel": -0.0025917821182870893,
      "op_leverage_ratio": 1.5104266295142408,
      "fcf_margin_change": 0.007453088740601091
    },
    {
      "date": "2025-09-30T00:00:00",
      "quarter_label": "2025-09 (Q3)",
      "revenue": 337169000,
      "gross_profit": 203945000,
      "operating_income": 8752000,
      "net_income": -3634000,
      "opex": 195193000,
      "cogs": 133224000,
      "rd": 29812000,
      "sga": null,
      "fcf": 52446000,
      "ocf": 57919000,
      "capex": -5473000,
      "gross_margin": 0.6048747067494342,
      "op_margin": 0.025957309242546023,
      "fcf_margin": 0.15554810792213994,
      "incr_op_margin_yoy": 0.3068066324011964,
      "rev_growth_yoy": 0.2567099647775769,
      "rev_growth_yoy_accel": -0.09706177754924161,
      "op_leverage_ratio": Infinity,
      "fcf_margin_change": 0.026836713235294435
    }
  ],
  "signals": [
    {
      "quarter": "2025-09 (Q3)",
      "signal": "YoY REVENUE GROWTH DECELERATION",
      "detail": "YoY growth: +25.7% vs prior quarter YoY: +35.4% (decel: -9.7%)",
      "severity": "WARNING"
    },
    {
      "quarter": "2025-09 (Q3)",
      "signal": "OP MARGIN TURNED POSITIVE (YoY)",
      "detail": "Op margin: -4.6% (year-ago) -> +2.6%",
      "severity": "HIGH"
    },
    {
      "quarter": "2025-09 (Q3)",
      "signal": "OP MARGIN TURNED POSITIVE (QoQ)",
      "detail": "Op margin: -1.7% -> +2.6%",
      "severity": "HIGH"
    },
    {
      "quarter": "2025-06 (Q2)",
      "signal": "OPERATING LEVERAGE",
      "detail": "Rev growth +16.6% vs OpEx growth +11.0% (leverage: 1.5x)",
      "severity": "MEDIUM"
    },
    {
      "quarter": "2025-03 (Q1)",
      "signal": "YoY REVENUE GROWTH DECELERATION",
      "detail": "YoY growth: +35.6% vs prior quarter YoY: +49.6% (decel: -14.0%)",
      "severity": "WARNING"
    },
    {
      "quarter": "2024-12 (Q4)",
      "signal": "OPERATING LEVERAGE",
      "detail": "Rev growth +17.3% vs OpEx growth +3.9% (leverage: 4.5x)",
      "severity": "MEDIUM"
    },
    {
      "quarter": "2024-12 (Q4)",
      "signal": "YoY REVENUE GROWTH ACCELERATION",
      "detail": "YoY growth: +49.6% vs prior quarter YoY: +42.0% (accel: +7.6%)",
      "severity": "MEDIUM"
    },
    {
      "quarter": "2024-12 (Q4)",
      "signal": "OP MARGIN TURNED POSITIVE (YoY)",
      "detail": "Op margin: -15.1% (year-ago) -> +2.2%",
      "severity": "HIGH"
    },
    {
      "quarter": "2024-12 (Q4)",
      "signal": "OP MARGIN TURNED POSITIVE (QoQ)",
      "detail": "Op margin: -4.6% -> +2.2%",
      "severity": "HIGH"
    },
    {
      "quarter": "2024-09 (Q3)",
      "signal": "OPERATING LEVERAGE",
      "detail": "Rev growth +17.8% vs OpEx growth +7.2% (leverage: 2.5x)",
      "severity": "MEDIUM"
    },
    {
      "quarter": "2024-09 (Q3)",
      "signal": "YoY REVENUE GROWTH ACCELERATION",
      "detail": "YoY growth: +42.0% vs prior quarter YoY: +32.6% (accel: +9.4%)",
      "severity": "MEDIUM"
    },
    {
      "quarter": "2024-06 (Q2)",
      "signal": "OPERATING LEVERAGE",
      "detail": "Rev growth +16.9% vs OpEx growth +6.1% (leverage: 2.8x)",
      "severity": "MEDIUM"
    },
    {
      "quarter": "2024-06 (Q2)",
      "signal": "YoY REVENUE GROWTH ACCELERATION",
      "detail": "YoY growth: +32.6% vs prior quarter YoY: +23.7% (accel: +8.9%)",
      "severity": "MEDIUM"
    },
    {
      "quarter": "2023-12 (Q4)",
      "signal": "OPERATING LEVERAGE",
      "detail": "Rev growth +11.3% vs OpEx growth +3.2% (leverage: 3.5x)",
      "severity": "MEDIUM"
    },
    {
      "quarter": "2023-06 (Q2)",
      "signal": "OPERATING LEVERAGE",
      "detail": "Rev growth +9.0% vs OpEx growth +0.2% (leverage: 47.1x)",
      "severity": "MEDIUM"
    },
    {
      "quarter": "2023-03 (Q1)",
      "signal": "YoY REVENUE GROWTH DECELERATION",
      "detail": "YoY growth: +24.8% vs prior quarter YoY: +29.9% (decel: -5.1%)",
      "severity": "WARNING"
    },
    {
      "quarter": "2022-03 (Q1)",
      "signal": "YoY REVENUE GROWTH ACCELERATION",
      "detail": "YoY growth: +24.4% vs prior quarter YoY: +17.8% (accel: +6.6%)",
      "severity": "MEDIUM"
    },
    {
      "quarter": "2021-12 (Q4)",
      "signal": "FCF MARGIN EXPANSION",
      "detail": "FCF margin: +6.7% -> +13.6% (+6.9%)",
      "severity": "MEDIUM"
    },
    {
      "quarter": "2021-12 (Q4)",
      "signal": "OPERATING LEVERAGE",
      "detail": "Rev growth +17.1% vs OpEx growth +6.9% (leverage: 2.5x)",
      "severity": "MEDIUM"
    }
  ],
  "data_quality": {
    "n_quarters": 20,
    "coverage": {
      "revenue": [
        20,
        20
      ],
      "gross_profit": [
        20,
        20
      ],
      "op_income": [
        20,
        20
      ],
      "fcf": [
        20,
        20
      ]
    },
    "gaps": [],
    "warnings": []
  },
  "market_cap": null,
  "source": "SEC EDGAR",
  "last_updated": "2026-02-02T21:04:46.050649"
}