{
  "ticker": "ZG",
  "name": "ZILLOW GROUP, INC.",
  "quarters": [
    {
      "date": "2020-12-31T00:00:00",
      "quarter_label": "2020-12 (Q4)",
      "revenue": 788952000,
      "gross_profit": 446214000,
      "operating_income": 89352000,
      "net_income": 46036000,
      "opex": 699600000,
      "cogs": 317428000,
      "rd": 126997000,
      "sga": null,
      "fcf": -339738000,
      "ocf": -327158000,
      "capex": -12580000,
      "gross_margin": 0.5655781340309677,
      "op_margin": 0.11325403826848782,
      "fcf_margin": -0.4306193532686399
    },
    {
      "date": "2021-03-31T00:00:00",
      "quarter_label": "2021-03 (Q1)",
      "revenue": 1218440000,
      "gross_profit": 507000000,
      "operating_income": 87593000,
      "net_income": 51964000,
      "opex": 1130847000,
      "cogs": 687030000,
      "rd": 148856000,
      "sga": null,
      "fcf": 229000000,
      "ocf": 241000000,
      "capex": -12000000,
      "gross_margin": 0.416105840254752,
      "op_margin": 0.07188946521781951,
      "fcf_margin": 0.18794524145628838,
      "op_leverage_ratio": 0.883129041157721,
      "fcf_margin_change": 0.6185645947249283
    },
    {
      "date": "2021-06-30T00:00:00",
      "quarter_label": "2021-06 (Q2)",
      "revenue": 1309980000,
      "gross_profit": 538395000,
      "operating_income": 61725000,
      "net_income": 9641000,
      "opex": 476670000,
      "cogs": 771585000,
      "rd": 128463000,
      "sga": null,
      "fcf": -412000000,
      "ocf": -399000000,
      "capex": -13000000,
      "gross_margin": 0.41099482434846335,
      "op_margin": 0.04711903998534329,
      "fcf_margin": -0.31450861845219014,
      "op_leverage_ratio": Infinity,
      "fcf_margin_change": -0.5024538599084785
    },
    {
      "date": "2021-09-30T00:00:00",
      "quarter_label": "2021-09 (Q3)",
      "revenue": 1736643000,
      "gross_profit": 240583000,
      "operating_income": -281627000,
      "net_income": -328174000,
      "opex": 522210000,
      "cogs": 1496060000,
      "rd": 111491000,
      "sga": null,
      "fcf": -2824000000,
      "ocf": -2804000000,
      "capex": -20000000,
      "gross_margin": 0.1385333658097836,
      "op_margin": -0.16216746907683388,
      "fcf_margin": -1.6261258070887339,
      "op_leverage_ratio": 3.409142155988623,
      "fcf_margin_change": -1.3116171886365438
    },
    {
      "date": "2021-12-31T00:00:00",
      "quarter_label": "2021-12 (Q4)",
      "revenue": 3882313000,
      "gross_profit": 467101000,
      "operating_income": -195364000,
      "net_income": -261208000,
      "opex": 662465000,
      "cogs": 3415212000,
      "rd": 114141000,
      "sga": null,
      "fcf": -244000000,
      "ocf": -215000000,
      "capex": -29000000,
      "gross_margin": 0.12031513172688549,
      "op_margin": -0.0503215480050166,
      "fcf_margin": -0.06284913143273095,
      "incr_op_margin_yoy": -0.0920409871334125,
      "rev_growth_yoy": 3.920848163132865,
      "op_leverage_ratio": 4.60022644747901,
      "fcf_margin_change": 1.563276675656003
    },
    {
      "date": "2022-03-31T00:00:00",
      "quarter_label": "2022-03 (Q1)",
      "revenue": 4257000000,
      "gross_profit": 635000000,
      "operating_income": 57000000,
      "net_income": 16000000,
      "opex": 578000000,
      "cogs": 3622000000,
      "rd": 114000000,
      "sga": null,
      "fcf": 3359000000,
      "ocf": 3392000000,
      "capex": -33000000,
      "gross_margin": 0.14916607939863755,
      "op_margin": 0.013389711064129669,
      "fcf_margin": 0.7890533239370449,
      "incr_op_margin_yoy": -0.010068256016007582,
      "rev_growth_yoy": 2.4938117592987754,
      "rev_growth_yoy_accel": -1.4270364038340895,
      "op_leverage_ratio": Infinity,
      "fcf_margin_change": 0.8519024553697758
    },
    {
      "date": "2022-06-30T00:00:00",
      "quarter_label": "2022-06 (Q2)",
      "revenue": 1009000000,
      "gross_profit": 443000000,
      "operating_income": 18000000,
      "net_income": 8000000,
      "opex": 425000000,
      "cogs": 566000000,
      "rd": 119000000,
      "sga": null,
      "fcf": 836000000,
      "ocf": 863000000,
      "capex": -27000000,
      "gross_margin": 0.4390485629335976,
      "op_margin": 0.017839444995044598,
      "fcf_margin": 0.8285431119920713,
      "incr_op_margin_yoy": 0.14527543358362682,
      "rev_growth_yoy": -0.22975923296538878,
      "rev_growth_yoy_accel": -2.723570992264164,
      "fcf_margin_change": 0.039489788055026454
    },
    {
      "date": "2022-09-30T00:00:00",
      "quarter_label": "2022-09 (Q3)",
      "revenue": 483000000,
      "gross_profit": 394000000,
      "operating_income": -51000000,
      "net_income": -53000000,
      "opex": 445000000,
      "cogs": 89000000,
      "rd": 142000000,
      "sga": null,
      "fcf": 138000000,
      "ocf": 165000000,
      "capex": -27000000,
      "gross_margin": 0.8157349896480331,
      "op_margin": -0.10559006211180125,
      "fcf_margin": 0.2857142857142857,
      "incr_op_margin_yoy": -0.1839654510893452,
      "rev_growth_yoy": -0.7218772079235629,
      "rev_growth_yoy_accel": -0.4921179749581741,
      "fcf_margin_change": -0.5428288262777856
    },
    {
      "date": "2022-12-31T00:00:00",
      "quarter_label": "2022-12 (Q4)",
      "revenue": 435000000,
      "gross_profit": 346000000,
      "operating_income": -83000000,
      "net_income": -72000000,
      "opex": 429000000,
      "cogs": 89000000,
      "rd": 129000000,
      "sga": null,
      "fcf": 56000000,
      "ocf": 84000000,
      "capex": -28000000,
      "gross_margin": 0.7954022988505747,
      "op_margin": -0.19080459770114944,
      "fcf_margin": 0.12873563218390804,
      "incr_op_margin_yoy": -0.03259466140730476,
      "rev_growth_yoy": -0.8879533927326313,
      "rev_growth_yoy_accel": -0.16607618480906838,
      "fcf_margin_change": -0.15697865353037765
    },
    {
      "date": "2023-03-31T00:00:00",
      "quarter_label": "2023-03 (Q1)",
      "revenue": 469000000,
      "gross_profit": 377000000,
      "operating_income": -45000000,
      "net_income": -22000000,
      "opex": 422000000,
      "cogs": 92000000,
      "rd": 137000000,
      "sga": null,
      "fcf": 62000000,
      "ocf": 93000000,
      "capex": -31000000,
      "gross_margin": 0.8038379530916845,
      "op_margin": -0.09594882729211088,
      "fcf_margin": 0.13219616204690832,
      "incr_op_margin_yoy": 0.02692713833157339,
      "rev_growth_yoy": -0.8898285177354944,
      "rev_growth_yoy_accel": -0.0018751250028631317,
      "op_leverage_ratio": Infinity,
      "fcf_margin_change": 0.0034605298630002723
    },
    {
      "date": "2023-06-30T00:00:00",
      "quarter_label": "2023-06 (Q2)",
      "revenue": 506000000,
      "gross_profit": 402000000,
      "operating_income": -67000000,
      "net_income": -35000000,
      "opex": 469000000,
      "cogs": 104000000,
      "rd": 140000000,
      "sga": null,
      "fcf": 65000000,
      "ocf": 100000000,
      "capex": -35000000,
      "gross_margin": 0.7944664031620553,
      "op_margin": -0.1324110671936759,
      "fcf_margin": 0.12845849802371542,
      "incr_op_margin_yoy": 0.16898608349900596,
      "rev_growth_yoy": -0.4985133795837463,
      "rev_growth_yoy_accel": 0.3913151381517481,
      "op_leverage_ratio": 0.7083427845574559,
      "fcf_margin_change": -0.0037376640231928937
    },
    {
      "date": "2023-09-30T00:00:00",
      "quarter_label": "2023-09 (Q3)",
      "revenue": 496000000,
      "gross_profit": 386000000,
      "operating_income": -53000000,
      "net_income": -28000000,
      "opex": 439000000,
      "cogs": 110000000,
      "rd": 142000000,
      "sga": null,
      "fcf": 40000000,
      "ocf": 75000000,
      "capex": -35000000,
      "gross_margin": 0.7782258064516129,
      "op_margin": -0.10685483870967742,
      "fcf_margin": 0.08064516129032258,
      "incr_op_margin_yoy": -0.15384615384615385,
      "rev_growth_yoy": 0.026915113871635612,
      "rev_growth_yoy_accel": 0.5254284934553819,
      "fcf_margin_change": -0.047813336733392844
    },
    {
      "date": "2023-12-31T00:00:00",
      "quarter_label": "2023-12 (Q4)",
      "revenue": 474000000,
      "gross_profit": 359000000,
      "operating_income": -105000000,
      "net_income": -73000000,
      "opex": 464000000,
      "cogs": 115000000,
      "rd": 141000000,
      "sga": null,
      "fcf": 52000000,
      "ocf": 86000000,
      "capex": -34000000,
      "gross_margin": 0.7573839662447257,
      "op_margin": -0.22151898734177214,
      "fcf_margin": 0.10970464135021098,
      "incr_op_margin_yoy": -0.5641025641025641,
      "rev_growth_yoy": 0.0896551724137931,
      "rev_growth_yoy_accel": 0.06274005854215749,
      "fcf_margin_change": 0.0290594800598884
    },
    {
      "date": "2024-03-31T00:00:00",
      "quarter_label": "2024-03 (Q1)",
      "revenue": 529000000,
      "gross_profit": 406000000,
      "operating_income": -45000000,
      "net_income": -23000000,
      "opex": 451000000,
      "cogs": 123000000,
      "rd": 147000000,
      "sga": null,
      "fcf": 41000000,
      "ocf": 80000000,
      "capex": -39000000,
      "gross_margin": 0.7674858223062382,
      "op_margin": -0.08506616257088846,
      "fcf_margin": 0.07750472589792061,
      "incr_op_margin_yoy": 0.0,
      "rev_growth_yoy": 0.1279317697228145,
      "rev_growth_yoy_accel": 0.0382765973090214,
      "op_leverage_ratio": Infinity,
      "fcf_margin_change": -0.03219991545229037
    },
    {
      "date": "2024-06-30T00:00:00",
      "quarter_label": "2024-06 (Q2)",
      "revenue": 572000000,
      "gross_profit": 442000000,
      "operating_income": -38000000,
      "net_income": -17000000,
      "opex": 480000000,
      "cogs": 130000000,
      "rd": 144000000,
      "sga": null,
      "fcf": 18000000,
      "ocf": 55000000,
      "capex": -37000000,
      "gross_margin": 0.7727272727272727,
      "op_margin": -0.06643356643356643,
      "fcf_margin": 0.03146853146853147,
      "incr_op_margin_yoy": 0.4393939393939394,
      "rev_growth_yoy": 0.13043478260869565,
      "rev_growth_yoy_accel": 0.002503012885881145,
      "op_leverage_ratio": 1.264128805162636,
      "fcf_margin_change": -0.04603619442938914
    },
    {
      "date": "2024-09-30T00:00:00",
      "quarter_label": "2024-09 (Q3)",
      "revenue": 581000000,
      "gross_profit": 441000000,
      "operating_income": -45000000,
      "net_income": -20000000,
      "opex": 486000000,
      "cogs": 140000000,
      "rd": 145000000,
      "sga": null,
      "fcf": 138000000,
      "ocf": 171000000,
      "capex": -33000000,
      "gross_margin": 0.7590361445783133,
      "op_margin": -0.0774526678141136,
      "fcf_margin": 0.23752151462994836,
      "incr_op_margin_yoy": 0.09411764705882353,
      "rev_growth_yoy": 0.17137096774193547,
      "rev_growth_yoy_accel": 0.04093618513323982,
      "op_leverage_ratio": 1.2587412587412588,
      "fcf_margin_change": 0.2060529831614169
    },
    {
      "date": "2024-12-31T00:00:00",
      "quarter_label": "2024-12 (Q4)",
      "revenue": 554000000,
      "gross_profit": 420000000,
      "operating_income": -69000000,
      "net_income": -52000000,
      "opex": 489000000,
      "cogs": 134000000,
      "rd": 149000000,
      "sga": null,
      "fcf": 88000000,
      "ocf": 122000000,
      "capex": -34000000,
      "gross_margin": 0.7581227436823105,
      "op_margin": -0.12454873646209386,
      "fcf_margin": 0.1588447653429603,
      "incr_op_margin_yoy": 0.45,
      "rev_growth_yoy": 0.16877637130801687,
      "rev_growth_yoy_accel": -0.0025945964339186,
      "fcf_margin_change": -0.07867674928698806
    },
    {
      "date": "2025-03-31T00:00:00",
      "quarter_label": "2025-03 (Q1)",
      "revenue": 598000000,
      "gross_profit": 459000000,
      "operating_income": -9000000,
      "net_income": 8000000,
      "opex": 468000000,
      "cogs": 139000000,
      "rd": 149000000,
      "sga": null,
      "fcf": 68000000,
      "ocf": 104000000,
      "capex": -36000000,
      "gross_margin": 0.7675585284280937,
      "op_margin": -0.015050167224080268,
      "fcf_margin": 0.11371237458193979,
      "incr_op_margin_yoy": 0.5217391304347826,
      "rev_growth_yoy": 0.13043478260869565,
      "rev_growth_yoy_accel": -0.03834158869932122,
      "op_leverage_ratio": Infinity,
      "fcf_margin_change": -0.045132390761020505
    },
    {
      "date": "2025-06-30T00:00:00",
      "quarter_label": "2025-06 (Q2)",
      "revenue": 655000000,
      "gross_profit": 489000000,
      "operating_income": -11000000,
      "net_income": 2000000,
      "opex": 500000000,
      "cogs": 166000000,
      "rd": 153000000,
      "sga": null,
      "fcf": 50000000,
      "ocf": 87000000,
      "capex": -37000000,
      "gross_margin": 0.7465648854961832,
      "op_margin": -0.016793893129770993,
      "fcf_margin": 0.07633587786259542,
      "incr_op_margin_yoy": 0.3253012048192771,
      "rev_growth_yoy": 0.1451048951048951,
      "rev_growth_yoy_accel": 0.014670112496199456,
      "op_leverage_ratio": 1.3940217391304348,
      "fcf_margin_change": -0.03737649671934437
    },
    {
      "date": "2025-09-30T00:00:00",
      "quarter_label": "2025-09 (Q3)",
      "revenue": 676000000,
      "gross_profit": 491000000,
      "operating_income": -3000000,
      "net_income": 10000000,
      "opex": 494000000,
      "cogs": 185000000,
      "rd": 151000000,
      "sga": null,
      "fcf": 73000000,
      "ocf": 105000000,
      "capex": -32000000,
      "gross_margin": 0.7263313609467456,
      "op_margin": -0.004437869822485207,
      "fcf_margin": 0.10798816568047337,
      "incr_op_margin_yoy": 0.4421052631578947,
      "rev_growth_yoy": 0.16351118760757316,
      "rev_growth_yoy_accel": 0.018406292502678057,
      "op_leverage_ratio": Infinity,
      "fcf_margin_change": 0.03165228781787795
    }
  ],
  "signals": [
    {
      "quarter": "2024-09 (Q3)",
      "signal": "FCF MARGIN EXPANSION",
      "detail": "FCF margin: +3.1% -> +23.8% (+20.6%)",
      "severity": "MEDIUM"
    },
    {
      "quarter": "2023-12 (Q4)",
      "signal": "YoY REVENUE GROWTH ACCELERATION",
      "detail": "YoY growth: +9.0% vs prior quarter YoY: +2.7% (accel: +6.3%)",
      "severity": "MEDIUM"
    },
    {
      "quarter": "2023-09 (Q3)",
      "signal": "YoY REVENUE GROWTH ACCELERATION",
      "detail": "YoY growth: +2.7% vs prior quarter YoY: -49.9% (accel: +52.5%)",
      "severity": "HIGH"
    },
    {
      "quarter": "2023-06 (Q2)",
      "signal": "YoY REVENUE GROWTH ACCELERATION",
      "detail": "YoY growth: -49.9% vs prior quarter YoY: -89.0% (accel: +39.1%)",
      "severity": "HIGH"
    },
    {
      "quarter": "2022-12 (Q4)",
      "signal": "YoY REVENUE GROWTH DECELERATION",
      "detail": "YoY growth: -88.8% vs prior quarter YoY: -72.2% (decel: -16.6%)",
      "severity": "WARNING"
    },
    {
      "quarter": "2022-09 (Q3)",
      "signal": "YoY REVENUE GROWTH DECELERATION",
      "detail": "YoY growth: -72.2% vs prior quarter YoY: -23.0% (decel: -49.2%)",
      "severity": "WARNING"
    },
    {
      "quarter": "2022-06 (Q2)",
      "signal": "YoY REVENUE GROWTH DECELERATION",
      "detail": "YoY growth: -23.0% vs prior quarter YoY: +249.4% (decel: -272.4%)",
      "severity": "WARNING"
    },
    {
      "quarter": "2022-03 (Q1)",
      "signal": "FCF TURNED POSITIVE",
      "detail": "FCF margin: -6.3% -> +78.9%",
      "severity": "HIGH"
    },
    {
      "quarter": "2022-03 (Q1)",
      "signal": "GROSS MARGIN INFLECTION",
      "detail": "GM: +13.9% -> +12.0% -> +14.9% (reversal +2.9%)",
      "severity": "MEDIUM"
    },
    {
      "quarter": "2022-03 (Q1)",
      "signal": "YoY REVENUE GROWTH DECELERATION",
      "detail": "YoY growth: +249.4% vs prior quarter YoY: +392.1% (decel: -142.7%)",
      "severity": "WARNING"
    },
    {
      "quarter": "2022-03 (Q1)",
      "signal": "OP MARGIN TURNED POSITIVE (QoQ)",
      "detail": "Op margin: -5.0% -> +1.3%",
      "severity": "HIGH"
    },
    {
      "quarter": "2021-12 (Q4)",
      "signal": "FCF MARGIN EXPANSION",
      "detail": "FCF margin: -162.6% -> -6.3% (+156.3%)",
      "severity": "MEDIUM"
    },
    {
      "quarter": "2021-12 (Q4)",
      "signal": "OPERATING LEVERAGE",
      "detail": "Rev growth +123.6% vs OpEx growth +26.9% (leverage: 4.6x)",
      "severity": "MEDIUM"
    },
    {
      "quarter": "2021-09 (Q3)",
      "signal": "OPERATING LEVERAGE",
      "detail": "Rev growth +32.6% vs OpEx growth +9.6% (leverage: 3.4x)",
      "severity": "MEDIUM"
    },
    {
      "quarter": "2021-03 (Q1)",
      "signal": "FCF TURNED POSITIVE",
      "detail": "FCF margin: -43.1% -> +18.8%",
      "severity": "HIGH"
    }
  ],
  "data_quality": {
    "n_quarters": 20,
    "coverage": {
      "revenue": [
        20,
        20
      ],
      "gross_profit": [
        20,
        20
      ],
      "op_income": [
        20,
        20
      ],
      "fcf": [
        20,
        20
      ]
    },
    "gaps": [],
    "warnings": []
  },
  "market_cap": null,
  "source": "SEC EDGAR",
  "last_updated": "2026-02-02T20:23:21.951963"
}