{
  "ticker": "ZIP",
  "name": "ZIPRECRUITER, INC.",
  "quarters": [
    {
      "date": "2020-12-31T00:00:00",
      "quarter_label": "2020-12 (Q4)",
      "revenue": 114344000,
      "gross_profit": 99442000,
      "operating_income": 30464000,
      "net_income": 52701000,
      "opex": 68978000,
      "cogs": 14902000,
      "rd": 17013000,
      "sga": null,
      "fcf": 31341000,
      "ocf": 31689000,
      "capex": -348000,
      "gross_margin": 0.8696739662771986,
      "op_margin": 0.2664241236969146,
      "fcf_margin": 0.27409396207933956
    },
    {
      "date": "2021-03-31T00:00:00",
      "quarter_label": "2021-03 (Q1)",
      "revenue": 125372000,
      "gross_profit": 109411000,
      "operating_income": 16466000,
      "net_income": 13398000,
      "opex": 92945000,
      "cogs": 15961000,
      "rd": 17015000,
      "sga": null,
      "fcf": 21023000,
      "ocf": 22154000,
      "capex": -1131000,
      "gross_margin": 0.872690871965032,
      "op_margin": 0.13133714066936797,
      "fcf_margin": 0.16768496953067671,
      "op_leverage_ratio": 0.27757496824698014,
      "fcf_margin_change": -0.10640899254866285
    },
    {
      "date": "2021-06-30T00:00:00",
      "quarter_label": "2021-06 (Q2)",
      "revenue": 182960000,
      "gross_profit": 161360000,
      "operating_income": -68317000,
      "net_income": -52847000,
      "opex": 229677000,
      "cogs": 21600000,
      "rd": 37909000,
      "sga": null,
      "fcf": 12263000,
      "ocf": 15561000,
      "capex": -3298000,
      "gross_margin": 0.8819414079580236,
      "op_margin": -0.3733985570616528,
      "fcf_margin": 0.06702557936160909,
      "op_leverage_ratio": 0.3122391150415024,
      "fcf_margin_change": -0.10065939016906762
    },
    {
      "date": "2021-09-30T00:00:00",
      "quarter_label": "2021-09 (Q3)",
      "revenue": 212672000,
      "gross_profit": 190395000,
      "operating_income": 17968000,
      "net_income": 22060000,
      "opex": 172427000,
      "cogs": 22277000,
      "rd": 27155000,
      "sga": null,
      "fcf": 50805000,
      "ocf": 52060000,
      "capex": -1255000,
      "gross_margin": 0.8952518432139633,
      "op_margin": 0.08448690941919952,
      "fcf_margin": 0.2388889933794764,
      "op_leverage_ratio": Infinity,
      "fcf_margin_change": 0.1718634140178673
    },
    {
      "date": "2021-12-31T00:00:00",
      "quarter_label": "2021-12 (Q4)",
      "revenue": 220137000,
      "gross_profit": 200361000,
      "operating_income": 25491000,
      "net_income": 20989000,
      "opex": 174870000,
      "cogs": 19776000,
      "rd": 28391000,
      "sga": null,
      "fcf": 53962000,
      "ocf": 54361000,
      "capex": -399000,
      "gross_margin": 0.9101650335927173,
      "op_margin": 0.11579607244579512,
      "fcf_margin": 0.24512916956259057,
      "incr_op_margin_yoy": -0.04700689081508228,
      "rev_growth_yoy": 0.9252168893864129,
      "op_leverage_ratio": 2.4774294845591123,
      "fcf_margin_change": 0.006240176183114177
    },
    {
      "date": "2022-03-31T00:00:00",
      "quarter_label": "2022-03 (Q1)",
      "revenue": 227260000,
      "gross_profit": 205654000,
      "operating_income": 14224000,
      "net_income": 8417000,
      "opex": 191430000,
      "cogs": 21606000,
      "rd": 29644000,
      "sga": null,
      "fcf": 13447000,
      "ocf": 14433000,
      "capex": -986000,
      "gross_margin": 0.904928275983455,
      "op_margin": 0.06258910498987943,
      "fcf_margin": 0.059170113526357475,
      "incr_op_margin_yoy": -0.022004554020100504,
      "rev_growth_yoy": 0.8126854481064353,
      "rev_growth_yoy_accel": -0.1125314412799776,
      "op_leverage_ratio": 0.34168418540154144,
      "fcf_margin_change": -0.18595905603623308
    },
    {
      "date": "2022-06-30T00:00:00",
      "quarter_label": "2022-06 (Q2)",
      "revenue": 239943000,
      "gross_profit": 218186000,
      "operating_income": 25097000,
      "net_income": 13110000,
      "opex": 193089000,
      "cogs": 21757000,
      "rd": 30925000,
      "sga": null,
      "fcf": 39986000,
      "ocf": 40664000,
      "capex": -678000,
      "gross_margin": 0.9093242978540736,
      "op_margin": 0.10459567480609978,
      "fcf_margin": 0.1666479122124838,
      "incr_op_margin_yoy": 1.6393310285523752,
      "rev_growth_yoy": 0.3114505902929602,
      "rev_growth_yoy_accel": -0.5012348578134751,
      "op_leverage_ratio": 6.4396550365952505,
      "fcf_margin_change": 0.10747779868612631
    },
    {
      "date": "2022-09-30T00:00:00",
      "quarter_label": "2022-09 (Q3)",
      "revenue": 226968000,
      "gross_profit": 205129000,
      "operating_income": 29471000,
      "net_income": 20556000,
      "opex": 175658000,
      "cogs": 21839000,
      "rd": 33008000,
      "sga": null,
      "fcf": 28691000,
      "ocf": 29251000,
      "capex": -560000,
      "gross_margin": 0.9037793874026294,
      "op_margin": 0.12984649818476612,
      "fcf_margin": 0.12640989038102288,
      "incr_op_margin_yoy": 0.8046306659205372,
      "rev_growth_yoy": 0.06722088474270238,
      "rev_growth_yoy_accel": -0.2442297055502578,
      "fcf_margin_change": -0.04023802183146091
    },
    {
      "date": "2022-12-31T00:00:00",
      "quarter_label": "2022-12 (Q4)",
      "revenue": 210478000,
      "gross_profit": 189382000,
      "operating_income": 28436000,
      "net_income": 19411000,
      "opex": 160946000,
      "cogs": 21096000,
      "rd": 34160000,
      "sga": null,
      "fcf": 43992000,
      "ocf": 44460000,
      "capex": -468000,
      "gross_margin": 0.8997709974439134,
      "op_margin": 0.13510200591035643,
      "fcf_margin": 0.20900996778760725,
      "incr_op_margin_yoy": -0.3048969872657625,
      "rev_growth_yoy": -0.04387722191180946,
      "rev_growth_yoy_accel": -0.11109810665451184,
      "fcf_margin_change": 0.08260007740658437
    },
    {
      "date": "2023-03-31T00:00:00",
      "quarter_label": "2023-03 (Q1)",
      "revenue": 183749000,
      "gross_profit": 163127000,
      "operating_income": 10960000,
      "net_income": 5011000,
      "opex": 152167000,
      "cogs": 20622000,
      "rd": 38294000,
      "sga": null,
      "fcf": 5956000,
      "ocf": 6370000,
      "capex": -414000,
      "gross_margin": 0.8877708178003689,
      "op_margin": 0.05964658311065638,
      "fcf_margin": 0.032413781843710715,
      "incr_op_margin_yoy": 0.07501551331847119,
      "rev_growth_yoy": -0.1914591217108158,
      "rev_growth_yoy_accel": -0.14758189979900635,
      "fcf_margin_change": -0.17659618594389653
    },
    {
      "date": "2023-06-30T00:00:00",
      "quarter_label": "2023-06 (Q2)",
      "revenue": 170421000,
      "gross_profit": 154745000,
      "operating_income": 22524000,
      "net_income": 14380000,
      "opex": 132221000,
      "cogs": 15676000,
      "rd": 38617000,
      "sga": null,
      "fcf": 33045000,
      "ocf": 33083000,
      "capex": -38000,
      "gross_margin": 0.9080160308882121,
      "op_margin": 0.1321668104282923,
      "fcf_margin": 0.1939021599450772,
      "incr_op_margin_yoy": 0.03700986738010989,
      "rev_growth_yoy": -0.28974381415586203,
      "rev_growth_yoy_accel": -0.09828469244504623,
      "fcf_margin_change": 0.1614883781013665
    },
    {
      "date": "2023-09-30T00:00:00",
      "quarter_label": "2023-09 (Q3)",
      "revenue": 155630000,
      "gross_profit": 141097000,
      "operating_income": 32666000,
      "net_income": 24076000,
      "opex": 108431000,
      "cogs": 14533000,
      "rd": 32136000,
      "sga": null,
      "fcf": 28943000,
      "ocf": 29300000,
      "capex": -357000,
      "gross_margin": 0.9066182612606823,
      "op_margin": 0.2098952644091756,
      "fcf_margin": 0.1859731414251751,
      "incr_op_margin_yoy": -0.04478678964927528,
      "rev_growth_yoy": -0.31430862500440593,
      "rev_growth_yoy_accel": -0.024564810848543894,
      "fcf_margin_change": -0.007929018519902103
    },
    {
      "date": "2023-12-31T00:00:00",
      "quarter_label": "2023-12 (Q4)",
      "revenue": 135922000,
      "gross_profit": 122444000,
      "operating_income": 13287000,
      "net_income": 5631000,
      "opex": 109157000,
      "cogs": 13478000,
      "rd": 32754000,
      "sga": null,
      "fcf": 34330000,
      "ocf": 34439000,
      "capex": -109000,
      "gross_margin": 0.9008401877547417,
      "op_margin": 0.09775459454687246,
      "fcf_margin": 0.2525713276732243,
      "incr_op_margin_yoy": 0.20318954879553625,
      "rev_growth_yoy": -0.35422229401647676,
      "rev_growth_yoy_accel": -0.03991366901207083,
      "fcf_margin_change": 0.06659818624804922
    },
    {
      "date": "2024-03-31T00:00:00",
      "quarter_label": "2024-03 (Q1)",
      "revenue": 122239000,
      "gross_profit": 108918000,
      "operating_income": -906000,
      "net_income": -6505000,
      "opex": 109824000,
      "cogs": 13321000,
      "rd": 36076000,
      "sga": null,
      "fcf": 1907000,
      "ocf": 2033000,
      "capex": -126000,
      "gross_margin": 0.8910249593010414,
      "op_margin": -0.007411709847102807,
      "fcf_margin": 0.015600585737775997,
      "incr_op_margin_yoy": 0.19291172167127296,
      "rev_growth_yoy": -0.33475012108909435,
      "rev_growth_yoy_accel": 0.019472172927382403,
      "fcf_margin_change": -0.23697074193544831
    },
    {
      "date": "2024-06-30T00:00:00",
      "quarter_label": "2024-06 (Q2)",
      "revenue": 123658000,
      "gross_profit": 110715000,
      "operating_income": 9423000,
      "net_income": 7014000,
      "opex": 101292000,
      "cogs": 12943000,
      "rd": 33310000,
      "sga": null,
      "fcf": 21707000,
      "ocf": 21864000,
      "capex": -157000,
      "gross_margin": 0.8953322874379337,
      "op_margin": 0.0762021058079542,
      "fcf_margin": 0.1755406039237251,
      "incr_op_margin_yoy": 0.2801573893890469,
      "rev_growth_yoy": -0.2743969346500725,
      "rev_growth_yoy_accel": 0.06035318643902188,
      "op_leverage_ratio": Infinity,
      "fcf_margin_change": 0.1599400181859491
    },
    {
      "date": "2024-09-30T00:00:00",
      "quarter_label": "2024-09 (Q3)",
      "revenue": 117084000,
      "gross_profit": 104702000,
      "operating_income": -3239000,
      "net_income": -2570000,
      "opex": 107941000,
      "cogs": 12382000,
      "rd": 33705000,
      "sga": null,
      "fcf": 9156000,
      "ocf": 9346000,
      "capex": -190000,
      "gross_margin": 0.8942468654982747,
      "op_margin": -0.02766389942263674,
      "fcf_margin": 0.07820026647535103,
      "incr_op_margin_yoy": 0.9314844601255643,
      "rev_growth_yoy": -0.24767718306239156,
      "rev_growth_yoy_accel": 0.026719751587680918,
      "fcf_margin_change": -0.09734033744837409
    },
    {
      "date": "2024-12-31T00:00:00",
      "quarter_label": "2024-12 (Q4)",
      "revenue": 111020000,
      "gross_profit": 99516000,
      "operating_income": -4016000,
      "net_income": -10793000,
      "opex": 103532000,
      "cogs": 11504000,
      "rd": 31740000,
      "sga": null,
      "fcf": 12043000,
      "ocf": 12492000,
      "capex": -449000,
      "gross_margin": 0.8963790308052603,
      "op_margin": -0.0361736624031706,
      "fcf_margin": 0.10847595027922896,
      "incr_op_margin_yoy": 0.6948437876475785,
      "rev_growth_yoy": -0.18320801636232545,
      "rev_growth_yoy_accel": 0.06446916670006611,
      "fcf_margin_change": 0.030275683803877934
    },
    {
      "date": "2025-03-31T00:00:00",
      "quarter_label": "2025-03 (Q1)",
      "revenue": 110065000,
      "gross_profit": 98410000,
      "operating_income": -11669000,
      "net_income": -12831000,
      "opex": 110079000,
      "cogs": 11655000,
      "rd": 33266000,
      "sga": null,
      "fcf": -10209000,
      "ocf": -9914000,
      "capex": -295000,
      "gross_margin": 0.8941080270749103,
      "op_margin": -0.1060191704901649,
      "fcf_margin": -0.09275428156089584,
      "incr_op_margin_yoy": 0.8840972564481683,
      "rev_growth_yoy": -0.09959178330974566,
      "rev_growth_yoy_accel": 0.08361623305257979,
      "fcf_margin_change": -0.20123023184012478
    },
    {
      "date": "2025-06-30T00:00:00",
      "quarter_label": "2025-06 (Q2)",
      "revenue": 112232000,
      "gross_profit": 100269000,
      "operating_income": -6662000,
      "net_income": -9506000,
      "opex": 106931000,
      "cogs": 11963000,
      "rd": 32095000,
      "sga": null,
      "fcf": 10241000,
      "ocf": 10548000,
      "capex": -307000,
      "gross_margin": 0.8934082970988666,
      "op_margin": -0.059359184546296954,
      "fcf_margin": 0.09124848528049041,
      "incr_op_margin_yoy": 1.4077542447050586,
      "rev_growth_yoy": -0.09240000646945608,
      "rev_growth_yoy_accel": 0.007191776840289585,
      "op_leverage_ratio": Infinity,
      "fcf_margin_change": 0.18400276684138625
    },
    {
      "date": "2025-09-30T00:00:00",
      "quarter_label": "2025-09 (Q3)",
      "revenue": 114982000,
      "gross_profit": 102467000,
      "operating_income": -5027000,
      "net_income": -9822000,
      "opex": 107494000,
      "cogs": 12515000,
      "rd": 30854000,
      "sga": null,
      "fcf": 2237000,
      "ocf": 2611000,
      "capex": -374000,
      "gross_margin": 0.8911568767285314,
      "op_margin": -0.04371988659094467,
      "fcf_margin": 0.019455219077768694,
      "incr_op_margin_yoy": 0.8506184586108468,
      "rev_growth_yoy": -0.017952922687984693,
      "rev_growth_yoy_accel": 0.07444708378147138,
      "op_leverage_ratio": 4.653837610167318,
      "fcf_margin_change": -0.07179326620272172
    }
  ],
  "signals": [
    {
      "quarter": "2025-09 (Q3)",
      "signal": "OPERATING LEVERAGE",
      "detail": "Rev growth +2.5% vs OpEx growth +0.5% (leverage: 4.7x)",
      "severity": "MEDIUM"
    },
    {
      "quarter": "2025-09 (Q3)",
      "signal": "YoY REVENUE GROWTH ACCELERATION",
      "detail": "YoY growth: -1.8% vs prior quarter YoY: -9.2% (accel: +7.4%)",
      "severity": "MEDIUM"
    },
    {
      "quarter": "2025-06 (Q2)",
      "signal": "FCF TURNED POSITIVE",
      "detail": "FCF margin: -9.3% -> +9.1%",
      "severity": "HIGH"
    },
    {
      "quarter": "2025-03 (Q1)",
      "signal": "YoY REVENUE GROWTH ACCELERATION",
      "detail": "YoY growth: -10.0% vs prior quarter YoY: -18.3% (accel: +8.4%)",
      "severity": "MEDIUM"
    },
    {
      "quarter": "2024-12 (Q4)",
      "signal": "YoY REVENUE GROWTH ACCELERATION",
      "detail": "YoY growth: -18.3% vs prior quarter YoY: -24.8% (accel: +6.4%)",
      "severity": "MEDIUM"
    },
    {
      "quarter": "2024-06 (Q2)",
      "signal": "FCF MARGIN EXPANSION",
      "detail": "FCF margin: +1.6% -> +17.6% (+16.0%)",
      "severity": "MEDIUM"
    },
    {
      "quarter": "2024-06 (Q2)",
      "signal": "YoY REVENUE GROWTH ACCELERATION",
      "detail": "YoY growth: -27.4% vs prior quarter YoY: -33.5% (accel: +6.0%)",
      "severity": "MEDIUM"
    },
    {
      "quarter": "2024-06 (Q2)",
      "signal": "INCREMENTAL MARGIN (YoY)",
      "detail": "YoY Incr OPM: +28.0% vs year-ago OPM: +13.2%",
      "severity": "MEDIUM"
    },
    {
      "quarter": "2024-06 (Q2)",
      "signal": "OP MARGIN TURNED POSITIVE (QoQ)",
      "detail": "Op margin: -0.7% -> +7.6%",
      "severity": "HIGH"
    },
    {
      "quarter": "2023-12 (Q4)",
      "signal": "FCF MARGIN EXPANSION",
      "detail": "FCF margin: +18.6% -> +25.3% (+6.7%)",
      "severity": "MEDIUM"
    },
    {
      "quarter": "2023-06 (Q2)",
      "signal": "FCF MARGIN EXPANSION",
      "detail": "FCF margin: +3.2% -> +19.4% (+16.1%)",
      "severity": "MEDIUM"
    },
    {
      "quarter": "2023-06 (Q2)",
      "signal": "GROSS MARGIN INFLECTION",
      "detail": "GM: +90.0% -> +88.8% -> +90.8% (reversal +2.0%)",
      "severity": "MEDIUM"
    },
    {
      "quarter": "2023-06 (Q2)",
      "signal": "YoY REVENUE GROWTH DECELERATION",
      "detail": "YoY growth: -29.0% vs prior quarter YoY: -19.1% (decel: -9.8%)",
      "severity": "WARNING"
    },
    {
      "quarter": "2023-03 (Q1)",
      "signal": "YoY REVENUE GROWTH DECELERATION",
      "detail": "YoY growth: -19.1% vs prior quarter YoY: -4.4% (decel: -14.8%)",
      "severity": "WARNING"
    },
    {
      "quarter": "2022-12 (Q4)",
      "signal": "FCF MARGIN EXPANSION",
      "detail": "FCF margin: +12.6% -> +20.9% (+8.3%)",
      "severity": "MEDIUM"
    },
    {
      "quarter": "2022-12 (Q4)",
      "signal": "YoY REVENUE GROWTH DECELERATION",
      "detail": "YoY growth: -4.4% vs prior quarter YoY: +6.7% (decel: -11.1%)",
      "severity": "WARNING"
    },
    {
      "quarter": "2022-09 (Q3)",
      "signal": "YoY REVENUE GROWTH DECELERATION",
      "detail": "YoY growth: +6.7% vs prior quarter YoY: +31.1% (decel: -24.4%)",
      "severity": "WARNING"
    },
    {
      "quarter": "2022-09 (Q3)",
      "signal": "INCREMENTAL MARGIN (YoY)",
      "detail": "YoY Incr OPM: +80.5% vs year-ago OPM: +8.4%",
      "severity": "HIGH"
    },
    {
      "quarter": "2022-06 (Q2)",
      "signal": "FCF MARGIN EXPANSION",
      "detail": "FCF margin: +5.9% -> +16.7% (+10.7%)",
      "severity": "MEDIUM"
    },
    {
      "quarter": "2022-06 (Q2)",
      "signal": "OPERATING LEVERAGE",
      "detail": "Rev growth +5.6% vs OpEx growth +0.9% (leverage: 6.4x)",
      "severity": "MEDIUM"
    },
    {
      "quarter": "2022-06 (Q2)",
      "signal": "YoY REVENUE GROWTH DECELERATION",
      "detail": "YoY growth: +31.1% vs prior quarter YoY: +81.3% (decel: -50.1%)",
      "severity": "WARNING"
    },
    {
      "quarter": "2022-06 (Q2)",
      "signal": "OP MARGIN TURNED POSITIVE (YoY)",
      "detail": "Op margin: -37.3% (year-ago) -> +10.5%",
      "severity": "HIGH"
    },
    {
      "quarter": "2022-03 (Q1)",
      "signal": "YoY REVENUE GROWTH DECELERATION",
      "detail": "YoY growth: +81.3% vs prior quarter YoY: +92.5% (decel: -11.3%)",
      "severity": "WARNING"
    },
    {
      "quarter": "2021-12 (Q4)",
      "signal": "OPERATING LEVERAGE",
      "detail": "Rev growth +3.5% vs OpEx growth +1.4% (leverage: 2.5x)",
      "severity": "MEDIUM"
    },
    {
      "quarter": "2021-09 (Q3)",
      "signal": "FCF MARGIN EXPANSION",
      "detail": "FCF margin: +6.7% -> +23.9% (+17.2%)",
      "severity": "MEDIUM"
    },
    {
      "quarter": "2021-09 (Q3)",
      "signal": "OP MARGIN TURNED POSITIVE (QoQ)",
      "detail": "Op margin: -37.3% -> +8.4%",
      "severity": "HIGH"
    }
  ],
  "data_quality": {
    "n_quarters": 20,
    "coverage": {
      "revenue": [
        20,
        20
      ],
      "gross_profit": [
        20,
        20
      ],
      "op_income": [
        20,
        20
      ],
      "fcf": [
        20,
        20
      ]
    },
    "gaps": [],
    "warnings": []
  },
  "market_cap": null,
  "source": "SEC EDGAR",
  "last_updated": "2026-02-02T22:59:03.269450"
}