{
  "ticker": "ZLAB",
  "name": "ZAI LAB LIMITED",
  "quarters": [
    {
      "date": "2020-12-31T00:00:00",
      "quarter_label": "2020-12 (Q4)",
      "revenue": 15094000,
      "gross_profit": 8272000,
      "operating_income": -95256000,
      "net_income": -76547000,
      "opex": 103528000,
      "cogs": 6822000,
      "rd": 62562000,
      "sga": 40966000,
      "fcf": -49630000,
      "ocf": -44335000,
      "capex": -5295000,
      "gross_margin": 0.5480323307274414,
      "op_margin": -6.310851994169869,
      "fcf_margin": -3.2880614813833313
    },
    {
      "date": "2021-03-31T00:00:00",
      "quarter_label": "2021-03 (Q1)",
      "revenue": 20103000,
      "gross_profit": 12598000,
      "operating_income": -227092000,
      "net_income": -232910000,
      "opex": 239690000,
      "cogs": 7505000,
      "rd": 203852000,
      "sga": 35838000,
      "fcf": -171183000,
      "ocf": -169500000,
      "capex": -1683000,
      "gross_margin": 0.6266726359249863,
      "op_margin": -11.296423419390141,
      "fcf_margin": -8.515296224444112,
      "op_leverage_ratio": 0.2523182061324792,
      "fcf_margin_change": -5.227234743060781
    },
    {
      "date": "2021-06-30T00:00:00",
      "quarter_label": "2021-06 (Q2)",
      "revenue": 36935000,
      "gross_profit": 26067000,
      "operating_income": -170571000,
      "net_income": -163324000,
      "opex": 196638000,
      "cogs": 10868000,
      "rd": 142224000,
      "sga": 54414000,
      "fcf": -69812000,
      "ocf": -65848000,
      "capex": -3964000,
      "gross_margin": 0.705753350480574,
      "op_margin": -4.618139975632869,
      "fcf_margin": -1.8901313117639096,
      "op_leverage_ratio": Infinity,
      "fcf_margin_change": 6.625164912680203
    },
    {
      "date": "2021-09-30T00:00:00",
      "quarter_label": "2021-09 (Q3)",
      "revenue": 43103000,
      "gross_profit": 30941000,
      "operating_income": -83205000,
      "net_income": -96412000,
      "opex": 114146000,
      "cogs": 12162000,
      "rd": 55144000,
      "sga": 59002000,
      "fcf": -167159000,
      "ocf": -160889000,
      "capex": -6270000,
      "gross_margin": 0.7178386655221214,
      "op_margin": -1.9303760759111894,
      "fcf_margin": -3.8781291325429783,
      "op_leverage_ratio": Infinity,
      "fcf_margin_change": -1.9879978207790687
    },
    {
      "date": "2021-12-31T00:00:00",
      "quarter_label": "2021-12 (Q4)",
      "revenue": 43964000,
      "gross_profit": 22260000,
      "operating_income": -219196000,
      "net_income": -211825000,
      "opex": 241456000,
      "cogs": 21704000,
      "rd": 172086000,
      "sga": 69577000,
      "fcf": -159372000,
      "ocf": -152994000,
      "capex": -6378000,
      "gross_margin": 0.5063233554726595,
      "op_margin": -4.985806569011009,
      "fcf_margin": -3.625056864707488,
      "incr_op_margin_yoy": -4.29303775545549,
      "rev_growth_yoy": 1.9126805353120446,
      "op_leverage_ratio": 0.01790992767554851,
      "fcf_margin_change": 0.2530722678354902
    },
    {
      "date": "2022-03-31T00:00:00",
      "quarter_label": "2022-03 (Q1)",
      "revenue": 46724000,
      "gross_profit": 31081000,
      "operating_income": -79764000,
      "net_income": -82394000,
      "opex": 110845000,
      "cogs": 15643000,
      "rd": 53854000,
      "sga": 56991000,
      "fcf": -96870000,
      "ocf": -87127000,
      "capex": -9743000,
      "gross_margin": 0.6652041777245099,
      "op_margin": -1.7071312387638045,
      "fcf_margin": -2.073238592586251,
      "incr_op_margin_yoy": 5.534277450133353,
      "rev_growth_yoy": 1.3242302143958613,
      "rev_growth_yoy_accel": -0.5884503209161833,
      "op_leverage_ratio": Infinity,
      "fcf_margin_change": 1.551818272121237
    },
    {
      "date": "2022-06-30T00:00:00",
      "quarter_label": "2022-06 (Q2)",
      "revenue": 48176000,
      "gross_profit": 30769000,
      "operating_income": -98716000,
      "net_income": -137933000,
      "opex": 129485000,
      "cogs": 17407000,
      "rd": 66084000,
      "sga": 63401000,
      "fcf": -48645000,
      "ocf": -44900000,
      "capex": -3745000,
      "gross_margin": 0.6386790102955828,
      "op_margin": -2.0490700763865823,
      "fcf_margin": -1.0097351378279642,
      "incr_op_margin_yoy": 6.39222489102393,
      "rev_growth_yoy": 0.3043454717747394,
      "rev_growth_yoy_accel": -1.019884742621122,
      "op_leverage_ratio": 0.18479780175649316,
      "fcf_margin_change": 1.063503454758287
    },
    {
      "date": "2022-09-30T00:00:00",
      "quarter_label": "2022-09 (Q3)",
      "revenue": 57540000,
      "gross_profit": 37496000,
      "operating_income": -128583000,
      "net_income": -161190000,
      "opex": 166079000,
      "cogs": 20044000,
      "rd": 99524000,
      "sga": 66555000,
      "fcf": -133007000,
      "ocf": -126323000,
      "capex": -6684000,
      "gross_margin": 0.6516510253736532,
      "op_margin": -2.2346715328467153,
      "fcf_margin": -2.3115571776155717,
      "incr_op_margin_yoy": -3.1431737895684697,
      "rev_growth_yoy": 0.33494188339558734,
      "rev_growth_yoy_accel": 0.03059641162084792,
      "op_leverage_ratio": 0.6877652742988413,
      "fcf_margin_change": -1.3018220397876075
    },
    {
      "date": "2022-12-31T00:00:00",
      "quarter_label": "2022-12 (Q4)",
      "revenue": 62601000,
      "gross_profit": 41677000,
      "operating_income": -97293000,
      "net_income": -61769000,
      "opex": 138970000,
      "cogs": 20924000,
      "rd": 66946000,
      "sga": 72024000,
      "fcf": -113705000,
      "ocf": -109292000,
      "capex": -4413000,
      "gross_margin": 0.6657561380808613,
      "op_margin": -1.5541764508554177,
      "fcf_margin": -1.8163447868244915,
      "incr_op_margin_yoy": 6.540913237108977,
      "rev_growth_yoy": 0.42391502138113,
      "rev_growth_yoy_accel": 0.08897313798554268,
      "op_leverage_ratio": Infinity,
      "fcf_margin_change": 0.49521239079108015
    },
    {
      "date": "2023-03-31T00:00:00",
      "quarter_label": "2023-03 (Q1)",
      "revenue": 62797000,
      "gross_profit": 41460000,
      "operating_income": -69522000,
      "net_income": -49144000,
      "opex": 110982000,
      "cogs": 21337000,
      "rd": 48472000,
      "sga": 62510000,
      "fcf": -72800000,
      "ocf": -69287000,
      "capex": -3513000,
      "gross_margin": 0.6602226220997819,
      "op_margin": -1.1070911030781725,
      "fcf_margin": -1.1592910489354586,
      "incr_op_margin_yoy": 0.6372176942698936,
      "rev_growth_yoy": 0.3439988014724767,
      "rev_growth_yoy_accel": -0.07991621990865333,
      "fcf_margin_change": 0.6570537378890329
    },
    {
      "date": "2023-06-30T00:00:00",
      "quarter_label": "2023-06 (Q2)",
      "revenue": 68864000,
      "gross_profit": 45101000,
      "operating_income": -89501000,
      "net_income": -120895000,
      "opex": 134602000,
      "cogs": 23763000,
      "rd": 76682000,
      "sga": 67920000,
      "fcf": -60423000,
      "ocf": -58702000,
      "capex": -1721000,
      "gross_margin": 0.6549285548327137,
      "op_margin": -1.299677625464684,
      "fcf_margin": -0.8774250697026023,
      "incr_op_margin_yoy": 0.44542730085073473,
      "rev_growth_yoy": 0.4294254400531385,
      "rev_growth_yoy_accel": 0.0854266385806618,
      "op_leverage_ratio": 0.45394971933338907,
      "fcf_margin_change": 0.2818659792328564
    },
    {
      "date": "2023-09-30T00:00:00",
      "quarter_label": "2023-09 (Q3)",
      "revenue": 69228000,
      "gross_profit": 43749000,
      "operating_income": -83570000,
      "net_income": -69152000,
      "opex": 127319000,
      "cogs": 25479000,
      "rd": 58767000,
      "sga": 68552000,
      "fcf": -57028000,
      "ocf": -55272000,
      "capex": -1756000,
      "gross_margin": 0.6319552782111284,
      "op_margin": -1.207170509042584,
      "fcf_margin": -0.823770728606922,
      "incr_op_margin_yoy": 3.8512149212867897,
      "rev_growth_yoy": 0.20312825860271116,
      "rev_growth_yoy_accel": -0.22629718145042732,
      "fcf_margin_change": 0.053654341095680236
    },
    {
      "date": "2023-12-31T00:00:00",
      "quarter_label": "2023-12 (Q4)",
      "revenue": 65830000,
      "gross_profit": 40593000,
      "operating_income": -123981000,
      "net_income": -95429000,
      "opex": 164574000,
      "cogs": 25237000,
      "rd": 81948000,
      "sga": 82626000,
      "fcf": -15139000,
      "ocf": -14917000,
      "capex": -222000,
      "gross_margin": 0.6166337536077776,
      "op_margin": -1.8833510557496582,
      "fcf_margin": -0.22997113777912806,
      "incr_op_margin_yoy": -8.265097553422112,
      "rev_growth_yoy": 0.051580645676586635,
      "rev_growth_yoy_accel": -0.15154761292612454,
      "fcf_margin_change": 0.593799590827794
    },
    {
      "date": "2024-03-31T00:00:00",
      "quarter_label": "2024-03 (Q1)",
      "revenue": 87149000,
      "gross_profit": 53530000,
      "operating_income": -70309000,
      "net_income": -53471000,
      "opex": 123839000,
      "cogs": 33619000,
      "rd": 54645000,
      "sga": 69194000,
      "fcf": -91080000,
      "ocf": -90106000,
      "capex": -974000,
      "gross_margin": 0.614235389964314,
      "op_margin": -0.8067677196525491,
      "fcf_margin": -1.0451066564160232,
      "incr_op_margin_yoy": -0.0323176741130092,
      "rev_growth_yoy": 0.38778922559994905,
      "rev_growth_yoy_accel": 0.3362085799233624,
      "op_leverage_ratio": Infinity,
      "fcf_margin_change": -0.8151355186368952
    },
    {
      "date": "2024-06-30T00:00:00",
      "quarter_label": "2024-06 (Q2)",
      "revenue": 100504000,
      "gross_profit": 65356000,
      "operating_income": -76064000,
      "net_income": -80277000,
      "opex": 141420000,
      "cogs": 35148000,
      "rd": 61625000,
      "sga": 79710000,
      "fcf": -42914000,
      "ocf": -42173000,
      "capex": -741000,
      "gross_margin": 0.6502825758178779,
      "op_margin": -0.7568255989811351,
      "fcf_margin": -0.42698798057788745,
      "incr_op_margin_yoy": 0.42468394437420987,
      "rev_growth_yoy": 0.45945631970260226,
      "rev_growth_yoy_accel": 0.0716670941026532,
      "op_leverage_ratio": 1.0794321442997101,
      "fcf_margin_change": 0.6181186758381357
    },
    {
      "date": "2024-09-30T00:00:00",
      "quarter_label": "2024-09 (Q3)",
      "revenue": 102265000,
      "gross_profit": 65696000,
      "operating_income": -67853000,
      "net_income": -41671000,
      "opex": 133549000,
      "cogs": 36569000,
      "rd": 65982000,
      "sga": 67219000,
      "fcf": -28163000,
      "ocf": -26821000,
      "capex": -1342000,
      "gross_margin": 0.6424094264900014,
      "op_margin": -0.6635016867941134,
      "fcf_margin": -0.27539236297853614,
      "incr_op_margin_yoy": 0.4757393225777159,
      "rev_growth_yoy": 0.47722019991910786,
      "rev_growth_yoy_accel": 0.0177638802165056,
      "op_leverage_ratio": Infinity,
      "fcf_margin_change": 0.1515956175993513
    },
    {
      "date": "2024-12-31T00:00:00",
      "quarter_label": "2024-12 (Q4)",
      "revenue": 109070000,
      "gross_profit": 67288000,
      "operating_income": -67891000,
      "net_income": -81684000,
      "opex": 135179000,
      "cogs": 41782000,
      "rd": 52252000,
      "sga": 82618000,
      "fcf": -58369000,
      "ocf": -55769000,
      "capex": -2600000,
      "gross_margin": 0.6169249106078665,
      "op_margin": -0.6224534702484643,
      "fcf_margin": -0.5351517374163381,
      "incr_op_margin_yoy": 1.2971785383903793,
      "rev_growth_yoy": 0.6568433844751633,
      "rev_growth_yoy_accel": 0.17962318455605547,
      "op_leverage_ratio": 5.451978604845645,
      "fcf_margin_change": -0.259759374437802
    },
    {
      "date": "2025-03-31T00:00:00",
      "quarter_label": "2025-03 (Q1)",
      "revenue": 106487000,
      "gross_profit": 68035000,
      "operating_income": -56311000,
      "net_income": -48438000,
      "opex": 124346000,
      "cogs": 38452000,
      "rd": 60729000,
      "sga": 63422000,
      "fcf": -63233000,
      "ocf": -61699000,
      "capex": -1534000,
      "gross_margin": 0.638904279395607,
      "op_margin": -0.5288063331674289,
      "fcf_margin": -0.5938095729995211,
      "incr_op_margin_yoy": 0.7238597579894508,
      "rev_growth_yoy": 0.2218958335723875,
      "rev_growth_yoy_accel": -0.4349475509027758,
      "fcf_margin_change": -0.05865783558318294
    },
    {
      "date": "2025-06-30T00:00:00",
      "quarter_label": "2025-06 (Q2)",
      "revenue": 109977000,
      "gross_profit": 66974000,
      "operating_income": -54895000,
      "net_income": -40727000,
      "opex": 121869000,
      "cogs": 43003000,
      "rd": 50614000,
      "sga": 71038000,
      "fcf": -33909000,
      "ocf": -31024000,
      "capex": -2885000,
      "gross_margin": 0.6089818780290425,
      "op_margin": -0.49914982223555837,
      "fcf_margin": -0.30832810496740226,
      "incr_op_margin_yoy": 2.2346669481684787,
      "rev_growth_yoy": 0.0942549550266656,
      "rev_growth_yoy_accel": -0.12764087854572193,
      "op_leverage_ratio": Infinity,
      "fcf_margin_change": 0.2854814680321188
    },
    {
      "date": "2025-09-30T00:00:00",
      "quarter_label": "2025-09 (Q3)",
      "revenue": 116095000,
      "gross_profit": 69331000,
      "operating_income": -48822000,
      "net_income": -35963000,
      "opex": 118153000,
      "cogs": 46764000,
      "rd": 47928000,
      "sga": 70106000,
      "fcf": -35049000,
      "ocf": -32044000,
      "capex": -3005000,
      "gross_margin": 0.5971919548645506,
      "op_margin": -0.42053490675739696,
      "fcf_margin": -0.30189930660235154,
      "incr_op_margin_yoy": 1.3760665220535069,
      "rev_growth_yoy": 0.13523688456461155,
      "rev_growth_yoy_accel": 0.04098192953794595,
      "op_leverage_ratio": Infinity,
      "fcf_margin_change": 0.006428798365050725
    }
  ],
  "signals": [
    {
      "quarter": "2025-06 (Q2)",
      "signal": "FCF MARGIN EXPANSION",
      "detail": "FCF margin: -59.4% -> -30.8% (+28.5%)",
      "severity": "MEDIUM"
    },
    {
      "quarter": "2025-06 (Q2)",
      "signal": "YoY REVENUE GROWTH DECELERATION",
      "detail": "YoY growth: +9.4% vs prior quarter YoY: +22.2% (decel: -12.8%)",
      "severity": "WARNING"
    },
    {
      "quarter": "2025-03 (Q1)",
      "signal": "GROSS MARGIN INFLECTION",
      "detail": "GM: +64.2% -> +61.7% -> +63.9% (reversal +2.2%)",
      "severity": "MEDIUM"
    },
    {
      "quarter": "2025-03 (Q1)",
      "signal": "YoY REVENUE GROWTH DECELERATION",
      "detail": "YoY growth: +22.2% vs prior quarter YoY: +65.7% (decel: -43.5%)",
      "severity": "WARNING"
    },
    {
      "quarter": "2024-12 (Q4)",
      "signal": "OPERATING LEVERAGE",
      "detail": "Rev growth +6.7% vs OpEx growth +1.2% (leverage: 5.5x)",
      "severity": "MEDIUM"
    },
    {
      "quarter": "2024-12 (Q4)",
      "signal": "YoY REVENUE GROWTH ACCELERATION",
      "detail": "YoY growth: +65.7% vs prior quarter YoY: +47.7% (accel: +18.0%)",
      "severity": "HIGH"
    },
    {
      "quarter": "2024-09 (Q3)",
      "signal": "FCF MARGIN EXPANSION",
      "detail": "FCF margin: -42.7% -> -27.5% (+15.2%)",
      "severity": "MEDIUM"
    },
    {
      "quarter": "2024-06 (Q2)",
      "signal": "FCF MARGIN EXPANSION",
      "detail": "FCF margin: -104.5% -> -42.7% (+61.8%)",
      "severity": "MEDIUM"
    },
    {
      "quarter": "2024-06 (Q2)",
      "signal": "GROSS MARGIN INFLECTION",
      "detail": "GM: +61.7% -> +61.4% -> +65.0% (reversal +3.6%)",
      "severity": "MEDIUM"
    },
    {
      "quarter": "2024-06 (Q2)",
      "signal": "YoY REVENUE GROWTH ACCELERATION",
      "detail": "YoY growth: +45.9% vs prior quarter YoY: +38.8% (accel: +7.2%)",
      "severity": "MEDIUM"
    },
    {
      "quarter": "2024-03 (Q1)",
      "signal": "YoY REVENUE GROWTH ACCELERATION",
      "detail": "YoY growth: +38.8% vs prior quarter YoY: +5.2% (accel: +33.6%)",
      "severity": "HIGH"
    },
    {
      "quarter": "2023-12 (Q4)",
      "signal": "FCF MARGIN EXPANSION",
      "detail": "FCF margin: -82.4% -> -23.0% (+59.4%)",
      "severity": "MEDIUM"
    },
    {
      "quarter": "2023-12 (Q4)",
      "signal": "YoY REVENUE GROWTH DECELERATION",
      "detail": "YoY growth: +5.2% vs prior quarter YoY: +20.3% (decel: -15.2%)",
      "severity": "WARNING"
    },
    {
      "quarter": "2023-09 (Q3)",
      "signal": "FCF MARGIN EXPANSION",
      "detail": "FCF margin: -87.7% -> -82.4% (+5.4%)",
      "severity": "MEDIUM"
    },
    {
      "quarter": "2023-09 (Q3)",
      "signal": "YoY REVENUE GROWTH DECELERATION",
      "detail": "YoY growth: +20.3% vs prior quarter YoY: +42.9% (decel: -22.6%)",
      "severity": "WARNING"
    },
    {
      "quarter": "2023-06 (Q2)",
      "signal": "FCF MARGIN EXPANSION",
      "detail": "FCF margin: -115.9% -> -87.7% (+28.2%)",
      "severity": "MEDIUM"
    },
    {
      "quarter": "2023-06 (Q2)",
      "signal": "YoY REVENUE GROWTH ACCELERATION",
      "detail": "YoY growth: +42.9% vs prior quarter YoY: +34.4% (accel: +8.5%)",
      "severity": "MEDIUM"
    },
    {
      "quarter": "2023-03 (Q1)",
      "signal": "FCF MARGIN EXPANSION",
      "detail": "FCF margin: -181.6% -> -115.9% (+65.7%)",
      "severity": "MEDIUM"
    },
    {
      "quarter": "2023-03 (Q1)",
      "signal": "YoY REVENUE GROWTH DECELERATION",
      "detail": "YoY growth: +34.4% vs prior quarter YoY: +42.4% (decel: -8.0%)",
      "severity": "WARNING"
    },
    {
      "quarter": "2022-12 (Q4)",
      "signal": "FCF MARGIN EXPANSION",
      "detail": "FCF margin: -231.2% -> -181.6% (+49.5%)",
      "severity": "MEDIUM"
    },
    {
      "quarter": "2022-12 (Q4)",
      "signal": "YoY REVENUE GROWTH ACCELERATION",
      "detail": "YoY growth: +42.4% vs prior quarter YoY: +33.5% (accel: +8.9%)",
      "severity": "MEDIUM"
    },
    {
      "quarter": "2022-06 (Q2)",
      "signal": "FCF MARGIN EXPANSION",
      "detail": "FCF margin: -207.3% -> -101.0% (+106.4%)",
      "severity": "MEDIUM"
    },
    {
      "quarter": "2022-06 (Q2)",
      "signal": "YoY REVENUE GROWTH DECELERATION",
      "detail": "YoY growth: +30.4% vs prior quarter YoY: +132.4% (decel: -102.0%)",
      "severity": "WARNING"
    },
    {
      "quarter": "2022-03 (Q1)",
      "signal": "FCF MARGIN EXPANSION",
      "detail": "FCF margin: -362.5% -> -207.3% (+155.2%)",
      "severity": "MEDIUM"
    },
    {
      "quarter": "2022-03 (Q1)",
      "signal": "GROSS MARGIN INFLECTION",
      "detail": "GM: +71.8% -> +50.6% -> +66.5% (reversal +15.9%)",
      "severity": "HIGH"
    },
    {
      "quarter": "2022-03 (Q1)",
      "signal": "YoY REVENUE GROWTH DECELERATION",
      "detail": "YoY growth: +132.4% vs prior quarter YoY: +191.3% (decel: -58.8%)",
      "severity": "WARNING"
    },
    {
      "quarter": "2021-12 (Q4)",
      "signal": "FCF MARGIN EXPANSION",
      "detail": "FCF margin: -387.8% -> -362.5% (+25.3%)",
      "severity": "MEDIUM"
    },
    {
      "quarter": "2021-06 (Q2)",
      "signal": "FCF MARGIN EXPANSION",
      "detail": "FCF margin: -851.5% -> -189.0% (+662.5%)",
      "severity": "MEDIUM"
    }
  ],
  "data_quality": {
    "n_quarters": 20,
    "coverage": {
      "revenue": [
        20,
        20
      ],
      "gross_profit": [
        20,
        20
      ],
      "op_income": [
        20,
        20
      ],
      "fcf": [
        20,
        20
      ]
    },
    "gaps": [],
    "warnings": []
  },
  "market_cap": null,
  "source": "SEC EDGAR",
  "last_updated": "2026-02-02T21:39:20.415238"
}