{
  "ticker": "ZM",
  "name": "Zoom Communications, Inc.",
  "quarters": [
    {
      "date": "2021-01-31T00:00:00",
      "quarter_label": "2021-01 (Q1)",
      "revenue": 882485000,
      "gross_profit": 615201000,
      "operating_income": 256117000,
      "net_income": 260610000,
      "opex": 359084000,
      "cogs": 267284000,
      "rd": 52375000,
      "sga": null,
      "fcf": 377941000,
      "ocf": 399396000,
      "capex": -21455000,
      "gross_margin": 0.6971234638549098,
      "op_margin": 0.2902224966996606,
      "fcf_margin": 0.4282690357343184
    },
    {
      "date": "2021-04-30T00:00:00",
      "quarter_label": "2021-04 (Q2)",
      "revenue": 956237000,
      "gross_profit": 691243000,
      "operating_income": 226312000,
      "net_income": 227531000,
      "opex": 464931000,
      "cogs": 264994000,
      "rd": 65175000,
      "sga": null,
      "fcf": 454228000,
      "ocf": 533302000,
      "capex": -79074000,
      "gross_margin": 0.7228783240974779,
      "op_margin": 0.2366693612566759,
      "fcf_margin": 0.4750161309382507,
      "op_leverage_ratio": 0.28352017657216483,
      "fcf_margin_change": 0.046747095203932276
    },
    {
      "date": "2021-07-31T00:00:00",
      "quarter_label": "2021-07 (Q3)",
      "revenue": 1021495000,
      "gross_profit": 760239000,
      "operating_income": 294603000,
      "net_income": 317084000,
      "opex": 465636000,
      "cogs": 261256000,
      "rd": 82311000,
      "sga": null,
      "fcf": 455037000,
      "ocf": 468012000,
      "capex": -12975000,
      "gross_margin": 0.7442415283481564,
      "op_margin": 0.28840376115399485,
      "fcf_margin": 0.4454617986382704,
      "op_leverage_ratio": 45.005708506475266,
      "fcf_margin_change": -0.02955433229998028
    },
    {
      "date": "2021-10-31T00:00:00",
      "quarter_label": "2021-10 (Q4)",
      "revenue": 1050756000,
      "gross_profit": 779799000,
      "operating_income": 290857000,
      "net_income": 340383000,
      "opex": 488942000,
      "cogs": 270957000,
      "rd": 98508000,
      "sga": null,
      "fcf": 374789000,
      "ocf": 394556000,
      "capex": -19767000,
      "gross_margin": 0.7421313796923358,
      "op_margin": 0.2768073653636049,
      "fcf_margin": 0.3566850914960276,
      "op_leverage_ratio": 0.5723105168569621,
      "fcf_margin_change": -0.08877670714224278
    },
    {
      "date": "2022-01-31T00:00:00",
      "quarter_label": "2022-01 (Q1)",
      "revenue": 1071376000,
      "gross_profit": 814029000,
      "operating_income": 251819000,
      "net_income": 490641000,
      "opex": 562210000,
      "cogs": 257347000,
      "rd": 116996000,
      "sga": null,
      "fcf": 188622000,
      "ocf": 209396000,
      "capex": -20774000,
      "gross_margin": 0.7597976807395349,
      "op_margin": 0.23504259942354505,
      "fcf_margin": 0.17605583847314107,
      "incr_op_margin_yoy": -0.022753863339174445,
      "rev_growth_yoy": 0.21404443135010792,
      "op_leverage_ratio": 0.13095732346260894,
      "fcf_margin_change": -0.18062925302288654
    },
    {
      "date": "2022-04-30T00:00:00",
      "quarter_label": "2022-04 (Q2)",
      "revenue": 1073800000,
      "gross_profit": 811979000,
      "operating_income": 187065000,
      "net_income": 113658000,
      "opex": 624914000,
      "cogs": 261821000,
      "rd": 144291000,
      "sga": null,
      "fcf": 501113000,
      "ocf": 526151000,
      "capex": -25038000,
      "gross_margin": 0.7561734028683181,
      "op_margin": 0.17420841869994413,
      "fcf_margin": 0.4666725647234122,
      "incr_op_margin_yoy": -0.3338380272704848,
      "rev_growth_yoy": 0.12294337073340605,
      "rev_growth_yoy_accel": -0.09110106061670187,
      "fcf_margin_change": 0.29061672625027113
    },
    {
      "date": "2022-07-31T00:00:00",
      "quarter_label": "2022-07 (Q3)",
      "revenue": 1099458000,
      "gross_profit": 825847000,
      "operating_income": 121743000,
      "net_income": 45750000,
      "opex": 704104000,
      "cogs": 273611000,
      "rd": 172564000,
      "sga": null,
      "fcf": 229377000,
      "ocf": 257209000,
      "capex": -27832000,
      "gross_margin": 0.7511401072164648,
      "op_margin": 0.11073001424338173,
      "fcf_margin": 0.2086273418357045,
      "incr_op_margin_yoy": -2.217205597527032,
      "rev_growth_yoy": 0.07632244895961311,
      "rev_growth_yoy_accel": -0.04662092177379294,
      "op_leverage_ratio": 0.18855988841763027,
      "fcf_margin_change": -0.2580452228877077
    },
    {
      "date": "2022-10-31T00:00:00",
      "quarter_label": "2022-10 (Q4)",
      "revenue": 1101899000,
      "gross_profit": 831234000,
      "operating_income": 66508000,
      "net_income": 48353000,
      "opex": 764726000,
      "cogs": 270665000,
      "rd": 195946000,
      "sga": null,
      "fcf": 272616000,
      "ocf": 295314000,
      "capex": -22698000,
      "gross_margin": 0.7543649644840408,
      "op_margin": 0.06035761898322804,
      "fcf_margin": 0.24740561521518759,
      "incr_op_margin_yoy": -4.386700037150734,
      "rev_growth_yoy": 0.048672574793767534,
      "rev_growth_yoy_accel": -0.027649874165845578,
      "fcf_margin_change": 0.038778273379483086
    },
    {
      "date": "2023-01-31T00:00:00",
      "quarter_label": "2023-01 (Q1)",
      "revenue": 1117803000,
      "gross_profit": 823449000,
      "operating_income": -129887000,
      "net_income": -104050000,
      "opex": 953336000,
      "cogs": 294354000,
      "rd": 261258000,
      "sga": null,
      "fcf": 183330000,
      "ocf": 211588000,
      "capex": -28258000,
      "gross_margin": 0.7366673734101626,
      "op_margin": -0.11619847146590231,
      "fcf_margin": 0.16400922166070409,
      "incr_op_margin_yoy": -8.221638270833783,
      "rev_growth_yoy": 0.043333992921252666,
      "rev_growth_yoy_accel": -0.005338581872514868,
      "op_leverage_ratio": 0.058520188870393536,
      "fcf_margin_change": -0.0833963935544835
    },
    {
      "date": "2023-04-30T00:00:00",
      "quarter_label": "2023-04 (Q2)",
      "revenue": 1105364000,
      "gross_profit": 841417000,
      "operating_income": 9742000,
      "net_income": 15444000,
      "opex": 831675000,
      "cogs": 263947000,
      "rd": 209271000,
      "sga": null,
      "fcf": 396661000,
      "ocf": 418487000,
      "capex": -21826000,
      "gross_margin": 0.7612125960317144,
      "op_margin": 0.00881338635960643,
      "fcf_margin": 0.3588510210211297,
      "incr_op_margin_yoy": -5.617887466734254,
      "rev_growth_yoy": 0.029394673123486682,
      "rev_growth_yoy_accel": -0.013939319797765984,
      "fcf_margin_change": 0.19484179936042562
    },
    {
      "date": "2023-07-31T00:00:00",
      "quarter_label": "2023-07 (Q3)",
      "revenue": 1138676000,
      "gross_profit": 872117000,
      "operating_income": 177618000,
      "net_income": 181974000,
      "opex": 694499000,
      "cogs": 266559000,
      "rd": 191802000,
      "sga": null,
      "fcf": 289371000,
      "ocf": 335971000,
      "capex": -46600000,
      "gross_margin": 0.7659044363804981,
      "op_margin": 0.1559864263407677,
      "fcf_margin": 0.254129357253512,
      "incr_op_margin_yoy": 1.4247284410219796,
      "rev_growth_yoy": 0.03567030300384371,
      "rev_growth_yoy_accel": 0.006275629880357028,
      "op_leverage_ratio": Infinity,
      "fcf_margin_change": -0.10472166376761771
    },
    {
      "date": "2023-10-31T00:00:00",
      "quarter_label": "2023-10 (Q4)",
      "revenue": 1136727000,
      "gross_profit": 865739000,
      "operating_income": 169389000,
      "net_income": 141212000,
      "opex": 696350000,
      "cogs": 270988000,
      "rd": 196832000,
      "sga": null,
      "fcf": 453166000,
      "ocf": 493153000,
      "capex": -39987000,
      "gross_margin": 0.761606788613273,
      "op_margin": 0.14901467106877905,
      "fcf_margin": 0.39865860492448935,
      "incr_op_margin_yoy": 2.953973814172505,
      "rev_growth_yoy": 0.03160725257033539,
      "rev_growth_yoy_accel": -0.004063050433508318,
      "fcf_margin_change": 0.14452924767097736
    },
    {
      "date": "2024-01-31T00:00:00",
      "quarter_label": "2024-01 (Q1)",
      "revenue": 1146457000,
      "gross_profit": 870150000,
      "operating_income": 168530000,
      "net_income": 298832000,
      "opex": 701620000,
      "cogs": 276307000,
      "rd": 205282000,
      "sga": null,
      "fcf": 332685000,
      "ocf": 351225000,
      "capex": -18540000,
      "gross_margin": 0.7589905247209446,
      "op_margin": 0.14700071611931367,
      "fcf_margin": 0.2901853274915675,
      "incr_op_margin_yoy": 10.414497103371257,
      "rev_growth_yoy": 0.025634212826410378,
      "rev_growth_yoy_accel": -0.005973039743925015,
      "fcf_margin_change": -0.10847327743292184
    },
    {
      "date": "2024-04-30T00:00:00",
      "quarter_label": "2024-04 (Q2)",
      "revenue": 1141234000,
      "gross_profit": 867932000,
      "operating_income": 203022000,
      "net_income": 216308000,
      "opex": 664910000,
      "cogs": 273302000,
      "rd": 205558000,
      "sga": null,
      "fcf": 569683000,
      "ocf": 588191000,
      "capex": -18508000,
      "gross_margin": 0.7605206294239394,
      "op_margin": 0.1778969080837059,
      "fcf_margin": 0.4991815876498597,
      "incr_op_margin_yoy": 5.38834680791748,
      "rev_growth_yoy": 0.032450848770178876,
      "rev_growth_yoy_accel": 0.006816635943768499,
      "fcf_margin_change": 0.2089962601582922
    },
    {
      "date": "2024-07-31T00:00:00",
      "quarter_label": "2024-07 (Q3)",
      "revenue": 1162520000,
      "gross_profit": 877431000,
      "operating_income": 202370000,
      "net_income": 219015000,
      "opex": 675061000,
      "cogs": 285089000,
      "rd": 206756000,
      "sga": null,
      "fcf": 365100000,
      "ocf": 449334000,
      "capex": -84234000,
      "gross_margin": 0.7547663696108454,
      "op_margin": 0.17407872552730275,
      "fcf_margin": 0.3140591129614974,
      "incr_op_margin_yoy": 1.0380808589162893,
      "rev_growth_yoy": 0.020940109390204062,
      "rev_growth_yoy_accel": -0.011510739379974815,
      "op_leverage_ratio": 1.221724808634441,
      "fcf_margin_change": -0.1851224746883623
    },
    {
      "date": "2024-10-31T00:00:00",
      "quarter_label": "2024-10 (Q4)",
      "revenue": 1177541000,
      "gross_profit": 893660000,
      "operating_income": 182840000,
      "net_income": 207050000,
      "opex": 710820000,
      "cogs": 283881000,
      "rd": 222980000,
      "sga": null,
      "fcf": 457733000,
      "ocf": 483217000,
      "capex": -25484000,
      "gross_margin": 0.7589204961865447,
      "op_margin": 0.1552727251110577,
      "fcf_margin": 0.3887193736778592,
      "incr_op_margin_yoy": 0.32956828539226735,
      "rev_growth_yoy": 0.035904839068659405,
      "rev_growth_yoy_accel": 0.014964729678455344,
      "op_leverage_ratio": 0.24392486092393229,
      "fcf_margin_change": 0.07466026071636178
    },
    {
      "date": "2025-01-31T00:00:00",
      "quarter_label": "2025-01 (Q1)",
      "revenue": 1184138000,
      "gross_profit": 896783000,
      "operating_income": 225063000,
      "net_income": 367865000,
      "opex": 671720000,
      "cogs": 287355000,
      "rd": 217121000,
      "sga": null,
      "fcf": 416232000,
      "ocf": 424566000,
      "capex": -8334000,
      "gross_margin": 0.7573298044653579,
      "op_margin": 0.19006484041555968,
      "fcf_margin": 0.35150632780976543,
      "incr_op_margin_yoy": 1.500305193598896,
      "rev_growth_yoy": 0.03286734696547712,
      "rev_growth_yoy_accel": -0.003037492103182285,
      "fcf_margin_change": -0.037213045868093764
    },
    {
      "date": "2025-04-30T00:00:00",
      "quarter_label": "2025-04 (Q2)",
      "revenue": 1174715000,
      "gross_profit": 896313000,
      "operating_income": 241592000,
      "net_income": 254603000,
      "opex": 654721000,
      "cogs": 278402000,
      "rd": 205416000,
      "sga": null,
      "fcf": 463351000,
      "ocf": 489261000,
      "capex": -25910000,
      "gross_margin": 0.7630046436795308,
      "op_margin": 0.20566009627867185,
      "fcf_margin": 0.3944369485364535,
      "incr_op_margin_yoy": 1.1519966548191511,
      "rev_growth_yoy": 0.02933754164351921,
      "rev_growth_yoy_accel": -0.003529805321957912,
      "fcf_margin_change": 0.042930620726688073
    },
    {
      "date": "2025-07-31T00:00:00",
      "quarter_label": "2025-07 (Q3)",
      "revenue": 1217227000,
      "gross_profit": 944062000,
      "operating_income": 321735000,
      "net_income": 358592000,
      "opex": 622327000,
      "cogs": 273165000,
      "rd": 206447000,
      "sga": null,
      "fcf": 507974000,
      "ocf": 515940000,
      "capex": -7966000,
      "gross_margin": 0.7755841761643473,
      "op_margin": 0.264317994917957,
      "fcf_margin": 0.4173206805304187,
      "incr_op_margin_yoy": 2.1818962838393623,
      "rev_growth_yoy": 0.0470589753294567,
      "rev_growth_yoy_accel": 0.017721433685937493,
      "op_leverage_ratio": Infinity,
      "fcf_margin_change": 0.022883731993965206
    },
    {
      "date": "2025-10-31T00:00:00",
      "quarter_label": "2025-10 (Q4)",
      "revenue": 1229835000,
      "gross_profit": 958065000,
      "operating_income": 310414000,
      "net_income": 612873000,
      "opex": 647651000,
      "cogs": 271770000,
      "rd": 210097000,
      "sga": null,
      "fcf": 614317000,
      "ocf": 629326000,
      "capex": -15009000,
      "gross_margin": 0.7790191367134616,
      "op_margin": 0.2524029646253359,
      "fcf_margin": 0.4995117231173287,
      "incr_op_margin_yoy": 2.4395532948330594,
      "rev_growth_yoy": 0.044409494021864206,
      "rev_growth_yoy_accel": -0.0026494813075924953,
      "op_leverage_ratio": 0.2545428847399498,
      "fcf_margin_change": 0.08219104258691001
    }
  ],
  "signals": [
    {
      "quarter": "2025-10 (Q4)",
      "signal": "FCF MARGIN EXPANSION",
      "detail": "FCF margin: +41.7% -> +50.0% (+8.2%)",
      "severity": "MEDIUM"
    },
    {
      "quarter": "2025-10 (Q4)",
      "signal": "INCREMENTAL MARGIN (YoY)",
      "detail": "YoY Incr OPM: +244.0% vs year-ago OPM: +15.5%",
      "severity": "HIGH"
    },
    {
      "quarter": "2025-07 (Q3)",
      "signal": "INCREMENTAL MARGIN (YoY)",
      "detail": "YoY Incr OPM: +218.2% vs year-ago OPM: +17.4%",
      "severity": "HIGH"
    },
    {
      "quarter": "2025-04 (Q2)",
      "signal": "INCREMENTAL MARGIN (YoY)",
      "detail": "YoY Incr OPM: +115.2% vs year-ago OPM: +17.8%",
      "severity": "HIGH"
    },
    {
      "quarter": "2025-01 (Q1)",
      "signal": "INCREMENTAL MARGIN (YoY)",
      "detail": "YoY Incr OPM: +150.0% vs year-ago OPM: +14.7%",
      "severity": "HIGH"
    },
    {
      "quarter": "2024-10 (Q4)",
      "signal": "FCF MARGIN EXPANSION",
      "detail": "FCF margin: +31.4% -> +38.9% (+7.5%)",
      "severity": "MEDIUM"
    },
    {
      "quarter": "2024-10 (Q4)",
      "signal": "INCREMENTAL MARGIN (YoY)",
      "detail": "YoY Incr OPM: +33.0% vs year-ago OPM: +14.9%",
      "severity": "MEDIUM"
    },
    {
      "quarter": "2024-07 (Q3)",
      "signal": "INCREMENTAL MARGIN (YoY)",
      "detail": "YoY Incr OPM: +103.8% vs year-ago OPM: +15.6%",
      "severity": "HIGH"
    },
    {
      "quarter": "2024-04 (Q2)",
      "signal": "FCF MARGIN EXPANSION",
      "detail": "FCF margin: +29.0% -> +49.9% (+20.9%)",
      "severity": "MEDIUM"
    },
    {
      "quarter": "2024-04 (Q2)",
      "signal": "INCREMENTAL MARGIN (YoY)",
      "detail": "YoY Incr OPM: +538.8% vs year-ago OPM: +0.9%",
      "severity": "HIGH"
    },
    {
      "quarter": "2024-01 (Q1)",
      "signal": "OP MARGIN TURNED POSITIVE (YoY)",
      "detail": "Op margin: -11.6% (year-ago) -> +14.7%",
      "severity": "HIGH"
    },
    {
      "quarter": "2023-10 (Q4)",
      "signal": "FCF MARGIN EXPANSION",
      "detail": "FCF margin: +25.4% -> +39.9% (+14.5%)",
      "severity": "MEDIUM"
    },
    {
      "quarter": "2023-10 (Q4)",
      "signal": "INCREMENTAL MARGIN (YoY)",
      "detail": "YoY Incr OPM: +295.4% vs year-ago OPM: +6.0%",
      "severity": "HIGH"
    },
    {
      "quarter": "2023-07 (Q3)",
      "signal": "INCREMENTAL MARGIN (YoY)",
      "detail": "YoY Incr OPM: +142.5% vs year-ago OPM: +11.1%",
      "severity": "HIGH"
    },
    {
      "quarter": "2023-04 (Q2)",
      "signal": "FCF MARGIN EXPANSION",
      "detail": "FCF margin: +16.4% -> +35.9% (+19.5%)",
      "severity": "MEDIUM"
    },
    {
      "quarter": "2023-04 (Q2)",
      "signal": "GROSS MARGIN INFLECTION",
      "detail": "GM: +75.4% -> +73.7% -> +76.1% (reversal +2.5%)",
      "severity": "MEDIUM"
    },
    {
      "quarter": "2023-04 (Q2)",
      "signal": "OP MARGIN TURNED POSITIVE (QoQ)",
      "detail": "Op margin: -11.6% -> +0.9%",
      "severity": "HIGH"
    },
    {
      "quarter": "2022-04 (Q2)",
      "signal": "FCF MARGIN EXPANSION",
      "detail": "FCF margin: +17.6% -> +46.7% (+29.1%)",
      "severity": "MEDIUM"
    },
    {
      "quarter": "2022-04 (Q2)",
      "signal": "YoY REVENUE GROWTH DECELERATION",
      "detail": "YoY growth: +12.3% vs prior quarter YoY: +21.4% (decel: -9.1%)",
      "severity": "WARNING"
    },
    {
      "quarter": "2021-07 (Q3)",
      "signal": "OPERATING LEVERAGE",
      "detail": "Rev growth +6.8% vs OpEx growth +0.2% (leverage: 45.0x)",
      "severity": "MEDIUM"
    }
  ],
  "data_quality": {
    "n_quarters": 20,
    "coverage": {
      "revenue": [
        20,
        20
      ],
      "gross_profit": [
        20,
        20
      ],
      "op_income": [
        20,
        20
      ],
      "fcf": [
        20,
        20
      ]
    },
    "gaps": [],
    "warnings": []
  },
  "market_cap": null,
  "source": "SEC EDGAR",
  "last_updated": "2026-02-02T20:10:15.813758"
}