{
  "ticker": "ZOMDF",
  "name": "Zomedica Corp.",
  "quarters": [
    {
      "date": "2020-12-31T00:00:00",
      "quarter_label": "2020-12 (Q4)",
      "revenue": 0,
      "gross_profit": 0,
      "operating_income": -4128492,
      "net_income": -4173202,
      "opex": 4128492,
      "cogs": 0,
      "rd": 838217,
      "sga": 3290275,
      "fcf": -2697317,
      "ocf": -2683080,
      "capex": -14237,
      "gross_margin": null,
      "op_margin": null,
      "fcf_margin": null
    },
    {
      "date": "2021-03-31T00:00:00",
      "quarter_label": "2021-03 (Q1)",
      "revenue": 14000,
      "gross_profit": 8466,
      "operating_income": -3872332,
      "net_income": -4036817,
      "opex": 3880798,
      "cogs": 5658,
      "rd": 413128,
      "sga": 3467670,
      "fcf": -2653000,
      "ocf": -2638000,
      "capex": -15000,
      "gross_margin": 0.6047142857142858,
      "op_margin": -276.59514285714283,
      "fcf_margin": -189.5
    },
    {
      "date": "2021-06-30T00:00:00",
      "quarter_label": "2021-06 (Q2)",
      "revenue": 16000,
      "gross_profit": -20183,
      "operating_income": -5328586,
      "net_income": -4710674,
      "opex": 5308403,
      "cogs": 35876,
      "rd": 270674,
      "sga": 5037729,
      "fcf": -1766000,
      "ocf": -1738000,
      "capex": -28000,
      "gross_margin": -1.2614375,
      "op_margin": -333.036625,
      "fcf_margin": -110.375,
      "op_leverage_ratio": 0.38834251371052514,
      "fcf_margin_change": 79.125
    },
    {
      "date": "2021-09-30T00:00:00",
      "quarter_label": "2021-09 (Q3)",
      "revenue": 23000,
      "gross_profit": 4615,
      "operating_income": -6408220,
      "net_income": -6345687,
      "opex": 6412835,
      "cogs": 17899,
      "rd": 288453,
      "sga": 6124382,
      "fcf": -5051000,
      "ocf": -4997000,
      "capex": -54000,
      "gross_margin": 0.2006521739130435,
      "op_margin": -278.61826086956523,
      "fcf_margin": -219.6086956521739,
      "op_leverage_ratio": 2.102824177948484,
      "fcf_margin_change": -109.2336956521739
    },
    {
      "date": "2021-12-31T00:00:00",
      "quarter_label": "2021-12 (Q4)",
      "revenue": 4081123,
      "gross_profit": 3061173,
      "operating_income": -5758860,
      "net_income": -3289992,
      "opex": 8820033,
      "cogs": 1019619,
      "rd": 664905,
      "sga": 8155128,
      "fcf": -4953000,
      "ocf": -4903000,
      "capex": -50000,
      "gross_margin": 0.7500810438695428,
      "op_margin": -1.4110968966139956,
      "fcf_margin": -1.2136365407266578,
      "incr_op_margin_yoy": -0.3994900423241348,
      "op_leverage_ratio": 470.04087069561336,
      "fcf_margin_change": 218.39505911144724
    },
    {
      "date": "2022-03-31T00:00:00",
      "quarter_label": "2022-03 (Q1)",
      "revenue": 3751000,
      "gross_profit": 2761000,
      "operating_income": -4314000,
      "net_income": -3937000,
      "opex": 7075000,
      "cogs": 990000,
      "rd": 351000,
      "sga": 6724000,
      "fcf": -2554000,
      "ocf": -2471000,
      "capex": -83000,
      "gross_margin": 0.7360703812316716,
      "op_margin": -1.1500933084510798,
      "fcf_margin": -0.6808850973073847,
      "incr_op_margin_yoy": -0.1181878512175542,
      "rev_growth_yoy": 266.92857142857144,
      "fcf_margin_change": 0.5327514434192732
    },
    {
      "date": "2022-06-30T00:00:00",
      "quarter_label": "2022-06 (Q2)",
      "revenue": 4246000,
      "gross_profit": 3036000,
      "operating_income": -5880000,
      "net_income": -5273000,
      "opex": 8916000,
      "cogs": 1210000,
      "rd": 319000,
      "sga": 8597000,
      "fcf": -4114000,
      "ocf": -4046000,
      "capex": -68000,
      "gross_margin": 0.7150259067357513,
      "op_margin": -1.3848327837965144,
      "fcf_margin": -0.9689119170984456,
      "incr_op_margin_yoy": -0.13035791962174942,
      "rev_growth_yoy": 264.375,
      "rev_growth_yoy_accel": -2.553571428571445,
      "op_leverage_ratio": 0.5071434146621193,
      "fcf_margin_change": -0.28802681979106093
    },
    {
      "date": "2022-09-30T00:00:00",
      "quarter_label": "2022-09 (Q3)",
      "revenue": 4776000,
      "gross_profit": 3561000,
      "operating_income": -6592000,
      "net_income": -4995000,
      "opex": 10153000,
      "cogs": 1215000,
      "rd": 1131000,
      "sga": 9022000,
      "fcf": -3202000,
      "ocf": -2770000,
      "capex": -432000,
      "gross_margin": 0.7456030150753769,
      "op_margin": -1.3802345058626466,
      "fcf_margin": -0.6704355108877722,
      "incr_op_margin_yoy": -0.038666105617504734,
      "rev_growth_yoy": 206.65217391304347,
      "rev_growth_yoy_accel": -57.72282608695653,
      "op_leverage_ratio": 0.8996969328877129,
      "fcf_margin_change": 0.2984764062106734
    },
    {
      "date": "2022-12-31T00:00:00",
      "quarter_label": "2022-12 (Q4)",
      "revenue": 6157000,
      "gross_profit": 4294000,
      "operating_income": -5136000,
      "net_income": -2809000,
      "opex": 9430000,
      "cogs": 1863000,
      "rd": 777000,
      "sga": 8653000,
      "fcf": -2587000,
      "ocf": -2383000,
      "capex": -204000,
      "gross_margin": 0.6974175734935846,
      "op_margin": -0.8341724866006172,
      "fcf_margin": -0.4201721617670944,
      "incr_op_margin_yoy": 0.30004667906624527,
      "rev_growth_yoy": 0.5086533780040444,
      "rev_growth_yoy_accel": -206.1435205350394,
      "op_leverage_ratio": Infinity,
      "fcf_margin_change": 0.2502633491206778
    },
    {
      "date": "2023-03-31T00:00:00",
      "quarter_label": "2023-03 (Q1)",
      "revenue": 5482000,
      "gross_profit": 3835000,
      "operating_income": -7512000,
      "net_income": -6385000,
      "opex": 11347000,
      "cogs": 1647000,
      "rd": 918000,
      "sga": 10429000,
      "fcf": -5227000,
      "ocf": -4257000,
      "capex": -970000,
      "gross_margin": 0.6995622035753375,
      "op_margin": -1.3703028091937248,
      "fcf_margin": -0.953484129879606,
      "incr_op_margin_yoy": -1.8474870017331022,
      "rev_growth_yoy": 0.4614769394828046,
      "rev_growth_yoy_accel": -0.047176438521239816,
      "fcf_margin_change": -0.5333119681125116
    },
    {
      "date": "2023-06-30T00:00:00",
      "quarter_label": "2023-06 (Q2)",
      "revenue": 6020000,
      "gross_profit": 4048000,
      "operating_income": -6742000,
      "net_income": -5249000,
      "opex": 10790000,
      "cogs": 1972000,
      "rd": 859000,
      "sga": 9931000,
      "fcf": -5539000,
      "ocf": -3676000,
      "capex": -1863000,
      "gross_margin": 0.6724252491694352,
      "op_margin": -1.1199335548172757,
      "fcf_margin": -0.9200996677740864,
      "incr_op_margin_yoy": -0.4859075535512965,
      "rev_growth_yoy": 0.4178049929345266,
      "rev_growth_yoy_accel": -0.043671946548277996,
      "op_leverage_ratio": Infinity,
      "fcf_margin_change": 0.0333844621055196
    },
    {
      "date": "2023-09-30T00:00:00",
      "quarter_label": "2023-09 (Q3)",
      "revenue": 6347000,
      "gross_profit": 4362000,
      "operating_income": -5948000,
      "net_income": -491000,
      "opex": 10310000,
      "cogs": 1985000,
      "rd": 867000,
      "sga": null,
      "fcf": -9498000,
      "ocf": -3027000,
      "capex": -6471000,
      "gross_margin": 0.6872538207026941,
      "op_margin": -0.9371356546399874,
      "fcf_margin": -1.4964550181187963,
      "incr_op_margin_yoy": 0.4099299809038829,
      "rev_growth_yoy": 0.3289363484087102,
      "rev_growth_yoy_accel": -0.08886864452581639,
      "op_leverage_ratio": Infinity,
      "fcf_margin_change": -0.57635535034471
    },
    {
      "date": "2023-12-31T00:00:00",
      "quarter_label": "2023-12 (Q4)",
      "revenue": 7337000,
      "gross_profit": 5073000,
      "operating_income": -11389000,
      "net_income": -22406000,
      "opex": 16462000,
      "cogs": 2264000,
      "rd": 3099000,
      "sga": null,
      "fcf": -7050000,
      "ocf": -5015000,
      "capex": -2035000,
      "gross_margin": 0.6914270137658444,
      "op_margin": -1.5522693198855118,
      "fcf_margin": -0.9608831947662533,
      "incr_op_margin_yoy": -5.299152542372881,
      "rev_growth_yoy": 0.19165177846353743,
      "rev_growth_yoy_accel": -0.1372845699451728,
      "op_leverage_ratio": 0.2614020774689946,
      "fcf_margin_change": 0.535571823352543
    },
    {
      "date": "2024-03-31T00:00:00",
      "quarter_label": "2024-03 (Q1)",
      "revenue": 6262000,
      "gross_profit": 4117000,
      "operating_income": -10386000,
      "net_income": -9160000,
      "opex": 14503000,
      "cogs": 2145000,
      "rd": 1771000,
      "sga": null,
      "fcf": -9925000,
      "ocf": -7590000,
      "capex": -2335000,
      "gross_margin": 0.6574576812519962,
      "op_margin": -1.6585755349728522,
      "fcf_margin": -1.5849568827850526,
      "rev_growth_yoy": 0.14228383801532288,
      "rev_growth_yoy_accel": -0.04936794044821455,
      "fcf_margin_change": -0.6240736880187994
    },
    {
      "date": "2024-06-30T00:00:00",
      "quarter_label": "2024-06 (Q2)",
      "revenue": 6131000,
      "gross_profit": 4362000,
      "operating_income": -25067000,
      "net_income": -23931000,
      "opex": 29429000,
      "cogs": 1769000,
      "rd": 1506000,
      "sga": null,
      "fcf": -7943000,
      "ocf": -6719000,
      "capex": -1224000,
      "gross_margin": 0.7114663187082042,
      "op_margin": -4.088566302397651,
      "fcf_margin": -1.2955472190507258,
      "rev_growth_yoy": 0.018438538205980067,
      "rev_growth_yoy_accel": -0.12384529980934281,
      "fcf_margin_change": 0.28940966373432686
    },
    {
      "date": "2024-09-30T00:00:00",
      "quarter_label": "2024-09 (Q3)",
      "revenue": 6997000,
      "gross_profit": 5060000,
      "operating_income": -7440000,
      "net_income": -6697000,
      "opex": 12500000,
      "cogs": 1937000,
      "rd": 1845000,
      "sga": null,
      "fcf": -5874000,
      "ocf": -4796000,
      "capex": -1078000,
      "gross_margin": 0.7231670716021152,
      "op_margin": -1.0633128483635843,
      "fcf_margin": -0.8395026439902815,
      "rev_growth_yoy": 0.10241058767921853,
      "rev_growth_yoy_accel": 0.08397204947323846,
      "op_leverage_ratio": Infinity,
      "fcf_margin_change": 0.45604457506044427
    },
    {
      "date": "2024-12-31T00:00:00",
      "quarter_label": "2024-12 (Q4)",
      "revenue": 7895000,
      "gross_profit": 5548000,
      "operating_income": -8160000,
      "net_income": -7194000,
      "opex": 13708000,
      "cogs": 2347000,
      "rd": 2146000,
      "sga": null,
      "fcf": -5100000,
      "ocf": -4525000,
      "capex": -575000,
      "gross_margin": 0.7027232425585814,
      "op_margin": -1.033565547815073,
      "fcf_margin": -0.6459784673844206,
      "rev_growth_yoy": 0.0760528826495843,
      "rev_growth_yoy_accel": -0.02635770502963422,
      "op_leverage_ratio": 1.3280289471268196,
      "fcf_margin_change": 0.19352417660586096
    },
    {
      "date": "2025-03-31T00:00:00",
      "quarter_label": "2025-03 (Q1)",
      "revenue": 6500000,
      "gross_profit": 4407000,
      "operating_income": -64548000,
      "net_income": -63809000,
      "opex": 68955000,
      "cogs": 2093000,
      "rd": 1853000,
      "sga": null,
      "fcf": -6928000,
      "ocf": -6648000,
      "capex": -280000,
      "gross_margin": 0.678,
      "op_margin": -9.930461538461538,
      "fcf_margin": -1.0658461538461539,
      "rev_growth_yoy": 0.03800702650910252,
      "rev_growth_yoy_accel": -0.03804585614048178,
      "fcf_margin_change": -0.41986768646173334
    },
    {
      "date": "2025-06-30T00:00:00",
      "quarter_label": "2025-06 (Q2)",
      "revenue": 6964000,
      "gross_profit": 4666000,
      "operating_income": -8035000,
      "net_income": -7398000,
      "opex": 12701000,
      "cogs": 2298000,
      "rd": 1886000,
      "sga": null,
      "fcf": -5579000,
      "ocf": -5442000,
      "capex": -137000,
      "gross_margin": 0.6700172314761631,
      "op_margin": -1.1537909247558875,
      "fcf_margin": -0.8011200459506032,
      "rev_growth_yoy": 0.1358669058881096,
      "rev_growth_yoy_accel": 0.09785987937900707,
      "op_leverage_ratio": Infinity,
      "fcf_margin_change": 0.26472610789555073
    },
    {
      "date": "2025-09-30T00:00:00",
      "quarter_label": "2025-09 (Q3)",
      "revenue": 8095000,
      "gross_profit": 5436000,
      "operating_income": -6606000,
      "net_income": -6121000,
      "opex": 12042000,
      "cogs": 2659000,
      "rd": 1784000,
      "sga": null,
      "fcf": -4703000,
      "ocf": -4660000,
      "capex": -43000,
      "gross_margin": 0.6715256331068561,
      "op_margin": -0.8160592958616429,
      "fcf_margin": -0.5809759110562075,
      "incr_op_margin_yoy": 0.7595628415300546,
      "rev_growth_yoy": 0.15692439616978704,
      "rev_growth_yoy_accel": 0.021057490281677443,
      "op_leverage_ratio": Infinity,
      "fcf_margin_change": 0.22014413489439566
    }
  ],
  "signals": [
    {
      "quarter": "2025-09 (Q3)",
      "signal": "FCF MARGIN EXPANSION",
      "detail": "FCF margin: -80.1% -> -58.1% (+22.0%)",
      "severity": "MEDIUM"
    },
    {
      "quarter": "2025-06 (Q2)",
      "signal": "FCF MARGIN EXPANSION",
      "detail": "FCF margin: -106.6% -> -80.1% (+26.5%)",
      "severity": "MEDIUM"
    },
    {
      "quarter": "2025-06 (Q2)",
      "signal": "YoY REVENUE GROWTH ACCELERATION",
      "detail": "YoY growth: +13.6% vs prior quarter YoY: +3.8% (accel: +9.8%)",
      "severity": "MEDIUM"
    },
    {
      "quarter": "2024-12 (Q4)",
      "signal": "FCF MARGIN EXPANSION",
      "detail": "FCF margin: -84.0% -> -64.6% (+19.4%)",
      "severity": "MEDIUM"
    },
    {
      "quarter": "2024-09 (Q3)",
      "signal": "FCF MARGIN EXPANSION",
      "detail": "FCF margin: -129.6% -> -84.0% (+45.6%)",
      "severity": "MEDIUM"
    },
    {
      "quarter": "2024-09 (Q3)",
      "signal": "YoY REVENUE GROWTH ACCELERATION",
      "detail": "YoY growth: +10.2% vs prior quarter YoY: +1.8% (accel: +8.4%)",
      "severity": "MEDIUM"
    },
    {
      "quarter": "2024-06 (Q2)",
      "signal": "FCF MARGIN EXPANSION",
      "detail": "FCF margin: -158.5% -> -129.6% (+28.9%)",
      "severity": "MEDIUM"
    },
    {
      "quarter": "2024-06 (Q2)",
      "signal": "GROSS MARGIN INFLECTION",
      "detail": "GM: +69.1% -> +65.7% -> +71.1% (reversal +5.4%)",
      "severity": "HIGH"
    },
    {
      "quarter": "2024-06 (Q2)",
      "signal": "YoY REVENUE GROWTH DECELERATION",
      "detail": "YoY growth: +1.8% vs prior quarter YoY: +14.2% (decel: -12.4%)",
      "severity": "WARNING"
    },
    {
      "quarter": "2023-12 (Q4)",
      "signal": "FCF MARGIN EXPANSION",
      "detail": "FCF margin: -149.6% -> -96.1% (+53.6%)",
      "severity": "MEDIUM"
    },
    {
      "quarter": "2023-12 (Q4)",
      "signal": "YoY REVENUE GROWTH DECELERATION",
      "detail": "YoY growth: +19.2% vs prior quarter YoY: +32.9% (decel: -13.7%)",
      "severity": "WARNING"
    },
    {
      "quarter": "2023-09 (Q3)",
      "signal": "YoY REVENUE GROWTH DECELERATION",
      "detail": "YoY growth: +32.9% vs prior quarter YoY: +41.8% (decel: -8.9%)",
      "severity": "WARNING"
    },
    {
      "quarter": "2022-12 (Q4)",
      "signal": "FCF MARGIN EXPANSION",
      "detail": "FCF margin: -67.0% -> -42.0% (+25.0%)",
      "severity": "MEDIUM"
    },
    {
      "quarter": "2022-12 (Q4)",
      "signal": "YoY REVENUE GROWTH DECELERATION",
      "detail": "YoY growth: +50.9% vs prior quarter YoY: +20665.2% (decel: -20614.4%)",
      "severity": "WARNING"
    },
    {
      "quarter": "2022-09 (Q3)",
      "signal": "FCF MARGIN EXPANSION",
      "detail": "FCF margin: -96.9% -> -67.0% (+29.8%)",
      "severity": "MEDIUM"
    },
    {
      "quarter": "2022-09 (Q3)",
      "signal": "GROSS MARGIN INFLECTION",
      "detail": "GM: +73.6% -> +71.5% -> +74.6% (reversal +3.1%)",
      "severity": "MEDIUM"
    },
    {
      "quarter": "2022-09 (Q3)",
      "signal": "YoY REVENUE GROWTH DECELERATION",
      "detail": "YoY growth: +20665.2% vs prior quarter YoY: +26437.5% (decel: -5772.3%)",
      "severity": "WARNING"
    },
    {
      "quarter": "2022-06 (Q2)",
      "signal": "YoY REVENUE GROWTH DECELERATION",
      "detail": "YoY growth: +26437.5% vs prior quarter YoY: +26692.9% (decel: -255.4%)",
      "severity": "WARNING"
    },
    {
      "quarter": "2022-03 (Q1)",
      "signal": "FCF MARGIN EXPANSION",
      "detail": "FCF margin: -121.4% -> -68.1% (+53.3%)",
      "severity": "MEDIUM"
    },
    {
      "quarter": "2021-12 (Q4)",
      "signal": "FCF MARGIN EXPANSION",
      "detail": "FCF margin: -21960.9% -> -121.4% (+21839.5%)",
      "severity": "MEDIUM"
    },
    {
      "quarter": "2021-12 (Q4)",
      "signal": "OPERATING LEVERAGE",
      "detail": "Rev growth +17644.0% vs OpEx growth +37.5% (leverage: 470.0x)",
      "severity": "MEDIUM"
    },
    {
      "quarter": "2021-09 (Q3)",
      "signal": "OPERATING LEVERAGE",
      "detail": "Rev growth +43.8% vs OpEx growth +20.8% (leverage: 2.1x)",
      "severity": "MEDIUM"
    },
    {
      "quarter": "2021-09 (Q3)",
      "signal": "GROSS MARGIN INFLECTION",
      "detail": "GM: +60.5% -> -126.1% -> +20.1% (reversal +146.2%)",
      "severity": "HIGH"
    },
    {
      "quarter": "2021-06 (Q2)",
      "signal": "FCF MARGIN EXPANSION",
      "detail": "FCF margin: -18950.0% -> -11037.5% (+7912.5%)",
      "severity": "MEDIUM"
    }
  ],
  "data_quality": {
    "n_quarters": 20,
    "coverage": {
      "revenue": [
        20,
        20
      ],
      "gross_profit": [
        20,
        20
      ],
      "op_income": [
        20,
        20
      ],
      "fcf": [
        20,
        20
      ]
    },
    "gaps": [],
    "warnings": []
  },
  "market_cap": null,
  "source": "SEC EDGAR",
  "last_updated": "2026-02-02T23:13:04.206347"
}