{
  "ticker": "ZS",
  "name": "Zscaler, Inc.",
  "quarters": [
    {
      "date": "2021-01-31T00:00:00",
      "quarter_label": "2021-01 (Q1)",
      "revenue": 157044000,
      "gross_profit": 122909000,
      "operating_income": -53898000,
      "net_income": -67541000,
      "opex": 176807000,
      "cogs": 34135000,
      "rd": 41751000,
      "sga": null,
      "fcf": 19905000,
      "ocf": 30404000,
      "capex": -10499000,
      "gross_margin": 0.7826405338631212,
      "op_margin": -0.343203178726981,
      "fcf_margin": 0.12674791778100405
    },
    {
      "date": "2021-04-30T00:00:00",
      "quarter_label": "2021-04 (Q2)",
      "revenue": 176404000,
      "gross_profit": 137427000,
      "operating_income": -43850000,
      "net_income": -58459000,
      "opex": 181277000,
      "cogs": 38977000,
      "rd": 40952000,
      "sga": null,
      "fcf": 58556000,
      "ocf": 73368000,
      "capex": -14812000,
      "gross_margin": 0.7790469603863858,
      "op_margin": -0.2485771297703,
      "fcf_margin": 0.3319425863359107,
      "op_leverage_ratio": 4.876137421866751,
      "fcf_margin_change": 0.20519466855490667
    },
    {
      "date": "2021-07-31T00:00:00",
      "quarter_label": "2021-07 (Q3)",
      "revenue": 197074000,
      "gross_profit": 151596000,
      "operating_income": -67397000,
      "net_income": -81023000,
      "opex": 218993000,
      "cogs": 45478000,
      "rd": 56180000,
      "sga": null,
      "fcf": 30786000,
      "ocf": 44736000,
      "capex": -13950000,
      "gross_margin": 0.7692338918375838,
      "op_margin": -0.34198828866314174,
      "fcf_margin": 0.15621543176674751,
      "op_leverage_ratio": 0.5631824674816708,
      "fcf_margin_change": -0.1757271545691632
    },
    {
      "date": "2021-10-31T00:00:00",
      "quarter_label": "2021-10 (Q4)",
      "revenue": 230517000,
      "gross_profit": 178348000,
      "operating_income": -74371000,
      "net_income": -90801000,
      "opex": 252719000,
      "cogs": 52169000,
      "rd": 65216000,
      "sga": null,
      "fcf": 86817000,
      "ocf": 93271000,
      "capex": -6454000,
      "gross_margin": 0.7736869731950355,
      "op_margin": -0.3226269646056473,
      "fcf_margin": 0.37661864417808666,
      "op_leverage_ratio": 1.1018977460263821,
      "fcf_margin_change": 0.22040321241133914
    },
    {
      "date": "2022-01-31T00:00:00",
      "quarter_label": "2022-01 (Q1)",
      "revenue": 255563000,
      "gross_profit": 197780000,
      "operating_income": -83932000,
      "net_income": -100420000,
      "opex": 281712000,
      "cogs": 57783000,
      "rd": 69195000,
      "sga": null,
      "fcf": 34274000,
      "ocf": 48262000,
      "capex": -13988000,
      "gross_margin": 0.7738991951104033,
      "op_margin": -0.3284199982000524,
      "fcf_margin": 0.1341117454404589,
      "incr_op_margin_yoy": -0.3048549010850699,
      "rev_growth_yoy": 0.6273337408624334,
      "op_leverage_ratio": 0.9470658050617701,
      "fcf_margin_change": -0.24250689873762776
    },
    {
      "date": "2022-04-30T00:00:00",
      "quarter_label": "2022-04 (Q2)",
      "revenue": 286807000,
      "gross_profit": 222785000,
      "operating_income": -86597000,
      "net_income": -101405000,
      "opex": 309382000,
      "cogs": 64022000,
      "rd": 76578000,
      "sga": null,
      "fcf": 49637000,
      "ocf": 77241000,
      "capex": -27604000,
      "gross_margin": 0.7767767174441349,
      "op_margin": -0.3019347505465348,
      "fcf_margin": 0.17306760295250814,
      "incr_op_margin_yoy": -0.3871905654737643,
      "rev_growth_yoy": 0.6258531552572504,
      "rev_growth_yoy_accel": -0.001480585605183049,
      "op_leverage_ratio": 1.2447004291937795,
      "fcf_margin_change": 0.03895585751204925
    },
    {
      "date": "2022-07-31T00:00:00",
      "quarter_label": "2022-07 (Q3)",
      "revenue": 318059000,
      "gross_profit": 249751000,
      "operating_income": -82529000,
      "net_income": -97652000,
      "opex": 332280000,
      "cogs": 68308000,
      "rd": 78150000,
      "sga": null,
      "fcf": 81888000,
      "ocf": 103138000,
      "capex": -21250000,
      "gross_margin": 0.785234814924275,
      "op_margin": -0.2594770152707517,
      "fcf_margin": 0.25746166591732983,
      "incr_op_margin_yoy": -0.12507335620118196,
      "rev_growth_yoy": 0.6139064513837442,
      "rev_growth_yoy_accel": -0.01194670387350616,
      "op_leverage_ratio": 1.4722635512989959,
      "fcf_margin_change": 0.08439406296482169
    },
    {
      "date": "2022-10-31T00:00:00",
      "quarter_label": "2022-10 (Q4)",
      "revenue": 355548000,
      "gross_profit": 278851000,
      "operating_income": -69087000,
      "net_income": -68162000,
      "opex": 347938000,
      "cogs": 76697000,
      "rd": 74946000,
      "sga": null,
      "fcf": 103255000,
      "ocf": 128457000,
      "capex": -25202000,
      "gross_margin": 0.7842851035584506,
      "op_margin": -0.19431131661547807,
      "fcf_margin": 0.290410858730748,
      "incr_op_margin_yoy": 0.04226151914325248,
      "rev_growth_yoy": 0.5423938364632543,
      "rev_growth_yoy_accel": -0.07151261492048988,
      "op_leverage_ratio": 2.501290190457361,
      "fcf_margin_change": 0.03294919281341818
    },
    {
      "date": "2023-01-31T00:00:00",
      "quarter_label": "2023-01 (Q1)",
      "revenue": 387598000,
      "gross_profit": 299994000,
      "operating_income": -65238000,
      "net_income": -57453000,
      "opex": 365232000,
      "cogs": 87604000,
      "rd": 85765000,
      "sga": null,
      "fcf": 70800000,
      "ocf": 89481000,
      "capex": -18681000,
      "gross_margin": 0.7739823218902059,
      "op_margin": -0.16831356198948394,
      "fcf_margin": 0.1826634812357133,
      "incr_op_margin_yoy": 0.14158367099632674,
      "rev_growth_yoy": 0.51664364559815,
      "rev_growth_yoy_accel": -0.025750190865104328,
      "op_leverage_ratio": 1.8135778458757035,
      "fcf_margin_change": -0.10774737749503471
    },
    {
      "date": "2023-04-30T00:00:00",
      "quarter_label": "2023-04 (Q2)",
      "revenue": 418800000,
      "gross_profit": 322951000,
      "operating_income": -55746000,
      "net_income": -46046000,
      "opex": 378697000,
      "cogs": 95849000,
      "rd": 92637000,
      "sga": null,
      "fcf": 82225000,
      "ocf": 108469000,
      "capex": -26244000,
      "gross_margin": 0.7711341929321872,
      "op_margin": -0.13310888252148997,
      "fcf_margin": 0.19633476599808977,
      "incr_op_margin_yoy": 0.23373209185335586,
      "rev_growth_yoy": 0.46021540617906814,
      "rev_growth_yoy_accel": -0.05642823941908187,
      "op_leverage_ratio": 2.1835511451031624,
      "fcf_margin_change": 0.013671284762376473
    },
    {
      "date": "2023-07-31T00:00:00",
      "quarter_label": "2023-07 (Q3)",
      "revenue": 455006000,
      "gross_profit": 352324000,
      "operating_income": -44552000,
      "net_income": -30674000,
      "opex": 396876000,
      "cogs": 102682000,
      "rd": 96387000,
      "sga": null,
      "fcf": 108866000,
      "ocf": 135936000,
      "capex": -27070000,
      "gross_margin": 0.7743282506164754,
      "op_margin": -0.09791519232713415,
      "fcf_margin": 0.23926277895236547,
      "incr_op_margin_yoy": 0.27731166071545926,
      "rev_growth_yoy": 0.4305710575710796,
      "rev_growth_yoy_accel": -0.029644348607988535,
      "op_leverage_ratio": 1.8009255068967398,
      "fcf_margin_change": 0.0429280129542757
    },
    {
      "date": "2023-10-31T00:00:00",
      "quarter_label": "2023-10 (Q4)",
      "revenue": 496703000,
      "gross_profit": 385309000,
      "operating_income": -46057000,
      "net_income": -33483000,
      "opex": 431366000,
      "cogs": 111394000,
      "rd": 113539000,
      "sga": null,
      "fcf": 232147000,
      "ocf": 260806000,
      "capex": -28659000,
      "gross_margin": 0.7757331846193802,
      "op_margin": -0.09272543149527987,
      "fcf_margin": 0.46737587652983775,
      "incr_op_margin_yoy": 0.16315397966774114,
      "rev_growth_yoy": 0.3970068738960703,
      "rev_growth_yoy_accel": -0.033564183675009296,
      "op_leverage_ratio": 1.0545066639727367,
      "fcf_margin_change": 0.22811309757747228
    },
    {
      "date": "2024-01-31T00:00:00",
      "quarter_label": "2024-01 (Q1)",
      "revenue": 524999000,
      "gross_profit": 407800000,
      "operating_income": -45457000,
      "net_income": -28469000,
      "opex": 453257000,
      "cogs": 117199000,
      "rd": 122181000,
      "sga": null,
      "fcf": 111175000,
      "ocf": 142069000,
      "capex": -30894000,
      "gross_margin": 0.7767633843112082,
      "op_margin": -0.08658492682843205,
      "fcf_margin": 0.21176230811868213,
      "incr_op_margin_yoy": 0.14396547332261045,
      "rev_growth_yoy": 0.354493573238252,
      "rev_growth_yoy_accel": -0.04251330065781833,
      "op_leverage_ratio": 1.1225574437705186,
      "fcf_margin_change": -0.2556135684111556
    },
    {
      "date": "2024-04-30T00:00:00",
      "quarter_label": "2024-04 (Q2)",
      "revenue": 553201000,
      "gross_profit": 434870000,
      "operating_income": -3013000,
      "net_income": 19124000,
      "opex": 437883000,
      "cogs": 118331000,
      "rd": 124958000,
      "sga": null,
      "fcf": 137763000,
      "ocf": 173414000,
      "capex": -35651000,
      "gross_margin": 0.7860976390136677,
      "op_margin": -0.0054464832854604385,
      "fcf_margin": 0.24902883400427692,
      "incr_op_margin_yoy": 0.3923557116390503,
      "rev_growth_yoy": 0.32091929321872015,
      "rev_growth_yoy_accel": -0.03357428001953183,
      "op_leverage_ratio": Infinity,
      "fcf_margin_change": 0.03726652588559479
    },
    {
      "date": "2024-07-31T00:00:00",
      "quarter_label": "2024-07 (Q3)",
      "revenue": 592868000,
      "gross_profit": 462663000,
      "operating_income": -26950000,
      "net_income": -14878000,
      "opex": 489613000,
      "cogs": 130205000,
      "rd": 139150000,
      "sga": null,
      "fcf": 154173000,
      "ocf": 203557000,
      "capex": -49384000,
      "gross_margin": 0.7803811303696607,
      "op_margin": -0.04545699885977992,
      "fcf_margin": 0.26004608108381627,
      "incr_op_margin_yoy": 0.1276784030407219,
      "rev_growth_yoy": 0.30298941112864447,
      "rev_growth_yoy_accel": -0.017929882090075677,
      "op_leverage_ratio": 0.6069627044121306,
      "fcf_margin_change": 0.011017247079539355
    },
    {
      "date": "2024-10-31T00:00:00",
      "quarter_label": "2024-10 (Q4)",
      "revenue": 627955000,
      "gross_profit": 486493000,
      "operating_income": -30667000,
      "net_income": -12051000,
      "opex": 517160000,
      "cogs": 141462000,
      "rd": 154254000,
      "sga": null,
      "fcf": 314310000,
      "ocf": 331335000,
      "capex": -17025000,
      "gross_margin": 0.7747258959638827,
      "op_margin": -0.04883630196431273,
      "fcf_margin": 0.5005294965403572,
      "incr_op_margin_yoy": 0.11725535610885929,
      "rev_growth_yoy": 0.2642464410321661,
      "rev_growth_yoy_accel": -0.03874297009647837,
      "op_leverage_ratio": 1.051881600184172,
      "fcf_margin_change": 0.2404834154565409
    },
    {
      "date": "2025-01-31T00:00:00",
      "quarter_label": "2025-01 (Q1)",
      "revenue": 647900000,
      "gross_profit": 499402000,
      "operating_income": -40140000,
      "net_income": -7724000,
      "opex": 539542000,
      "cogs": 148498000,
      "rd": 170860000,
      "sga": null,
      "fcf": 164415000,
      "ocf": 179433000,
      "capex": -15018000,
      "gross_margin": 0.7708010495446829,
      "op_margin": -0.06195400524772341,
      "fcf_margin": 0.25376601327365333,
      "incr_op_margin_yoy": 0.04326246328345579,
      "rev_growth_yoy": 0.23409758875731193,
      "rev_growth_yoy_accel": -0.03014885227485417,
      "op_leverage_ratio": 0.733890985509689,
      "fcf_margin_change": -0.24676348326670383
    },
    {
      "date": "2025-04-30T00:00:00",
      "quarter_label": "2025-04 (Q2)",
      "revenue": 678034000,
      "gross_profit": 522056000,
      "operating_income": -25411000,
      "net_income": -4125000,
      "opex": 547467000,
      "cogs": 155978000,
      "rd": 169765000,
      "sga": null,
      "fcf": 138918000,
      "ocf": 211081000,
      "capex": -72163000,
      "gross_margin": 0.7699554889577809,
      "op_margin": -0.03747747163121613,
      "fcf_margin": 0.20488353091437891,
      "incr_op_margin_yoy": -0.1794237100766624,
      "rev_growth_yoy": 0.2256557743026495,
      "rev_growth_yoy_accel": -0.008441814454662439,
      "op_leverage_ratio": 3.1664657187526015,
      "fcf_margin_change": -0.04888248235927442
    },
    {
      "date": "2025-07-31T00:00:00",
      "quarter_label": "2025-07 (Q3)",
      "revenue": 719226000,
      "gross_profit": 546986000,
      "operating_income": -32242000,
      "net_income": -17578000,
      "opex": 579228000,
      "cogs": 172240000,
      "rd": 177606000,
      "sga": null,
      "fcf": 190558000,
      "ocf": 250604000,
      "capex": -60046000,
      "gross_margin": 0.7605203371402035,
      "op_margin": -0.044828746457997906,
      "fcf_margin": 0.264948708750796,
      "incr_op_margin_yoy": -0.04188100476424128,
      "rev_growth_yoy": 0.21313007279866683,
      "rev_growth_yoy_accel": -0.012525701503982661,
      "op_leverage_ratio": 1.0471892734039219,
      "fcf_margin_change": 0.0600651778364171
    },
    {
      "date": "2025-10-31T00:00:00",
      "quarter_label": "2025-10 (Q4)",
      "revenue": 788112000,
      "gross_profit": 603359000,
      "operating_income": -36362000,
      "net_income": -11615000,
      "opex": 639721000,
      "cogs": 184753000,
      "rd": 200498000,
      "sga": null,
      "fcf": 430969000,
      "ocf": 448280000,
      "capex": -17311000,
      "gross_margin": 0.7655751974338673,
      "op_margin": -0.046138112349513774,
      "fcf_margin": 0.5468372515581542,
      "incr_op_margin_yoy": -0.03555885787071436,
      "rev_growth_yoy": 0.25504534560597497,
      "rev_growth_yoy_accel": 0.04191527280730814,
      "op_leverage_ratio": 0.9170858937851603,
      "fcf_margin_change": 0.2818885428073582
    }
  ],
  "signals": [
    {
      "quarter": "2025-10 (Q4)",
      "signal": "FCF MARGIN EXPANSION",
      "detail": "FCF margin: +26.5% -> +54.7% (+28.2%)",
      "severity": "MEDIUM"
    },
    {
      "quarter": "2025-07 (Q3)",
      "signal": "FCF MARGIN EXPANSION",
      "detail": "FCF margin: +20.5% -> +26.5% (+6.0%)",
      "severity": "MEDIUM"
    },
    {
      "quarter": "2025-04 (Q2)",
      "signal": "OPERATING LEVERAGE",
      "detail": "Rev growth +4.7% vs OpEx growth +1.5% (leverage: 3.2x)",
      "severity": "MEDIUM"
    },
    {
      "quarter": "2024-10 (Q4)",
      "signal": "FCF MARGIN EXPANSION",
      "detail": "FCF margin: +26.0% -> +50.1% (+24.0%)",
      "severity": "MEDIUM"
    },
    {
      "quarter": "2023-10 (Q4)",
      "signal": "FCF MARGIN EXPANSION",
      "detail": "FCF margin: +23.9% -> +46.7% (+22.8%)",
      "severity": "MEDIUM"
    },
    {
      "quarter": "2023-07 (Q3)",
      "signal": "OPERATING LEVERAGE",
      "detail": "Rev growth +8.6% vs OpEx growth +4.8% (leverage: 1.8x)",
      "severity": "MEDIUM"
    },
    {
      "quarter": "2023-04 (Q2)",
      "signal": "OPERATING LEVERAGE",
      "detail": "Rev growth +8.1% vs OpEx growth +3.7% (leverage: 2.2x)",
      "severity": "MEDIUM"
    },
    {
      "quarter": "2023-04 (Q2)",
      "signal": "YoY REVENUE GROWTH DECELERATION",
      "detail": "YoY growth: +46.0% vs prior quarter YoY: +51.7% (decel: -5.6%)",
      "severity": "WARNING"
    },
    {
      "quarter": "2023-01 (Q1)",
      "signal": "OPERATING LEVERAGE",
      "detail": "Rev growth +9.0% vs OpEx growth +5.0% (leverage: 1.8x)",
      "severity": "MEDIUM"
    },
    {
      "quarter": "2022-10 (Q4)",
      "signal": "OPERATING LEVERAGE",
      "detail": "Rev growth +11.8% vs OpEx growth +4.7% (leverage: 2.5x)",
      "severity": "MEDIUM"
    },
    {
      "quarter": "2022-10 (Q4)",
      "signal": "YoY REVENUE GROWTH DECELERATION",
      "detail": "YoY growth: +54.2% vs prior quarter YoY: +61.4% (decel: -7.2%)",
      "severity": "WARNING"
    },
    {
      "quarter": "2022-07 (Q3)",
      "signal": "FCF MARGIN EXPANSION",
      "detail": "FCF margin: +17.3% -> +25.7% (+8.4%)",
      "severity": "MEDIUM"
    },
    {
      "quarter": "2021-10 (Q4)",
      "signal": "FCF MARGIN EXPANSION",
      "detail": "FCF margin: +15.6% -> +37.7% (+22.0%)",
      "severity": "MEDIUM"
    },
    {
      "quarter": "2021-04 (Q2)",
      "signal": "FCF MARGIN EXPANSION",
      "detail": "FCF margin: +12.7% -> +33.2% (+20.5%)",
      "severity": "MEDIUM"
    },
    {
      "quarter": "2021-04 (Q2)",
      "signal": "OPERATING LEVERAGE",
      "detail": "Rev growth +12.3% vs OpEx growth +2.5% (leverage: 4.9x)",
      "severity": "MEDIUM"
    }
  ],
  "data_quality": {
    "n_quarters": 20,
    "coverage": {
      "revenue": [
        20,
        20
      ],
      "gross_profit": [
        20,
        20
      ],
      "op_income": [
        20,
        20
      ],
      "fcf": [
        20,
        20
      ]
    },
    "gaps": [],
    "warnings": []
  },
  "market_cap": null,
  "source": "SEC EDGAR",
  "last_updated": "2026-02-02T20:06:23.482495"
}