{
  "ticker": "ZUMZ",
  "name": "Zumiez Inc.",
  "quarters": [
    {
      "date": "2021-01-30T00:00:00",
      "quarter_label": "2021-01 (Q1)",
      "revenue": 331536000,
      "gross_profit": 129623000,
      "operating_income": 53809000,
      "net_income": 42797000,
      "opex": 75814000,
      "cogs": 201913000,
      "rd": null,
      "sga": 75814000,
      "fcf": 55089000,
      "ocf": 56658000,
      "capex": -1569000,
      "gross_margin": 0.3909771487862555,
      "op_margin": 0.1623021331016843,
      "fcf_margin": 0.16616295062979586
    },
    {
      "date": "2021-05-01T00:00:00",
      "quarter_label": "2021-05 (Q2)",
      "revenue": 279069000,
      "gross_profit": 103169000,
      "operating_income": 34280000,
      "net_income": 26385000,
      "opex": 68889000,
      "cogs": 175900000,
      "rd": null,
      "sga": 68889000,
      "fcf": 24100000,
      "ocf": 26925000,
      "capex": -2825000,
      "gross_margin": 0.36968993331398325,
      "op_margin": 0.12283700446842895,
      "fcf_margin": 0.08635857081940308,
      "fcf_margin_change": -0.07980437981039278
    },
    {
      "date": "2021-07-31T00:00:00",
      "quarter_label": "2021-07 (Q3)",
      "revenue": 268666000,
      "gross_profit": 104965000,
      "operating_income": 31954000,
      "net_income": 23998000,
      "opex": 73011000,
      "cogs": 163701000,
      "rd": null,
      "sga": 73011000,
      "fcf": 22612000,
      "ocf": 25205000,
      "capex": -2593000,
      "gross_margin": 0.39068955506093067,
      "op_margin": 0.11893577899697022,
      "fcf_margin": 0.08416398055578302,
      "fcf_margin_change": -0.0021945902636200665
    },
    {
      "date": "2021-10-30T00:00:00",
      "quarter_label": "2021-10 (Q4)",
      "revenue": 289455000,
      "gross_profit": 114664000,
      "operating_income": 39842000,
      "net_income": 30702000,
      "opex": 74822000,
      "cogs": 174791000,
      "rd": null,
      "sga": 74822000,
      "fcf": 16416000,
      "ocf": 19806000,
      "capex": -3390000,
      "gross_margin": 0.39613756887944584,
      "op_margin": 0.13764488435162633,
      "fcf_margin": 0.05671347877908483,
      "op_leverage_ratio": 3.119541275866192,
      "fcf_margin_change": -0.027450501776698187
    },
    {
      "date": "2022-01-29T00:00:00",
      "quarter_label": "2022-01 (Q1)",
      "revenue": 346677000,
      "gross_profit": 133933000,
      "operating_income": 51735000,
      "net_income": 38204000,
      "opex": 82198000,
      "cogs": 212744000,
      "rd": null,
      "sga": 82198000,
      "fcf": 56073000,
      "ocf": 63014000,
      "capex": -6941000,
      "gross_margin": 0.38633367659233236,
      "op_margin": 0.1492311286875103,
      "fcf_margin": 0.16174421723967844,
      "incr_op_margin_yoy": -0.1369790634700482,
      "rev_growth_yoy": 0.04566924858838859,
      "op_leverage_ratio": 2.005350921102344,
      "fcf_margin_change": 0.1050307384605936
    },
    {
      "date": "2022-04-30T00:00:00",
      "quarter_label": "2022-04 (Q2)",
      "revenue": 220686000,
      "gross_profit": 72374000,
      "operating_income": 497000,
      "net_income": -397000,
      "opex": 71877000,
      "cogs": 148312000,
      "rd": null,
      "sga": 71877000,
      "fcf": -28039000,
      "ocf": -24477000,
      "capex": -3562000,
      "gross_margin": 0.3279501191738488,
      "op_margin": 0.0022520685498853576,
      "fcf_margin": -0.12705382307894475,
      "incr_op_margin_yoy": 0.5786444684240275,
      "rev_growth_yoy": -0.2092063253173946,
      "rev_growth_yoy_accel": -0.2548755739057832,
      "fcf_margin_change": -0.2887980403186232
    },
    {
      "date": "2022-07-30T00:00:00",
      "quarter_label": "2022-07 (Q3)",
      "revenue": 219993000,
      "gross_profit": 75064000,
      "operating_income": 4955000,
      "net_income": 3067000,
      "opex": 70109000,
      "cogs": 144929000,
      "rd": null,
      "sga": 70109000,
      "fcf": -6373000,
      "ocf": 318000,
      "capex": -6691000,
      "gross_margin": 0.3412108567090771,
      "op_margin": 0.022523443927761337,
      "fcf_margin": -0.028969103562386075,
      "incr_op_margin_yoy": 0.5547017853840939,
      "rev_growth_yoy": -0.1811654619490371,
      "rev_growth_yoy_accel": 0.02804086336835751,
      "fcf_margin_change": 0.09808471951655867
    },
    {
      "date": "2022-10-29T00:00:00",
      "quarter_label": "2022-10 (Q4)",
      "revenue": 237591000,
      "gross_profit": 81983000,
      "operating_income": 10439000,
      "net_income": 6932000,
      "opex": 71544000,
      "cogs": 155608000,
      "rd": null,
      "sga": 71544000,
      "fcf": -19720000,
      "ocf": -12253000,
      "capex": -7467000,
      "gross_margin": 0.3450593667268541,
      "op_margin": 0.04393684945978593,
      "fcf_margin": -0.08299977692757722,
      "incr_op_margin_yoy": 0.5669250347061545,
      "rev_growth_yoy": -0.1791781105871379,
      "rev_growth_yoy_accel": 0.0019873513618992034,
      "op_leverage_ratio": 3.9081958816206237,
      "fcf_margin_change": -0.05403067336519114
    },
    {
      "date": "2023-01-28T00:00:00",
      "quarter_label": "2023-01 (Q1)",
      "revenue": 280110000,
      "gross_profit": 95269000,
      "operating_income": 15210000,
      "net_income": 11432000,
      "opex": 80059000,
      "cogs": 184841000,
      "rd": null,
      "sga": 80059000,
      "fcf": 28126000,
      "ocf": 36033000,
      "capex": -7907000,
      "gross_margin": 0.3401128128235336,
      "op_margin": 0.05430009639070365,
      "fcf_margin": 0.10041055299703688,
      "incr_op_margin_yoy": 0.5486952994727117,
      "rev_growth_yoy": -0.19201446879948772,
      "rev_growth_yoy_accel": -0.012836358212349824,
      "op_leverage_ratio": 1.5036322151119756,
      "fcf_margin_change": 0.1834103299246141
    },
    {
      "date": "2023-04-29T00:00:00",
      "quarter_label": "2023-04 (Q2)",
      "revenue": 182887000,
      "gross_profit": 49358000,
      "operating_income": -21354000,
      "net_income": -18382000,
      "opex": 70712000,
      "cogs": 133529000,
      "rd": null,
      "sga": 70712000,
      "fcf": -18317000,
      "ocf": -12879000,
      "capex": -5438000,
      "gross_margin": 0.269882495748741,
      "op_margin": -0.1167606226795781,
      "fcf_margin": -0.10015474035880079,
      "incr_op_margin_yoy": 0.5780840762983148,
      "rev_growth_yoy": -0.1712795555676391,
      "rev_growth_yoy_accel": 0.020734913231848617,
      "fcf_margin_change": -0.20056529335583767
    },
    {
      "date": "2023-07-29T00:00:00",
      "quarter_label": "2023-07 (Q3)",
      "revenue": 194438000,
      "gross_profit": 61678000,
      "operating_income": -10493000,
      "net_income": -8509000,
      "opex": 72171000,
      "cogs": 132760000,
      "rd": null,
      "sga": 72171000,
      "fcf": -17828000,
      "ocf": -11387000,
      "capex": -6441000,
      "gross_margin": 0.31721165615774694,
      "op_margin": -0.053965788580421524,
      "fcf_margin": -0.09168989600798198,
      "incr_op_margin_yoy": 0.6045000978282137,
      "rev_growth_yoy": -0.11616278699776811,
      "rev_growth_yoy_accel": 0.055116768569870994,
      "op_leverage_ratio": 3.061079274136748,
      "fcf_margin_change": 0.008464844350818804
    },
    {
      "date": "2023-10-28T00:00:00",
      "quarter_label": "2023-10 (Q4)",
      "revenue": 216339000,
      "gross_profit": 73204000,
      "operating_income": -157000,
      "net_income": -2231000,
      "opex": 73361000,
      "cogs": 143135000,
      "rd": null,
      "sga": 73361000,
      "fcf": -2987000,
      "ocf": 1344000,
      "capex": -4331000,
      "gross_margin": 0.33837634453334814,
      "op_margin": -0.0007257128857949791,
      "fcf_margin": -0.013807034330379636,
      "incr_op_margin_yoy": 0.49858836815358554,
      "rev_growth_yoy": -0.08944783261992247,
      "rev_growth_yoy_accel": 0.026714954377845643,
      "op_leverage_ratio": 6.831224552277839,
      "fcf_margin_change": 0.07788286167760235
    },
    {
      "date": "2024-02-03T00:00:00",
      "quarter_label": "2024-02 (Q1)",
      "revenue": 281822000,
      "gross_profit": 96651000,
      "operating_income": -32785000,
      "net_income": -33488000,
      "opex": 129436000,
      "cogs": 185171000,
      "rd": null,
      "sga": 129436000,
      "fcf": 33537000,
      "ocf": 37677000,
      "capex": -4140000,
      "gross_margin": 0.34295051486399214,
      "op_margin": -0.11633229485277942,
      "fcf_margin": 0.1190006457977021,
      "incr_op_margin_yoy": -28.03446261682243,
      "rev_growth_yoy": 0.006111884616757702,
      "rev_growth_yoy_accel": 0.09555971723668016,
      "op_leverage_ratio": 0.39599500715074,
      "fcf_margin_change": 0.13280768012808175
    },
    {
      "date": "2024-05-04T00:00:00",
      "quarter_label": "2024-05 (Q2)",
      "revenue": 177388000,
      "gross_profit": 51899000,
      "operating_income": -20155000,
      "net_income": -16780000,
      "opex": 72054000,
      "cogs": 125489000,
      "rd": null,
      "sga": 72054000,
      "fcf": -21123000,
      "ocf": -18577000,
      "capex": -2546000,
      "gross_margin": 0.29257334205245,
      "op_margin": -0.1136209890184229,
      "fcf_margin": -0.11907795341285769,
      "incr_op_margin_yoy": -0.21803964357155847,
      "rev_growth_yoy": -0.03006774675072586,
      "rev_growth_yoy_accel": -0.03617963136748356,
      "fcf_margin_change": -0.2380785992105598
    },
    {
      "date": "2024-08-03T00:00:00",
      "quarter_label": "2024-08 (Q3)",
      "revenue": 210179000,
      "gross_profit": 71794000,
      "operating_income": -393000,
      "net_income": -847000,
      "opex": 72187000,
      "cogs": 138385000,
      "rd": null,
      "sga": 72187000,
      "fcf": -565000,
      "ocf": 3155000,
      "capex": -3720000,
      "gross_margin": 0.3415850299030826,
      "op_margin": -0.001869834759895137,
      "fcf_margin": -0.0026881848329281233,
      "incr_op_margin_yoy": 0.6416364906930945,
      "rev_growth_yoy": 0.08095639741202851,
      "rev_growth_yoy_accel": 0.11102414416275437,
      "op_leverage_ratio": 100.1467542116165,
      "fcf_margin_change": 0.11638976857992957
    },
    {
      "date": "2024-11-02T00:00:00",
      "quarter_label": "2024-11 (Q4)",
      "revenue": 222475000,
      "gross_profit": 78314000,
      "operating_income": 2368000,
      "net_income": 1159000,
      "opex": 75946000,
      "cogs": 144161000,
      "rd": null,
      "sga": 75946000,
      "fcf": -22314000,
      "ocf": -18568000,
      "capex": -3746000,
      "gross_margin": 0.3520125856837847,
      "op_margin": 0.010643892572199123,
      "fcf_margin": -0.1002989099898865,
      "incr_op_margin_yoy": 0.4115058670143416,
      "rev_growth_yoy": 0.02836289342189804,
      "rev_growth_yoy_accel": -0.052593503990130464,
      "op_leverage_ratio": 1.1234692779717943,
      "fcf_margin_change": -0.09761072515695837
    },
    {
      "date": "2025-02-01T00:00:00",
      "quarter_label": "2025-02 (Q1)",
      "revenue": 279160000,
      "gross_profit": 101033000,
      "operating_income": 20130000,
      "net_income": 14754000,
      "opex": 80903000,
      "cogs": 178127000,
      "rd": null,
      "sga": 80903000,
      "fcf": 49699000,
      "ocf": 54691000,
      "capex": -4992000,
      "gross_margin": 0.3619178965467832,
      "op_margin": 0.07210918469694799,
      "fcf_margin": 0.17803052013182405,
      "incr_op_margin_yoy": -19.877911344853494,
      "rev_growth_yoy": -0.009445678477904493,
      "rev_growth_yoy_accel": -0.03780857189980254,
      "op_leverage_ratio": 3.9036684222372857,
      "fcf_margin_change": 0.2783294301217105
    },
    {
      "date": "2025-05-03T00:00:00",
      "quarter_label": "2025-05 (Q2)",
      "revenue": 184343000,
      "gross_profit": 55315000,
      "operating_income": -19872000,
      "net_income": -14330000,
      "opex": 75187000,
      "cogs": 129028000,
      "rd": null,
      "sga": 75187000,
      "fcf": -24303000,
      "ocf": -22084000,
      "capex": -2219000,
      "gross_margin": 0.3000656385108195,
      "op_margin": -0.10779904851282664,
      "fcf_margin": -0.13183576268152303,
      "incr_op_margin_yoy": 0.0406901509705248,
      "rev_growth_yoy": 0.0392078381852211,
      "rev_growth_yoy_accel": 0.04865351666312559,
      "fcf_margin_change": -0.30986628281334705
    },
    {
      "date": "2025-08-02T00:00:00",
      "quarter_label": "2025-08 (Q3)",
      "revenue": 214275000,
      "gross_profit": 76018000,
      "operating_income": 107000,
      "net_income": -1002000,
      "opex": 75911000,
      "cogs": 138257000,
      "rd": null,
      "sga": 75911000,
      "fcf": 9485000,
      "ocf": 12583000,
      "capex": -3098000,
      "gross_margin": 0.35476840508692103,
      "op_margin": 0.0004993583012483958,
      "fcf_margin": 0.04426554661066387,
      "incr_op_margin_yoy": 0.1220703125,
      "rev_growth_yoy": 0.019488150576413437,
      "rev_growth_yoy_accel": -0.01971968760880766,
      "op_leverage_ratio": 16.862162723745545,
      "fcf_margin_change": 0.1761013092921869
    },
    {
      "date": "2025-11-01T00:00:00",
      "quarter_label": "2025-11 (Q4)",
      "revenue": 239132000,
      "gross_profit": 89803000,
      "operating_income": 11773000,
      "net_income": 9160000,
      "opex": 78030000,
      "cogs": 149329000,
      "rd": null,
      "sga": 78030000,
      "fcf": 3087000,
      "ocf": 5306000,
      "capex": -2219000,
      "gross_margin": 0.3755373601190974,
      "op_margin": 0.04923222320726628,
      "fcf_margin": 0.012909188230767943,
      "incr_op_margin_yoy": 0.5646274839406856,
      "rev_growth_yoy": 0.07487133385773682,
      "rev_growth_yoy_accel": 0.055383183281323384,
      "op_leverage_ratio": 4.155764839995972,
      "fcf_margin_change": -0.03135635837989593
    }
  ],
  "signals": [
    {
      "quarter": "2025-11 (Q4)",
      "signal": "OPERATING LEVERAGE",
      "detail": "Rev growth +11.6% vs OpEx growth +2.8% (leverage: 4.2x)",
      "severity": "MEDIUM"
    },
    {
      "quarter": "2025-11 (Q4)",
      "signal": "YoY REVENUE GROWTH ACCELERATION",
      "detail": "YoY growth: +7.5% vs prior quarter YoY: +1.9% (accel: +5.5%)",
      "severity": "MEDIUM"
    },
    {
      "quarter": "2025-11 (Q4)",
      "signal": "INCREMENTAL MARGIN (YoY)",
      "detail": "YoY Incr OPM: +56.5% vs year-ago OPM: +1.1%",
      "severity": "HIGH"
    },
    {
      "quarter": "2025-08 (Q3)",
      "signal": "FCF TURNED POSITIVE",
      "detail": "FCF margin: -13.2% -> +4.4%",
      "severity": "HIGH"
    },
    {
      "quarter": "2025-08 (Q3)",
      "signal": "OPERATING LEVERAGE",
      "detail": "Rev growth +16.2% vs OpEx growth +1.0% (leverage: 16.9x)",
      "severity": "MEDIUM"
    },
    {
      "quarter": "2025-08 (Q3)",
      "signal": "GROSS MARGIN INFLECTION",
      "detail": "GM: +36.2% -> +30.0% -> +35.5% (reversal +5.5%)",
      "severity": "HIGH"
    },
    {
      "quarter": "2025-08 (Q3)",
      "signal": "OP MARGIN TURNED POSITIVE (YoY)",
      "detail": "Op margin: -0.2% (year-ago) -> +0.0%",
      "severity": "HIGH"
    },
    {
      "quarter": "2025-08 (Q3)",
      "signal": "OP MARGIN TURNED POSITIVE (QoQ)",
      "detail": "Op margin: -10.8% -> +0.0%",
      "severity": "HIGH"
    },
    {
      "quarter": "2025-02 (Q1)",
      "signal": "FCF TURNED POSITIVE",
      "detail": "FCF margin: -10.0% -> +17.8%",
      "severity": "HIGH"
    },
    {
      "quarter": "2025-02 (Q1)",
      "signal": "OPERATING LEVERAGE",
      "detail": "Rev growth +25.5% vs OpEx growth +6.5% (leverage: 3.9x)",
      "severity": "MEDIUM"
    },
    {
      "quarter": "2025-02 (Q1)",
      "signal": "OP MARGIN TURNED POSITIVE (YoY)",
      "detail": "Op margin: -11.6% (year-ago) -> +7.2%",
      "severity": "HIGH"
    },
    {
      "quarter": "2024-11 (Q4)",
      "signal": "YoY REVENUE GROWTH DECELERATION",
      "detail": "YoY growth: +2.8% vs prior quarter YoY: +8.1% (decel: -5.3%)",
      "severity": "WARNING"
    },
    {
      "quarter": "2024-11 (Q4)",
      "signal": "OP MARGIN TURNED POSITIVE (YoY)",
      "detail": "Op margin: -0.1% (year-ago) -> +1.1%",
      "severity": "HIGH"
    },
    {
      "quarter": "2024-11 (Q4)",
      "signal": "OP MARGIN TURNED POSITIVE (QoQ)",
      "detail": "Op margin: -0.2% -> +1.1%",
      "severity": "HIGH"
    },
    {
      "quarter": "2024-08 (Q3)",
      "signal": "FCF MARGIN EXPANSION",
      "detail": "FCF margin: -11.9% -> -0.3% (+11.6%)",
      "severity": "MEDIUM"
    },
    {
      "quarter": "2024-08 (Q3)",
      "signal": "OPERATING LEVERAGE",
      "detail": "Rev growth +18.5% vs OpEx growth +0.2% (leverage: 100.1x)",
      "severity": "MEDIUM"
    },
    {
      "quarter": "2024-08 (Q3)",
      "signal": "GROSS MARGIN INFLECTION",
      "detail": "GM: +34.3% -> +29.3% -> +34.2% (reversal +4.9%)",
      "severity": "MEDIUM"
    },
    {
      "quarter": "2024-08 (Q3)",
      "signal": "YoY REVENUE GROWTH ACCELERATION",
      "detail": "YoY growth: +8.1% vs prior quarter YoY: -3.0% (accel: +11.1%)",
      "severity": "MEDIUM"
    },
    {
      "quarter": "2024-02 (Q1)",
      "signal": "FCF TURNED POSITIVE",
      "detail": "FCF margin: -1.4% -> +11.9%",
      "severity": "HIGH"
    },
    {
      "quarter": "2024-02 (Q1)",
      "signal": "YoY REVENUE GROWTH ACCELERATION",
      "detail": "YoY growth: +0.6% vs prior quarter YoY: -8.9% (accel: +9.6%)",
      "severity": "MEDIUM"
    },
    {
      "quarter": "2023-10 (Q4)",
      "signal": "FCF MARGIN EXPANSION",
      "detail": "FCF margin: -9.2% -> -1.4% (+7.8%)",
      "severity": "MEDIUM"
    },
    {
      "quarter": "2023-10 (Q4)",
      "signal": "OPERATING LEVERAGE",
      "detail": "Rev growth +11.3% vs OpEx growth +1.6% (leverage: 6.8x)",
      "severity": "MEDIUM"
    },
    {
      "quarter": "2023-07 (Q3)",
      "signal": "OPERATING LEVERAGE",
      "detail": "Rev growth +6.3% vs OpEx growth +2.1% (leverage: 3.1x)",
      "severity": "MEDIUM"
    },
    {
      "quarter": "2023-07 (Q3)",
      "signal": "GROSS MARGIN INFLECTION",
      "detail": "GM: +34.0% -> +27.0% -> +31.7% (reversal +4.7%)",
      "severity": "MEDIUM"
    },
    {
      "quarter": "2023-07 (Q3)",
      "signal": "YoY REVENUE GROWTH ACCELERATION",
      "detail": "YoY growth: -11.6% vs prior quarter YoY: -17.1% (accel: +5.5%)",
      "severity": "MEDIUM"
    },
    {
      "quarter": "2023-01 (Q1)",
      "signal": "FCF TURNED POSITIVE",
      "detail": "FCF margin: -8.3% -> +10.0%",
      "severity": "HIGH"
    },
    {
      "quarter": "2023-01 (Q1)",
      "signal": "OPERATING LEVERAGE",
      "detail": "Rev growth +17.9% vs OpEx growth +11.9% (leverage: 1.5x)",
      "severity": "MEDIUM"
    },
    {
      "quarter": "2023-01 (Q1)",
      "signal": "INCREMENTAL MARGIN (YoY)",
      "detail": "YoY Incr OPM: +54.9% vs year-ago OPM: +14.9%",
      "severity": "HIGH"
    },
    {
      "quarter": "2022-10 (Q4)",
      "signal": "OPERATING LEVERAGE",
      "detail": "Rev growth +8.0% vs OpEx growth +2.0% (leverage: 3.9x)",
      "severity": "MEDIUM"
    },
    {
      "quarter": "2022-10 (Q4)",
      "signal": "INCREMENTAL MARGIN (YoY)",
      "detail": "YoY Incr OPM: +56.7% vs year-ago OPM: +13.8%",
      "severity": "HIGH"
    },
    {
      "quarter": "2022-07 (Q3)",
      "signal": "FCF MARGIN EXPANSION",
      "detail": "FCF margin: -12.7% -> -2.9% (+9.8%)",
      "severity": "MEDIUM"
    },
    {
      "quarter": "2022-07 (Q3)",
      "signal": "INCREMENTAL MARGIN (YoY)",
      "detail": "YoY Incr OPM: +55.5% vs year-ago OPM: +11.9%",
      "severity": "HIGH"
    },
    {
      "quarter": "2022-04 (Q2)",
      "signal": "YoY REVENUE GROWTH DECELERATION",
      "detail": "YoY growth: -20.9% vs prior quarter YoY: +4.6% (decel: -25.5%)",
      "severity": "WARNING"
    },
    {
      "quarter": "2022-04 (Q2)",
      "signal": "INCREMENTAL MARGIN (YoY)",
      "detail": "YoY Incr OPM: +57.9% vs year-ago OPM: +12.3%",
      "severity": "HIGH"
    },
    {
      "quarter": "2022-01 (Q1)",
      "signal": "FCF MARGIN EXPANSION",
      "detail": "FCF margin: +5.7% -> +16.2% (+10.5%)",
      "severity": "MEDIUM"
    },
    {
      "quarter": "2022-01 (Q1)",
      "signal": "OPERATING LEVERAGE",
      "detail": "Rev growth +19.8% vs OpEx growth +9.9% (leverage: 2.0x)",
      "severity": "MEDIUM"
    },
    {
      "quarter": "2021-10 (Q4)",
      "signal": "OPERATING LEVERAGE",
      "detail": "Rev growth +7.7% vs OpEx growth +2.5% (leverage: 3.1x)",
      "severity": "MEDIUM"
    },
    {
      "quarter": "2021-07 (Q3)",
      "signal": "GROSS MARGIN INFLECTION",
      "detail": "GM: +39.1% -> +37.0% -> +39.1% (reversal +2.1%)",
      "severity": "MEDIUM"
    }
  ],
  "data_quality": {
    "n_quarters": 20,
    "coverage": {
      "revenue": [
        20,
        20
      ],
      "gross_profit": [
        20,
        20
      ],
      "op_income": [
        20,
        20
      ],
      "fcf": [
        20,
        20
      ]
    },
    "gaps": [],
    "warnings": []
  },
  "market_cap": null,
  "source": "SEC EDGAR",
  "last_updated": "2026-02-02T22:32:57.253388"
}