{
  "ticker": "ZVIA",
  "name": "Zevia PBC",
  "quarters": [
    {
      "date": "2020-12-31T00:00:00",
      "quarter_label": "2020-12 (Q4)",
      "revenue": 27823000,
      "gross_profit": 11709000,
      "operating_income": -8992000,
      "net_income": -9042000,
      "opex": 20701000,
      "cogs": 16114000,
      "rd": null,
      "sga": null,
      "fcf": -1161000,
      "ocf": -1137000,
      "capex": -24000,
      "gross_margin": 0.42083887431261907,
      "op_margin": -0.32318585343061496,
      "fcf_margin": -0.041728066707400355
    },
    {
      "date": "2021-03-31T00:00:00",
      "quarter_label": "2021-03 (Q1)",
      "revenue": 30694000,
      "gross_profit": 14188000,
      "operating_income": 243000,
      "net_income": 247000,
      "opex": 13945000,
      "cogs": 16506000,
      "rd": null,
      "sga": null,
      "fcf": -2585000,
      "ocf": -2331000,
      "capex": -254000,
      "gross_margin": 0.4622401772333355,
      "op_margin": 0.007916856714667362,
      "fcf_margin": -0.08421841402228449,
      "op_leverage_ratio": Infinity,
      "fcf_margin_change": -0.04249034731488413
    },
    {
      "date": "2021-06-30T00:00:00",
      "quarter_label": "2021-06 (Q2)",
      "revenue": 34352000,
      "gross_profit": 16240000,
      "operating_income": -707000,
      "net_income": -749000,
      "opex": 16947000,
      "cogs": 18112000,
      "rd": null,
      "sga": null,
      "fcf": 517000,
      "ocf": 2294000,
      "capex": -1777000,
      "gross_margin": 0.47275267815556593,
      "op_margin": -0.02058104331625524,
      "fcf_margin": 0.015050069864927806,
      "op_leverage_ratio": 0.553602500485439,
      "fcf_margin_change": 0.0992684838872123
    },
    {
      "date": "2021-09-30T00:00:00",
      "quarter_label": "2021-09 (Q3)",
      "revenue": 38956000,
      "gross_profit": 17004000,
      "operating_income": -49498000,
      "net_income": -49761000,
      "opex": 66502000,
      "cogs": 21952000,
      "rd": null,
      "sga": null,
      "fcf": -13334000,
      "ocf": -13057000,
      "capex": -277000,
      "gross_margin": 0.4364924530239244,
      "op_margin": -1.2706129992812403,
      "fcf_margin": -0.34228360201252694,
      "op_leverage_ratio": 0.04583409249634275,
      "fcf_margin_change": -0.35733367187745474
    },
    {
      "date": "2021-12-31T00:00:00",
      "quarter_label": "2021-12 (Q4)",
      "revenue": 34170000,
      "gross_profit": 13782000,
      "operating_income": -37464000,
      "net_income": -37404000,
      "opex": 51246000,
      "cogs": 20388000,
      "rd": null,
      "sga": null,
      "fcf": -5547000,
      "ocf": -4712000,
      "capex": -835000,
      "gross_margin": 0.40333625987708516,
      "op_margin": -1.0964003511852503,
      "fcf_margin": -0.1623353819139596,
      "incr_op_margin_yoy": -4.485898849850323,
      "rev_growth_yoy": 0.22812061963124033,
      "fcf_margin_change": 0.17994822009856734
    },
    {
      "date": "2022-03-31T00:00:00",
      "quarter_label": "2022-03 (Q1)",
      "revenue": 38034000,
      "gross_profit": 14621000,
      "operating_income": -17555000,
      "net_income": -17485000,
      "opex": 32176000,
      "cogs": 23413000,
      "rd": null,
      "sga": null,
      "fcf": -11965000,
      "ocf": -11400000,
      "capex": -565000,
      "gross_margin": 0.3844192038702214,
      "op_margin": -0.46156070883945943,
      "fcf_margin": -0.3145869485197455,
      "incr_op_margin_yoy": -2.4247956403269755,
      "rev_growth_yoy": 0.23913468430312113,
      "rev_growth_yoy_accel": 0.011014064671880791,
      "op_leverage_ratio": Infinity,
      "fcf_margin_change": -0.1522515666057859
    },
    {
      "date": "2022-06-30T00:00:00",
      "quarter_label": "2022-06 (Q2)",
      "revenue": 45542000,
      "gross_profit": 17374000,
      "operating_income": -14743000,
      "net_income": -14796000,
      "opex": 32117000,
      "cogs": 28168000,
      "rd": null,
      "sga": null,
      "fcf": -9146000,
      "ocf": -8154000,
      "capex": -992000,
      "gross_margin": 0.38149400553335383,
      "op_margin": -0.32372315664661194,
      "fcf_margin": -0.20082561152342893,
      "incr_op_margin_yoy": -1.2543342269883826,
      "rev_growth_yoy": 0.32574522589659993,
      "rev_growth_yoy_accel": 0.08661054159347881,
      "op_leverage_ratio": Infinity,
      "fcf_margin_change": 0.11376133699631658
    },
    {
      "date": "2022-09-30T00:00:00",
      "quarter_label": "2022-09 (Q3)",
      "revenue": 44239000,
      "gross_profit": 19168000,
      "operating_income": -9221000,
      "net_income": -9196000,
      "opex": 28389000,
      "cogs": 25071000,
      "rd": null,
      "sga": null,
      "fcf": -417000,
      "ocf": 208000,
      "capex": -625000,
      "gross_margin": 0.43328284997400485,
      "op_margin": -0.20843599538868418,
      "fcf_margin": -0.009426072017902756,
      "incr_op_margin_yoy": 7.623887942456937,
      "rev_growth_yoy": 0.13561453948043947,
      "rev_growth_yoy_accel": -0.19013068641616046,
      "fcf_margin_change": 0.19139953950552618
    },
    {
      "date": "2022-12-31T00:00:00",
      "quarter_label": "2022-12 (Q4)",
      "revenue": 35366000,
      "gross_profit": 15653000,
      "operating_income": -6349000,
      "net_income": -6170000,
      "opex": 22001000,
      "cogs": 19715000,
      "rd": null,
      "sga": null,
      "fcf": -1843000,
      "ocf": -1432000,
      "capex": -411000,
      "gross_margin": 0.44260023751625854,
      "op_margin": -0.1795227054232879,
      "fcf_margin": -0.05211219815642142,
      "incr_op_margin_yoy": 26.015886287625417,
      "rev_growth_yoy": 0.035001463271875914,
      "rev_growth_yoy_accel": -0.10061307620856355,
      "fcf_margin_change": -0.04268612613851867
    },
    {
      "date": "2023-03-31T00:00:00",
      "quarter_label": "2023-03 (Q1)",
      "revenue": 43300000,
      "gross_profit": 20105000,
      "operating_income": -3251000,
      "net_income": -2912000,
      "opex": 23356000,
      "cogs": 23195000,
      "rd": null,
      "sga": null,
      "fcf": 8535000,
      "ocf": 9397000,
      "capex": -862000,
      "gross_margin": 0.46431870669745956,
      "op_margin": -0.07508083140877599,
      "fcf_margin": 0.19711316397228637,
      "incr_op_margin_yoy": 2.7162932016710974,
      "rev_growth_yoy": 0.13845506651943,
      "rev_growth_yoy_accel": 0.10345360324755407,
      "op_leverage_ratio": 3.642582353890043,
      "fcf_margin_change": 0.2492253621287078
    },
    {
      "date": "2023-06-30T00:00:00",
      "quarter_label": "2023-06 (Q2)",
      "revenue": 42241000,
      "gross_profit": 19692000,
      "operating_income": -5377000,
      "net_income": -5009000,
      "opex": 25069000,
      "cogs": 22549000,
      "rd": null,
      "sga": null,
      "fcf": -8996000,
      "ocf": -8326000,
      "capex": -670000,
      "gross_margin": 0.46618214530905994,
      "op_margin": -0.12729338794062642,
      "fcf_margin": -0.21296844298193698,
      "incr_op_margin_yoy": -2.8373220236292034,
      "rev_growth_yoy": -0.07248254358614027,
      "rev_growth_yoy_accel": -0.21093761010557027,
      "fcf_margin_change": -0.41008160695422335
    },
    {
      "date": "2023-09-30T00:00:00",
      "quarter_label": "2023-09 (Q3)",
      "revenue": 43089000,
      "gross_profit": 19572000,
      "operating_income": -11420000,
      "net_income": -11250000,
      "opex": 30992000,
      "cogs": 23517000,
      "rd": null,
      "sga": null,
      "fcf": -10739000,
      "ocf": -10739000,
      "capex": null,
      "gross_margin": 0.4542226554341015,
      "op_margin": -0.26503283900763536,
      "fcf_margin": -0.24922834134001717,
      "incr_op_margin_yoy": 1.9121739130434783,
      "rev_growth_yoy": -0.025995162639300164,
      "rev_growth_yoy_accel": 0.04648738094684011,
      "op_leverage_ratio": 0.08496830190709674,
      "fcf_margin_change": -0.03625989835808019
    },
    {
      "date": "2023-12-31T00:00:00",
      "quarter_label": "2023-12 (Q4)",
      "revenue": 37794000,
      "gross_profit": 15389000,
      "operating_income": -8895000,
      "net_income": -9151000,
      "opex": 24284000,
      "cogs": 22405000,
      "rd": null,
      "sga": null,
      "fcf": -6606000,
      "ocf": -6606000,
      "capex": null,
      "gross_margin": 0.4071810340265651,
      "op_margin": -0.2353548182251151,
      "fcf_margin": -0.17478964915065884,
      "incr_op_margin_yoy": -1.0485996705107083,
      "rev_growth_yoy": 0.06865350901996267,
      "rev_growth_yoy_accel": 0.09464867165926283,
      "fcf_margin_change": 0.07443869218935834
    },
    {
      "date": "2024-03-31T00:00:00",
      "quarter_label": "2024-03 (Q1)",
      "revenue": 38799000,
      "gross_profit": 17719000,
      "operating_income": -7283000,
      "net_income": null,
      "opex": 25002000,
      "cogs": 21080000,
      "rd": null,
      "sga": null,
      "fcf": -3202000,
      "ocf": -3202000,
      "capex": null,
      "gross_margin": 0.456687028016186,
      "op_margin": -0.1877110234799866,
      "fcf_margin": -0.08252790020361349,
      "incr_op_margin_yoy": 0.895800933125972,
      "rev_growth_yoy": -0.10394919168591224,
      "rev_growth_yoy_accel": -0.1726027007058749,
      "op_leverage_ratio": 0.8993712138063211,
      "fcf_margin_change": 0.09226174894704535
    },
    {
      "date": "2024-06-30T00:00:00",
      "quarter_label": "2024-06 (Q2)",
      "revenue": 40426000,
      "gross_profit": 16942000,
      "operating_income": -7069000,
      "net_income": null,
      "opex": 24011000,
      "cogs": 23484000,
      "rd": null,
      "sga": null,
      "fcf": 282000,
      "ocf": 282000,
      "capex": null,
      "gross_margin": 0.41908672636422106,
      "op_margin": -0.17486271211596496,
      "fcf_margin": 0.006975708702320289,
      "incr_op_margin_yoy": 0.9322314049586777,
      "rev_growth_yoy": -0.042967732771477946,
      "rev_growth_yoy_accel": 0.060981458914434294,
      "op_leverage_ratio": Infinity,
      "fcf_margin_change": 0.08950360890593378
    },
    {
      "date": "2024-09-30T00:00:00",
      "quarter_label": "2024-09 (Q3)",
      "revenue": 36366000,
      "gross_profit": 17850000,
      "operating_income": -2964000,
      "net_income": -2527000,
      "opex": 20814000,
      "cogs": 18516000,
      "rd": null,
      "sga": null,
      "fcf": 3891000,
      "ocf": 3891000,
      "capex": null,
      "gross_margin": 0.4908430951988121,
      "op_margin": -0.08150470219435736,
      "fcf_margin": 0.10699554528955618,
      "incr_op_margin_yoy": -1.2577718280529526,
      "rev_growth_yoy": -0.1560258998816403,
      "rev_growth_yoy_accel": -0.11305816711016237,
      "fcf_margin_change": 0.1000198365872359
    },
    {
      "date": "2024-12-31T00:00:00",
      "quarter_label": "2024-12 (Q4)",
      "revenue": 39458000,
      "gross_profit": 19418000,
      "operating_income": -6338000,
      "net_income": null,
      "opex": 25756000,
      "cogs": 20040000,
      "rd": null,
      "sga": null,
      "fcf": -1990000,
      "ocf": -1990000,
      "capex": null,
      "gross_margin": 0.49211820163211517,
      "op_margin": -0.16062648892493284,
      "fcf_margin": -0.050433372193218105,
      "incr_op_margin_yoy": 1.5366586538461537,
      "rev_growth_yoy": 0.04402815261681749,
      "rev_growth_yoy_accel": 0.2000540524984578,
      "op_leverage_ratio": 0.3580937655887657,
      "fcf_margin_change": -0.1574289174827743
    },
    {
      "date": "2025-03-31T00:00:00",
      "quarter_label": "2025-03 (Q1)",
      "revenue": 38023000,
      "gross_profit": 19035000,
      "operating_income": -6387000,
      "net_income": null,
      "opex": 25422000,
      "cogs": 18988000,
      "rd": null,
      "sga": null,
      "fcf": -2925000,
      "ocf": -2925000,
      "capex": null,
      "gross_margin": 0.5006180469715699,
      "op_margin": -0.16797727691134312,
      "fcf_margin": -0.07692712305709702,
      "rev_growth_yoy": -0.02000051547720302,
      "rev_growth_yoy_accel": -0.06402866809402051,
      "fcf_margin_change": -0.026493750863878916
    },
    {
      "date": "2025-06-30T00:00:00",
      "quarter_label": "2025-06 (Q2)",
      "revenue": 44524000,
      "gross_profit": 21690000,
      "operating_income": -1016000,
      "net_income": null,
      "opex": 22706000,
      "cogs": 22834000,
      "rd": null,
      "sga": null,
      "fcf": -1387000,
      "ocf": -1387000,
      "capex": null,
      "gross_margin": 0.48715299613691493,
      "op_margin": -0.022819153714850417,
      "fcf_margin": -0.03115173838828497,
      "incr_op_margin_yoy": 1.477061981454368,
      "rev_growth_yoy": 0.10137040518478208,
      "rev_growth_yoy_accel": 0.1213709206619851,
      "op_leverage_ratio": Infinity,
      "fcf_margin_change": 0.04577538466881205
    },
    {
      "date": "2025-09-30T00:00:00",
      "quarter_label": "2025-09 (Q3)",
      "revenue": 40844000,
      "gross_profit": 18617000,
      "operating_income": -2873000,
      "net_income": -2686000,
      "opex": 21490000,
      "cogs": 22227000,
      "rd": null,
      "sga": null,
      "fcf": 116000,
      "ocf": 116000,
      "capex": null,
      "gross_margin": 0.4558074625403976,
      "op_margin": -0.07034080893154442,
      "fcf_margin": 0.002840074429536774,
      "incr_op_margin_yoy": 0.020321572130415366,
      "rev_growth_yoy": 0.1231369960952538,
      "rev_growth_yoy_accel": 0.021766590910471728,
      "fcf_margin_change": 0.033991812817821744
    }
  ],
  "signals": [
    {
      "quarter": "2025-09 (Q3)",
      "signal": "FCF TURNED POSITIVE",
      "detail": "FCF margin: -3.1% -> +0.3%",
      "severity": "HIGH"
    },
    {
      "quarter": "2025-06 (Q2)",
      "signal": "YoY REVENUE GROWTH ACCELERATION",
      "detail": "YoY growth: +10.1% vs prior quarter YoY: -2.0% (accel: +12.1%)",
      "severity": "MEDIUM"
    },
    {
      "quarter": "2025-03 (Q1)",
      "signal": "YoY REVENUE GROWTH DECELERATION",
      "detail": "YoY growth: -2.0% vs prior quarter YoY: +4.4% (decel: -6.4%)",
      "severity": "WARNING"
    },
    {
      "quarter": "2024-12 (Q4)",
      "signal": "YoY REVENUE GROWTH ACCELERATION",
      "detail": "YoY growth: +4.4% vs prior quarter YoY: -15.6% (accel: +20.0%)",
      "severity": "HIGH"
    },
    {
      "quarter": "2024-09 (Q3)",
      "signal": "FCF MARGIN EXPANSION",
      "detail": "FCF margin: +0.7% -> +10.7% (+10.0%)",
      "severity": "MEDIUM"
    },
    {
      "quarter": "2024-09 (Q3)",
      "signal": "GROSS MARGIN INFLECTION",
      "detail": "GM: +45.7% -> +41.9% -> +49.1% (reversal +7.2%)",
      "severity": "HIGH"
    },
    {
      "quarter": "2024-09 (Q3)",
      "signal": "YoY REVENUE GROWTH DECELERATION",
      "detail": "YoY growth: -15.6% vs prior quarter YoY: -4.3% (decel: -11.3%)",
      "severity": "WARNING"
    },
    {
      "quarter": "2024-06 (Q2)",
      "signal": "FCF TURNED POSITIVE",
      "detail": "FCF margin: -8.3% -> +0.7%",
      "severity": "HIGH"
    },
    {
      "quarter": "2024-06 (Q2)",
      "signal": "YoY REVENUE GROWTH ACCELERATION",
      "detail": "YoY growth: -4.3% vs prior quarter YoY: -10.4% (accel: +6.1%)",
      "severity": "MEDIUM"
    },
    {
      "quarter": "2024-03 (Q1)",
      "signal": "FCF MARGIN EXPANSION",
      "detail": "FCF margin: -17.5% -> -8.3% (+9.2%)",
      "severity": "MEDIUM"
    },
    {
      "quarter": "2024-03 (Q1)",
      "signal": "GROSS MARGIN INFLECTION",
      "detail": "GM: +45.4% -> +40.7% -> +45.7% (reversal +5.0%)",
      "severity": "MEDIUM"
    },
    {
      "quarter": "2024-03 (Q1)",
      "signal": "YoY REVENUE GROWTH DECELERATION",
      "detail": "YoY growth: -10.4% vs prior quarter YoY: +6.9% (decel: -17.3%)",
      "severity": "WARNING"
    },
    {
      "quarter": "2023-12 (Q4)",
      "signal": "FCF MARGIN EXPANSION",
      "detail": "FCF margin: -24.9% -> -17.5% (+7.4%)",
      "severity": "MEDIUM"
    },
    {
      "quarter": "2023-12 (Q4)",
      "signal": "YoY REVENUE GROWTH ACCELERATION",
      "detail": "YoY growth: +6.9% vs prior quarter YoY: -2.6% (accel: +9.5%)",
      "severity": "MEDIUM"
    },
    {
      "quarter": "2023-06 (Q2)",
      "signal": "YoY REVENUE GROWTH DECELERATION",
      "detail": "YoY growth: -7.2% vs prior quarter YoY: +13.8% (decel: -21.1%)",
      "severity": "WARNING"
    },
    {
      "quarter": "2023-03 (Q1)",
      "signal": "FCF TURNED POSITIVE",
      "detail": "FCF margin: -5.2% -> +19.7%",
      "severity": "HIGH"
    },
    {
      "quarter": "2023-03 (Q1)",
      "signal": "OPERATING LEVERAGE",
      "detail": "Rev growth +22.4% vs OpEx growth +6.2% (leverage: 3.6x)",
      "severity": "MEDIUM"
    },
    {
      "quarter": "2023-03 (Q1)",
      "signal": "YoY REVENUE GROWTH ACCELERATION",
      "detail": "YoY growth: +13.8% vs prior quarter YoY: +3.5% (accel: +10.3%)",
      "severity": "MEDIUM"
    },
    {
      "quarter": "2022-12 (Q4)",
      "signal": "YoY REVENUE GROWTH DECELERATION",
      "detail": "YoY growth: +3.5% vs prior quarter YoY: +13.6% (decel: -10.1%)",
      "severity": "WARNING"
    },
    {
      "quarter": "2022-09 (Q3)",
      "signal": "FCF MARGIN EXPANSION",
      "detail": "FCF margin: -20.1% -> -0.9% (+19.1%)",
      "severity": "MEDIUM"
    },
    {
      "quarter": "2022-09 (Q3)",
      "signal": "GROSS MARGIN INFLECTION",
      "detail": "GM: +38.4% -> +38.1% -> +43.3% (reversal +5.2%)",
      "severity": "HIGH"
    },
    {
      "quarter": "2022-09 (Q3)",
      "signal": "YoY REVENUE GROWTH DECELERATION",
      "detail": "YoY growth: +13.6% vs prior quarter YoY: +32.6% (decel: -19.0%)",
      "severity": "WARNING"
    },
    {
      "quarter": "2022-06 (Q2)",
      "signal": "FCF MARGIN EXPANSION",
      "detail": "FCF margin: -31.5% -> -20.1% (+11.4%)",
      "severity": "MEDIUM"
    },
    {
      "quarter": "2022-06 (Q2)",
      "signal": "YoY REVENUE GROWTH ACCELERATION",
      "detail": "YoY growth: +32.6% vs prior quarter YoY: +23.9% (accel: +8.7%)",
      "severity": "MEDIUM"
    },
    {
      "quarter": "2021-12 (Q4)",
      "signal": "FCF MARGIN EXPANSION",
      "detail": "FCF margin: -34.2% -> -16.2% (+18.0%)",
      "severity": "MEDIUM"
    },
    {
      "quarter": "2021-06 (Q2)",
      "signal": "FCF TURNED POSITIVE",
      "detail": "FCF margin: -8.4% -> +1.5%",
      "severity": "HIGH"
    },
    {
      "quarter": "2021-03 (Q1)",
      "signal": "OP MARGIN TURNED POSITIVE (QoQ)",
      "detail": "Op margin: -32.3% -> +0.8%",
      "severity": "HIGH"
    }
  ],
  "data_quality": {
    "n_quarters": 20,
    "coverage": {
      "revenue": [
        20,
        20
      ],
      "gross_profit": [
        20,
        20
      ],
      "op_income": [
        20,
        20
      ],
      "fcf": [
        20,
        20
      ]
    },
    "gaps": [],
    "warnings": []
  },
  "market_cap": null,
  "source": "SEC EDGAR",
  "last_updated": "2026-02-02T23:11:52.433376"
}