{
  "ticker": "ZVRA",
  "name": "Zevra Therapeutics, Inc.",
  "quarters": [
    {
      "date": "2020-12-31T00:00:00",
      "quarter_label": "2020-12 (Q4)",
      "revenue": 2366000,
      "gross_profit": null,
      "operating_income": -3214000,
      "net_income": -4856000,
      "opex": 5580000,
      "cogs": null,
      "rd": 3054000,
      "sga": null,
      "fcf": -1085000,
      "ocf": -1059000,
      "capex": -26000,
      "gross_margin": null,
      "op_margin": -1.3584108199492815,
      "fcf_margin": -0.45857988165680474
    },
    {
      "date": "2021-03-31T00:00:00",
      "quarter_label": "2021-03 (Q1)",
      "revenue": 12117000,
      "gross_profit": null,
      "operating_income": 6960000,
      "net_income": -10296000,
      "opex": 5157000,
      "cogs": null,
      "rd": 2265000,
      "sga": null,
      "fcf": -2586000,
      "ocf": -2586000,
      "capex": null,
      "gross_margin": null,
      "op_margin": 0.5743996038623421,
      "fcf_margin": -0.21341916315919782,
      "op_leverage_ratio": Infinity,
      "fcf_margin_change": 0.24516071849760693
    },
    {
      "date": "2021-06-30T00:00:00",
      "quarter_label": "2021-06 (Q2)",
      "revenue": 11986000,
      "gross_profit": 10986000,
      "operating_income": 5833000,
      "net_income": 6203000,
      "opex": 6153000,
      "cogs": 1000000,
      "rd": 2848000,
      "sga": null,
      "fcf": 16522000,
      "ocf": 16603000,
      "capex": -81000,
      "gross_margin": 0.9165693308860337,
      "op_margin": 0.4866510929417654,
      "fcf_margin": 1.378441515100951,
      "fcf_margin_change": 1.5918606782601488
    },
    {
      "date": "2021-09-30T00:00:00",
      "quarter_label": "2021-09 (Q3)",
      "revenue": 1965000,
      "gross_profit": 1965000,
      "operating_income": -2222000,
      "net_income": -1759000,
      "opex": 4187000,
      "cogs": 0,
      "rd": 2239000,
      "sga": null,
      "fcf": -2734000,
      "ocf": -2730000,
      "capex": -4000,
      "gross_margin": 1.0,
      "op_margin": -1.1307888040712468,
      "fcf_margin": -1.3913486005089057,
      "fcf_margin_change": -2.7697901156098568
    },
    {
      "date": "2021-12-31T00:00:00",
      "quarter_label": "2021-12 (Q4)",
      "revenue": 2582000,
      "gross_profit": 2523000,
      "operating_income": -2842000,
      "net_income": -2703000,
      "opex": 5424000,
      "cogs": 59000,
      "rd": 2809000,
      "sga": null,
      "fcf": -865000,
      "ocf": -848000,
      "capex": -17000,
      "gross_margin": 0.97714949651433,
      "op_margin": -1.1006971340046476,
      "fcf_margin": -0.33501161890007747,
      "rev_growth_yoy": 0.09129332206255283,
      "op_leverage_ratio": 1.0628105837606783,
      "fcf_margin_change": 1.0563369816088284
    },
    {
      "date": "2022-03-31T00:00:00",
      "quarter_label": "2022-03 (Q1)",
      "revenue": 3965000,
      "gross_profit": 3957000,
      "operating_income": -1859000,
      "net_income": -1864000,
      "opex": 5824000,
      "cogs": 8000,
      "rd": 3082000,
      "sga": 2734000,
      "fcf": -3569000,
      "ocf": -3553000,
      "capex": -16000,
      "gross_margin": 0.9979823455233291,
      "op_margin": -0.46885245901639344,
      "fcf_margin": -0.9001261034047919,
      "incr_op_margin_yoy": 1.0818204121687929,
      "rev_growth_yoy": -0.6727737888916399,
      "rev_growth_yoy_accel": -0.7640671109541927,
      "op_leverage_ratio": 7.263160340821068,
      "fcf_margin_change": -0.5651144845047145
    },
    {
      "date": "2022-06-30T00:00:00",
      "quarter_label": "2022-06 (Q2)",
      "revenue": 1300000,
      "gross_profit": 1249000,
      "operating_income": -24767000,
      "net_income": -24042000,
      "opex": 26067000,
      "cogs": 51000,
      "rd": null,
      "sga": 3558000,
      "fcf": -4119000,
      "ocf": -4104000,
      "capex": -15000,
      "gross_margin": 0.9607692307692308,
      "op_margin": -19.051538461538463,
      "fcf_margin": -3.1684615384615387,
      "incr_op_margin_yoy": 2.863559797866367,
      "rev_growth_yoy": -0.8915401301518439,
      "rev_growth_yoy_accel": -0.218766341260204,
      "fcf_margin_change": -2.2683354350567466
    },
    {
      "date": "2022-09-30T00:00:00",
      "quarter_label": "2022-09 (Q3)",
      "revenue": 2874000,
      "gross_profit": 2733000,
      "operating_income": -6626000,
      "net_income": -6616000,
      "opex": 9500000,
      "cogs": 141000,
      "rd": null,
      "sga": 3974000,
      "fcf": -6626000,
      "ocf": -6598000,
      "capex": -28000,
      "gross_margin": 0.9509394572025052,
      "op_margin": -2.305497564370216,
      "fcf_margin": -2.305497564370216,
      "rev_growth_yoy": 0.46259541984732827,
      "rev_growth_yoy_accel": 1.354135549999172,
      "op_leverage_ratio": Infinity,
      "fcf_margin_change": 0.8629639740913229
    },
    {
      "date": "2022-12-31T00:00:00",
      "quarter_label": "2022-12 (Q4)",
      "revenue": 2319000,
      "gross_profit": 2176000,
      "operating_income": -9253000,
      "net_income": -9021000,
      "opex": 11572000,
      "cogs": 143000,
      "rd": null,
      "sga": 4772000,
      "fcf": -4496000,
      "ocf": -4462000,
      "capex": -34000,
      "gross_margin": 0.9383354894351014,
      "op_margin": -3.9900819318671843,
      "fcf_margin": -1.938766709788702,
      "rev_growth_yoy": -0.1018590240123935,
      "rev_growth_yoy_accel": -0.5644544438597218,
      "fcf_margin_change": 0.3667308545815138
    },
    {
      "date": "2023-03-31T00:00:00",
      "quarter_label": "2023-03 (Q1)",
      "revenue": 2879000,
      "gross_profit": 2754000,
      "operating_income": -12924000,
      "net_income": -11767000,
      "opex": 15803000,
      "cogs": 125000,
      "rd": null,
      "sga": 6834000,
      "fcf": -4074000,
      "ocf": -4045000,
      "capex": -29000,
      "gross_margin": 0.9565821465786731,
      "op_margin": -4.489058700937826,
      "fcf_margin": -1.4150746787078847,
      "incr_op_margin_yoy": 10.18876611418048,
      "rev_growth_yoy": -0.27389659520807064,
      "rev_growth_yoy_accel": -0.17203757119567714,
      "op_leverage_ratio": 0.6604693646527117,
      "fcf_margin_change": 0.5236920310808173
    },
    {
      "date": "2023-06-30T00:00:00",
      "quarter_label": "2023-06 (Q2)",
      "revenue": 8470000,
      "gross_profit": 7793000,
      "operating_income": -6645000,
      "net_income": -5084000,
      "opex": 15115000,
      "cogs": 677000,
      "rd": null,
      "sga": 7005000,
      "fcf": -8727000,
      "ocf": -8704000,
      "capex": -23000,
      "gross_margin": 0.9200708382526565,
      "op_margin": -0.7845336481700118,
      "fcf_margin": -1.0303423848878395,
      "incr_op_margin_yoy": 2.5274755927475594,
      "rev_growth_yoy": 5.515384615384615,
      "rev_growth_yoy_accel": 5.789281210592686,
      "op_leverage_ratio": Infinity,
      "fcf_margin_change": 0.38473229382004526
    },
    {
      "date": "2023-09-30T00:00:00",
      "quarter_label": "2023-09 (Q3)",
      "revenue": 2895000,
      "gross_profit": 2751000,
      "operating_income": -15364000,
      "net_income": -14045000,
      "opex": 18259000,
      "cogs": 144000,
      "rd": null,
      "sga": 5818000,
      "fcf": -4800000,
      "ocf": -4628000,
      "capex": -172000,
      "gross_margin": 0.950259067357513,
      "op_margin": -5.307081174438688,
      "fcf_margin": -1.6580310880829014,
      "rev_growth_yoy": 0.007306889352818371,
      "rev_growth_yoy_accel": -5.508077726031797,
      "fcf_margin_change": -0.627688703195062
    },
    {
      "date": "2023-12-31T00:00:00",
      "quarter_label": "2023-12 (Q4)",
      "revenue": 13217000,
      "gross_profit": 11218000,
      "operating_income": -14671000,
      "net_income": -15153000,
      "opex": 27888000,
      "cogs": 1999000,
      "rd": null,
      "sga": 14657000,
      "fcf": -16230000,
      "ocf": -16158000,
      "capex": -72000,
      "gross_margin": 0.8487553907845956,
      "op_margin": -1.1100098358175077,
      "fcf_margin": -1.2279639857758946,
      "incr_op_margin_yoy": -0.49715544136538814,
      "rev_growth_yoy": 4.699439413540319,
      "rev_growth_yoy_accel": 4.6921325241875005,
      "op_leverage_ratio": 6.761002376420826,
      "fcf_margin_change": 0.43006710230700684
    },
    {
      "date": "2024-03-31T00:00:00",
      "quarter_label": "2024-03 (Q1)",
      "revenue": 3425000,
      "gross_profit": 3250000,
      "operating_income": -20486000,
      "net_income": -16622000,
      "opex": 22208000,
      "cogs": 175000,
      "rd": null,
      "sga": 9931000,
      "fcf": -16165000,
      "ocf": -16165000,
      "capex": null,
      "gross_margin": 0.948905109489051,
      "op_margin": -5.981313868613139,
      "fcf_margin": -4.71970802919708,
      "rev_growth_yoy": 0.1896491837443557,
      "rev_growth_yoy_accel": -4.509790229795963,
      "fcf_margin_change": -3.4917440434211855
    },
    {
      "date": "2024-06-30T00:00:00",
      "quarter_label": "2024-06 (Q2)",
      "revenue": 4449000,
      "gross_profit": 876000,
      "operating_income": -23795000,
      "net_income": -19925000,
      "opex": 23125000,
      "cogs": 3573000,
      "rd": null,
      "sga": 12604000,
      "fcf": -19109000,
      "ocf": -19109000,
      "capex": null,
      "gross_margin": 0.1968981793661497,
      "op_margin": -5.348392897280288,
      "fcf_margin": -4.295122499438076,
      "incr_op_margin_yoy": 4.265108182044267,
      "rev_growth_yoy": -0.4747343565525384,
      "rev_growth_yoy_accel": -0.6643835402968941,
      "op_leverage_ratio": 7.2406823265328875,
      "fcf_margin_change": 0.4245855297590042
    },
    {
      "date": "2024-09-30T00:00:00",
      "quarter_label": "2024-09 (Q3)",
      "revenue": 3695000,
      "gross_profit": 1392000,
      "operating_income": -27306000,
      "net_income": -33225000,
      "opex": 27153000,
      "cogs": 2303000,
      "rd": null,
      "sga": 16208000,
      "fcf": -18141000,
      "ocf": -18141000,
      "capex": null,
      "gross_margin": 0.3767253044654939,
      "op_margin": -7.389986468200271,
      "fcf_margin": -4.909607577807848,
      "rev_growth_yoy": 0.2763385146804836,
      "rev_growth_yoy_accel": 0.7510728712330219,
      "fcf_margin_change": -0.6144850783697722
    },
    {
      "date": "2024-12-31T00:00:00",
      "quarter_label": "2024-12 (Q4)",
      "revenue": 12043000,
      "gross_profit": 10677000,
      "operating_income": -15416000,
      "net_income": -35739000,
      "opex": 24477000,
      "cogs": 1366000,
      "rd": null,
      "sga": 16125000,
      "fcf": -16250000,
      "ocf": -16250000,
      "capex": null,
      "gross_margin": 0.886573113011708,
      "op_margin": -1.2800797143568878,
      "fcf_margin": -1.3493315619031803,
      "incr_op_margin_yoy": 0.6345826235093697,
      "rev_growth_yoy": -0.08882499810849663,
      "rev_growth_yoy_accel": -0.36516351278898024,
      "op_leverage_ratio": Infinity,
      "fcf_margin_change": 3.560276015904668
    },
    {
      "date": "2025-03-31T00:00:00",
      "quarter_label": "2025-03 (Q1)",
      "revenue": 20401000,
      "gross_profit": 19056000,
      "operating_income": -5362000,
      "net_income": -3099000,
      "opex": 22803000,
      "cogs": 1345000,
      "rd": null,
      "sga": 19545000,
      "fcf": -8321000,
      "ocf": -8222000,
      "capex": -99000,
      "gross_margin": 0.9340718592225872,
      "op_margin": -0.26283025341895005,
      "fcf_margin": -0.4078721631292584,
      "incr_op_margin_yoy": 0.8909048067860509,
      "rev_growth_yoy": 4.956496350364963,
      "rev_growth_yoy_accel": 5.04532134847346,
      "op_leverage_ratio": Infinity,
      "fcf_margin_change": 0.9414593987739219
    },
    {
      "date": "2025-06-30T00:00:00",
      "quarter_label": "2025-06 (Q2)",
      "revenue": 25881000,
      "gross_profit": 13502000,
      "operating_income": -71039000,
      "net_income": 74707000,
      "opex": 24215000,
      "cogs": 12379000,
      "rd": null,
      "sga": 20782000,
      "fcf": -3814000,
      "ocf": -3601000,
      "capex": -213000,
      "gross_margin": 0.5216954522622773,
      "op_margin": -2.744832116224257,
      "fcf_margin": -0.1473667941733318,
      "incr_op_margin_yoy": -2.204367301231803,
      "rev_growth_yoy": 4.81726230613621,
      "rev_growth_yoy_accel": -0.13923404422875318,
      "op_leverage_ratio": 4.337968490962991,
      "fcf_margin_change": 0.2605053689559266
    },
    {
      "date": "2025-09-30T00:00:00",
      "quarter_label": "2025-09 (Q3)",
      "revenue": 26063000,
      "gross_profit": 24825000,
      "operating_income": 4143000,
      "net_income": -544000,
      "opex": 20367000,
      "cogs": 1238000,
      "rd": null,
      "sga": 16935000,
      "fcf": 4155000,
      "ocf": 4709000,
      "capex": -554000,
      "gross_margin": 0.9524997122357365,
      "op_margin": 0.15896097916586732,
      "fcf_margin": 0.15942140198749186,
      "incr_op_margin_yoy": 1.4059817596566524,
      "rev_growth_yoy": 6.053585926928282,
      "rev_growth_yoy_accel": 1.2363236207920716,
      "fcf_margin_change": 0.30678819616082365
    }
  ],
  "signals": [
    {
      "quarter": "2025-09 (Q3)",
      "signal": "FCF TURNED POSITIVE",
      "detail": "FCF margin: -14.7% -> +15.9%",
      "severity": "HIGH"
    },
    {
      "quarter": "2025-09 (Q3)",
      "signal": "GROSS MARGIN INFLECTION",
      "detail": "GM: +93.4% -> +52.2% -> +95.2% (reversal +43.1%)",
      "severity": "HIGH"
    },
    {
      "quarter": "2025-09 (Q3)",
      "signal": "YoY REVENUE GROWTH ACCELERATION",
      "detail": "YoY growth: +605.4% vs prior quarter YoY: +481.7% (accel: +123.6%)",
      "severity": "HIGH"
    },
    {
      "quarter": "2025-09 (Q3)",
      "signal": "OP MARGIN TURNED POSITIVE (YoY)",
      "detail": "Op margin: -739.0% (year-ago) -> +15.9%",
      "severity": "HIGH"
    },
    {
      "quarter": "2025-09 (Q3)",
      "signal": "OP MARGIN TURNED POSITIVE (QoQ)",
      "detail": "Op margin: -274.5% -> +15.9%",
      "severity": "HIGH"
    },
    {
      "quarter": "2025-06 (Q2)",
      "signal": "FCF MARGIN EXPANSION",
      "detail": "FCF margin: -40.8% -> -14.7% (+26.1%)",
      "severity": "MEDIUM"
    },
    {
      "quarter": "2025-06 (Q2)",
      "signal": "OPERATING LEVERAGE",
      "detail": "Rev growth +26.9% vs OpEx growth +6.2% (leverage: 4.3x)",
      "severity": "MEDIUM"
    },
    {
      "quarter": "2025-06 (Q2)",
      "signal": "YoY REVENUE GROWTH DECELERATION",
      "detail": "YoY growth: +481.7% vs prior quarter YoY: +495.6% (decel: -13.9%)",
      "severity": "WARNING"
    },
    {
      "quarter": "2025-03 (Q1)",
      "signal": "FCF MARGIN EXPANSION",
      "detail": "FCF margin: -134.9% -> -40.8% (+94.1%)",
      "severity": "MEDIUM"
    },
    {
      "quarter": "2025-03 (Q1)",
      "signal": "YoY REVENUE GROWTH ACCELERATION",
      "detail": "YoY growth: +495.6% vs prior quarter YoY: -8.9% (accel: +504.5%)",
      "severity": "HIGH"
    },
    {
      "quarter": "2024-12 (Q4)",
      "signal": "FCF MARGIN EXPANSION",
      "detail": "FCF margin: -491.0% -> -134.9% (+356.0%)",
      "severity": "MEDIUM"
    },
    {
      "quarter": "2024-12 (Q4)",
      "signal": "YoY REVENUE GROWTH DECELERATION",
      "detail": "YoY growth: -8.9% vs prior quarter YoY: +27.6% (decel: -36.5%)",
      "severity": "WARNING"
    },
    {
      "quarter": "2024-09 (Q3)",
      "signal": "GROSS MARGIN INFLECTION",
      "detail": "GM: +94.9% -> +19.7% -> +37.7% (reversal +18.0%)",
      "severity": "HIGH"
    },
    {
      "quarter": "2024-09 (Q3)",
      "signal": "YoY REVENUE GROWTH ACCELERATION",
      "detail": "YoY growth: +27.6% vs prior quarter YoY: -47.5% (accel: +75.1%)",
      "severity": "HIGH"
    },
    {
      "quarter": "2024-06 (Q2)",
      "signal": "FCF MARGIN EXPANSION",
      "detail": "FCF margin: -472.0% -> -429.5% (+42.5%)",
      "severity": "MEDIUM"
    },
    {
      "quarter": "2024-06 (Q2)",
      "signal": "OPERATING LEVERAGE",
      "detail": "Rev growth +29.9% vs OpEx growth +4.1% (leverage: 7.2x)",
      "severity": "MEDIUM"
    },
    {
      "quarter": "2024-06 (Q2)",
      "signal": "YoY REVENUE GROWTH DECELERATION",
      "detail": "YoY growth: -47.5% vs prior quarter YoY: +19.0% (decel: -66.4%)",
      "severity": "WARNING"
    },
    {
      "quarter": "2024-03 (Q1)",
      "signal": "GROSS MARGIN INFLECTION",
      "detail": "GM: +95.0% -> +84.9% -> +94.9% (reversal +10.0%)",
      "severity": "HIGH"
    },
    {
      "quarter": "2024-03 (Q1)",
      "signal": "YoY REVENUE GROWTH DECELERATION",
      "detail": "YoY growth: +19.0% vs prior quarter YoY: +469.9% (decel: -451.0%)",
      "severity": "WARNING"
    },
    {
      "quarter": "2023-12 (Q4)",
      "signal": "FCF MARGIN EXPANSION",
      "detail": "FCF margin: -165.8% -> -122.8% (+43.0%)",
      "severity": "MEDIUM"
    },
    {
      "quarter": "2023-12 (Q4)",
      "signal": "OPERATING LEVERAGE",
      "detail": "Rev growth +356.5% vs OpEx growth +52.7% (leverage: 6.8x)",
      "severity": "MEDIUM"
    },
    {
      "quarter": "2023-12 (Q4)",
      "signal": "YoY REVENUE GROWTH ACCELERATION",
      "detail": "YoY growth: +469.9% vs prior quarter YoY: +0.7% (accel: +469.2%)",
      "severity": "HIGH"
    },
    {
      "quarter": "2023-09 (Q3)",
      "signal": "GROSS MARGIN INFLECTION",
      "detail": "GM: +95.7% -> +92.0% -> +95.0% (reversal +3.0%)",
      "severity": "MEDIUM"
    },
    {
      "quarter": "2023-09 (Q3)",
      "signal": "YoY REVENUE GROWTH DECELERATION",
      "detail": "YoY growth: +0.7% vs prior quarter YoY: +551.5% (decel: -550.8%)",
      "severity": "WARNING"
    },
    {
      "quarter": "2023-06 (Q2)",
      "signal": "FCF MARGIN EXPANSION",
      "detail": "FCF margin: -141.5% -> -103.0% (+38.5%)",
      "severity": "MEDIUM"
    },
    {
      "quarter": "2023-06 (Q2)",
      "signal": "YoY REVENUE GROWTH ACCELERATION",
      "detail": "YoY growth: +551.5% vs prior quarter YoY: -27.4% (accel: +578.9%)",
      "severity": "HIGH"
    },
    {
      "quarter": "2023-03 (Q1)",
      "signal": "FCF MARGIN EXPANSION",
      "detail": "FCF margin: -193.9% -> -141.5% (+52.4%)",
      "severity": "MEDIUM"
    },
    {
      "quarter": "2023-03 (Q1)",
      "signal": "YoY REVENUE GROWTH DECELERATION",
      "detail": "YoY growth: -27.4% vs prior quarter YoY: -10.2% (decel: -17.2%)",
      "severity": "WARNING"
    },
    {
      "quarter": "2022-12 (Q4)",
      "signal": "FCF MARGIN EXPANSION",
      "detail": "FCF margin: -230.5% -> -193.9% (+36.7%)",
      "severity": "MEDIUM"
    },
    {
      "quarter": "2022-12 (Q4)",
      "signal": "YoY REVENUE GROWTH DECELERATION",
      "detail": "YoY growth: -10.2% vs prior quarter YoY: +46.3% (decel: -56.4%)",
      "severity": "WARNING"
    },
    {
      "quarter": "2022-09 (Q3)",
      "signal": "FCF MARGIN EXPANSION",
      "detail": "FCF margin: -316.8% -> -230.5% (+86.3%)",
      "severity": "MEDIUM"
    },
    {
      "quarter": "2022-09 (Q3)",
      "signal": "YoY REVENUE GROWTH ACCELERATION",
      "detail": "YoY growth: +46.3% vs prior quarter YoY: -89.2% (accel: +135.4%)",
      "severity": "HIGH"
    },
    {
      "quarter": "2022-06 (Q2)",
      "signal": "YoY REVENUE GROWTH DECELERATION",
      "detail": "YoY growth: -89.2% vs prior quarter YoY: -67.3% (decel: -21.9%)",
      "severity": "WARNING"
    },
    {
      "quarter": "2022-03 (Q1)",
      "signal": "OPERATING LEVERAGE",
      "detail": "Rev growth +53.6% vs OpEx growth +7.4% (leverage: 7.3x)",
      "severity": "MEDIUM"
    },
    {
      "quarter": "2022-03 (Q1)",
      "signal": "GROSS MARGIN INFLECTION",
      "detail": "GM: +100.0% -> +97.7% -> +99.8% (reversal +2.1%)",
      "severity": "MEDIUM"
    },
    {
      "quarter": "2022-03 (Q1)",
      "signal": "YoY REVENUE GROWTH DECELERATION",
      "detail": "YoY growth: -67.3% vs prior quarter YoY: +9.1% (decel: -76.4%)",
      "severity": "WARNING"
    },
    {
      "quarter": "2021-12 (Q4)",
      "signal": "FCF MARGIN EXPANSION",
      "detail": "FCF margin: -139.1% -> -33.5% (+105.6%)",
      "severity": "MEDIUM"
    },
    {
      "quarter": "2021-06 (Q2)",
      "signal": "FCF TURNED POSITIVE",
      "detail": "FCF margin: -21.3% -> +137.8%",
      "severity": "HIGH"
    },
    {
      "quarter": "2021-03 (Q1)",
      "signal": "FCF MARGIN EXPANSION",
      "detail": "FCF margin: -45.9% -> -21.3% (+24.5%)",
      "severity": "MEDIUM"
    },
    {
      "quarter": "2021-03 (Q1)",
      "signal": "OP MARGIN TURNED POSITIVE (QoQ)",
      "detail": "Op margin: -135.8% -> +57.4%",
      "severity": "HIGH"
    }
  ],
  "data_quality": {
    "n_quarters": 20,
    "coverage": {
      "revenue": [
        20,
        20
      ],
      "gross_profit": [
        18,
        20
      ],
      "op_income": [
        20,
        20
      ],
      "fcf": [
        20,
        20
      ]
    },
    "gaps": [],
    "warnings": []
  },
  "market_cap": null,
  "source": "SEC EDGAR",
  "last_updated": "2026-02-02T22:25:25.767050"
}