{
  "ticker": "ZWS",
  "name": "ZURN ELKAY WATER SOLUTIONS CORPORATION",
  "quarters": [
    {
      "date": "2020-12-31T00:00:00",
      "quarter_label": "2020-12 (Q4)",
      "revenue": 490400000,
      "gross_profit": 181700000,
      "operating_income": -118700000,
      "net_income": 37200000,
      "opex": 300400000,
      "cogs": -495300000,
      "rd": null,
      "sga": -112000000,
      "fcf": 69500000,
      "ocf": 82500000,
      "capex": -13000000,
      "gross_margin": 0.3705138662316476,
      "op_margin": -0.242047308319739,
      "fcf_margin": 0.141721044045677
    },
    {
      "date": "2021-03-31T00:00:00",
      "quarter_label": "2021-03 (Q1)",
      "revenue": 526100000,
      "gross_profit": 207900000,
      "operating_income": 78600000,
      "net_income": 50000000,
      "opex": 129300000,
      "cogs": 318200000,
      "rd": null,
      "sga": 119300000,
      "fcf": 62100000,
      "ocf": 71300000,
      "capex": -9200000,
      "gross_margin": 0.39517202052841666,
      "op_margin": 0.14940125451435088,
      "fcf_margin": 0.11803839574225432,
      "op_leverage_ratio": Infinity,
      "fcf_margin_change": -0.02368264830342269
    },
    {
      "date": "2021-06-30T00:00:00",
      "quarter_label": "2021-06 (Q2)",
      "revenue": 568300000,
      "gross_profit": 235800000,
      "operating_income": 103600000,
      "net_income": 73200000,
      "opex": 132200000,
      "cogs": 332500000,
      "rd": null,
      "sga": 122000000,
      "fcf": 68900000,
      "ocf": 73700000,
      "capex": -4800000,
      "gross_margin": 0.4149216962871723,
      "op_margin": 0.1822980819989442,
      "fcf_margin": 0.12123878233327468,
      "op_leverage_ratio": 3.576388388204681,
      "fcf_margin_change": 0.003200386591020357
    },
    {
      "date": "2021-09-30T00:00:00",
      "quarter_label": "2021-09 (Q3)",
      "revenue": 557200000,
      "gross_profit": 218800000,
      "operating_income": 89900000,
      "net_income": 64100000,
      "opex": 128900000,
      "cogs": 338400000,
      "rd": null,
      "sga": 117800000,
      "fcf": 93200000,
      "ocf": 100800000,
      "capex": -7600000,
      "gross_margin": 0.39267767408470927,
      "op_margin": 0.1613424264178033,
      "fcf_margin": 0.167264895908112,
      "fcf_margin_change": 0.046026113574837324
    },
    {
      "date": "2021-12-31T00:00:00",
      "quarter_label": "2021-12 (Q4)",
      "revenue": 232300000,
      "gross_profit": 85200000,
      "operating_income": -165100000,
      "net_income": -66400000,
      "opex": 250300000,
      "cogs": -451400000,
      "rd": null,
      "sga": -120100000,
      "fcf": -22200000,
      "ocf": -22200000,
      "capex": null,
      "gross_margin": 0.36676711149375807,
      "op_margin": -0.7107188979767542,
      "fcf_margin": -0.09556607834696514,
      "incr_op_margin_yoy": 0.1797752808988764,
      "rev_growth_yoy": -0.526305057096248,
      "fcf_margin_change": -0.2628309742550771
    },
    {
      "date": "2022-03-31T00:00:00",
      "quarter_label": "2022-03 (Q1)",
      "revenue": 239600000,
      "gross_profit": 101900000,
      "operating_income": 43900000,
      "net_income": 30200000,
      "opex": 58000000,
      "cogs": 137700000,
      "rd": null,
      "sga": 53900000,
      "fcf": -54700000,
      "ocf": -53900000,
      "capex": -800000,
      "gross_margin": 0.42529215358931555,
      "op_margin": 0.1832220367278798,
      "fcf_margin": -0.22829716193656094,
      "incr_op_margin_yoy": 0.12111692844677138,
      "rev_growth_yoy": -0.5445732750427675,
      "rev_growth_yoy_accel": -0.01826821794651956,
      "op_leverage_ratio": Infinity,
      "fcf_margin_change": -0.1327310835895958
    },
    {
      "date": "2022-06-30T00:00:00",
      "quarter_label": "2022-06 (Q2)",
      "revenue": 284200000,
      "gross_profit": 113800000,
      "operating_income": 53500000,
      "net_income": 36400000,
      "opex": 60300000,
      "cogs": 170400000,
      "rd": null,
      "sga": 58400000,
      "fcf": 40700000,
      "ocf": 41900000,
      "capex": -1200000,
      "gross_margin": 0.4004222378606615,
      "op_margin": 0.18824771287825476,
      "fcf_margin": 0.14320900774102743,
      "incr_op_margin_yoy": 0.17634635691657866,
      "rev_growth_yoy": -0.49991201830019355,
      "rev_growth_yoy_accel": 0.044661256742573985,
      "op_leverage_ratio": 4.694055309573927,
      "fcf_margin_change": 0.37150616967758837
    },
    {
      "date": "2022-09-30T00:00:00",
      "quarter_label": "2022-09 (Q3)",
      "revenue": 417700000,
      "gross_profit": 140400000,
      "operating_income": -10100000,
      "net_income": -19100000,
      "opex": 150500000,
      "cogs": 277300000,
      "rd": null,
      "sga": 124300000,
      "fcf": 22300000,
      "ocf": 24600000,
      "capex": -2300000,
      "gross_margin": 0.3361264065118506,
      "op_margin": -0.02418003351687814,
      "fcf_margin": 0.05338759875508738,
      "incr_op_margin_yoy": 0.7168458781362007,
      "rev_growth_yoy": -0.2503589375448672,
      "rev_growth_yoy_accel": 0.24955308075532634,
      "op_leverage_ratio": 0.314027706043806,
      "fcf_margin_change": -0.08982140898594004
    },
    {
      "date": "2022-12-31T00:00:00",
      "quarter_label": "2022-12 (Q4)",
      "revenue": 340300000,
      "gross_profit": 109400000,
      "operating_income": 19800000,
      "net_income": 14200000,
      "opex": 89600000,
      "cogs": 230900000,
      "rd": null,
      "sga": 72400000,
      "fcf": 84400000,
      "ocf": 84400000,
      "capex": null,
      "gross_margin": 0.32148104613576256,
      "op_margin": 0.05818395533352924,
      "fcf_margin": 0.24801645606817513,
      "incr_op_margin_yoy": 1.712037037037037,
      "rev_growth_yoy": 0.46491605682307363,
      "rev_growth_yoy_accel": 0.7152749943679408,
      "fcf_margin_change": 0.19462885731308774
    },
    {
      "date": "2023-03-31T00:00:00",
      "quarter_label": "2023-03 (Q1)",
      "revenue": 372100000,
      "gross_profit": 148800000,
      "operating_income": 43700000,
      "net_income": 22800000,
      "opex": 105100000,
      "cogs": 223300000,
      "rd": null,
      "sga": 88500000,
      "fcf": 5000000,
      "ocf": 5000000,
      "capex": null,
      "gross_margin": 0.3998925020155872,
      "op_margin": 0.11744154797097554,
      "fcf_margin": 0.013437248051599033,
      "incr_op_margin_yoy": -0.0015094339622641509,
      "rev_growth_yoy": 0.5530050083472454,
      "rev_growth_yoy_accel": 0.08808895152417179,
      "op_leverage_ratio": 0.5401837088716787,
      "fcf_margin_change": -0.23457920801657609
    },
    {
      "date": "2023-06-30T00:00:00",
      "quarter_label": "2023-06 (Q2)",
      "revenue": 403200000,
      "gross_profit": 173500000,
      "operating_income": 54800000,
      "net_income": 34600000,
      "opex": 118700000,
      "cogs": 229700000,
      "rd": null,
      "sga": 96300000,
      "fcf": 87200000,
      "ocf": 87200000,
      "capex": null,
      "gross_margin": 0.4303075396825397,
      "op_margin": 0.1359126984126984,
      "fcf_margin": 0.21626984126984128,
      "incr_op_margin_yoy": 0.010924369747899159,
      "rev_growth_yoy": 0.4187192118226601,
      "rev_growth_yoy_accel": -0.13428579652458533,
      "op_leverage_ratio": 0.6458988728520164,
      "fcf_margin_change": 0.20283259321824224
    },
    {
      "date": "2023-09-30T00:00:00",
      "quarter_label": "2023-09 (Q3)",
      "revenue": 398400000,
      "gross_profit": 169900000,
      "operating_income": 60100000,
      "net_income": 41400000,
      "opex": 109800000,
      "cogs": 228500000,
      "rd": null,
      "sga": 92900000,
      "fcf": 103500000,
      "ocf": 103500000,
      "capex": null,
      "gross_margin": 0.42645582329317266,
      "op_margin": 0.15085341365461846,
      "fcf_margin": 0.25978915662650603,
      "incr_op_margin_yoy": -3.6373056994818653,
      "rev_growth_yoy": -0.04620541058175724,
      "rev_growth_yoy_accel": -0.46492462240441734,
      "fcf_margin_change": 0.043519315356664756
    },
    {
      "date": "2023-12-31T00:00:00",
      "quarter_label": "2023-12 (Q4)",
      "revenue": 356800000,
      "gross_profit": 155900000,
      "operating_income": 32800000,
      "net_income": 13900000,
      "opex": 123100000,
      "cogs": 200900000,
      "rd": null,
      "sga": 93600000,
      "fcf": 58200000,
      "ocf": 58200000,
      "capex": null,
      "gross_margin": 0.4369394618834081,
      "op_margin": 0.09192825112107623,
      "fcf_margin": 0.16311659192825112,
      "incr_op_margin_yoy": 0.7878787878787878,
      "rev_growth_yoy": 0.0484866294446077,
      "rev_growth_yoy_accel": 0.09469204002636494,
      "fcf_margin_change": -0.09667256469825491
    },
    {
      "date": "2024-03-31T00:00:00",
      "quarter_label": "2024-03 (Q1)",
      "revenue": 373800000,
      "gross_profit": 170100000,
      "operating_income": 53200000,
      "net_income": 34300000,
      "opex": 116900000,
      "cogs": 203700000,
      "rd": null,
      "sga": 95900000,
      "fcf": 53900000,
      "ocf": 53900000,
      "capex": null,
      "gross_margin": 0.4550561797752809,
      "op_margin": 0.14232209737827714,
      "fcf_margin": 0.1441947565543071,
      "incr_op_margin_yoy": 5.588235294117647,
      "rev_growth_yoy": 0.004568664337543671,
      "rev_growth_yoy_accel": -0.04391796510706403,
      "op_leverage_ratio": Infinity,
      "fcf_margin_change": -0.018921835373944013
    },
    {
      "date": "2024-06-30T00:00:00",
      "quarter_label": "2024-06 (Q2)",
      "revenue": 412000000,
      "gross_profit": 186300000,
      "operating_income": 71900000,
      "net_income": 46000000,
      "opex": 114400000,
      "cogs": 225700000,
      "rd": null,
      "sga": 98900000,
      "fcf": 85100000,
      "ocf": 85100000,
      "capex": null,
      "gross_margin": 0.4521844660194175,
      "op_margin": 0.1745145631067961,
      "fcf_margin": 0.20655339805825243,
      "incr_op_margin_yoy": 1.9431818181818181,
      "rev_growth_yoy": 0.021825396825396824,
      "rev_growth_yoy_accel": 0.017256732487853154,
      "op_leverage_ratio": Infinity,
      "fcf_margin_change": 0.06235864150394532
    },
    {
      "date": "2024-09-30T00:00:00",
      "quarter_label": "2024-09 (Q3)",
      "revenue": 410000000,
      "gross_profit": 189400000,
      "operating_income": 70200000,
      "net_income": 43500000,
      "opex": 119200000,
      "cogs": 220600000,
      "rd": null,
      "sga": 101700000,
      "fcf": 90900000,
      "ocf": 90900000,
      "capex": null,
      "gross_margin": 0.46195121951219514,
      "op_margin": 0.17121951219512196,
      "fcf_margin": 0.22170731707317073,
      "incr_op_margin_yoy": 0.8706896551724138,
      "rev_growth_yoy": 0.029116465863453816,
      "rev_growth_yoy_accel": 0.007291069038056992,
      "fcf_margin_change": 0.015153919014918305
    },
    {
      "date": "2024-12-31T00:00:00",
      "quarter_label": "2024-12 (Q4)",
      "revenue": 370700000,
      "gross_profit": 161200000,
      "operating_income": 49300000,
      "net_income": 36400000,
      "opex": 111900000,
      "cogs": 209500000,
      "rd": null,
      "sga": 93300000,
      "fcf": 63600000,
      "ocf": 63600000,
      "capex": null,
      "gross_margin": 0.43485298084704616,
      "op_margin": 0.13299163744267603,
      "fcf_margin": 0.17156730509846238,
      "incr_op_margin_yoy": 1.1870503597122302,
      "rev_growth_yoy": 0.038957399103139015,
      "rev_growth_yoy_accel": 0.009840933239685198,
      "fcf_margin_change": -0.050140011974708354
    },
    {
      "date": "2025-03-31T00:00:00",
      "quarter_label": "2025-03 (Q1)",
      "revenue": 388800000,
      "gross_profit": 181000000,
      "operating_income": 63400000,
      "net_income": 43600000,
      "opex": 117600000,
      "cogs": 207800000,
      "rd": null,
      "sga": 101200000,
      "fcf": 42900000,
      "ocf": 42900000,
      "capex": null,
      "gross_margin": 0.4655349794238683,
      "op_margin": 0.16306584362139917,
      "fcf_margin": 0.11033950617283951,
      "incr_op_margin_yoy": 0.68,
      "rev_growth_yoy": 0.04012841091492777,
      "rev_growth_yoy_accel": 0.0011710118117887539,
      "op_leverage_ratio": 0.9585421606349297,
      "fcf_margin_change": -0.06122779892562287
    },
    {
      "date": "2025-06-30T00:00:00",
      "quarter_label": "2025-06 (Q2)",
      "revenue": 444500000,
      "gross_profit": 202300000,
      "operating_income": 77600000,
      "net_income": 50500000,
      "opex": 124700000,
      "cogs": 242200000,
      "rd": null,
      "sga": 108200000,
      "fcf": 110600000,
      "ocf": 110600000,
      "capex": null,
      "gross_margin": 0.45511811023622045,
      "op_margin": 0.17457817772778403,
      "fcf_margin": 0.24881889763779527,
      "incr_op_margin_yoy": 0.1753846153846154,
      "rev_growth_yoy": 0.07888349514563107,
      "rev_growth_yoy_accel": 0.038755084230703306,
      "op_leverage_ratio": 2.372891671013737,
      "fcf_margin_change": 0.13847939146495575
    },
    {
      "date": "2025-09-30T00:00:00",
      "quarter_label": "2025-09 (Q3)",
      "revenue": 455400000,
      "gross_profit": 200700000,
      "operating_income": 77500000,
      "net_income": 61800000,
      "opex": 123200000,
      "cogs": 254700000,
      "rd": null,
      "sga": 106700000,
      "fcf": 101300000,
      "ocf": 101300000,
      "capex": null,
      "gross_margin": 0.4407114624505929,
      "op_margin": 0.1701800614844093,
      "fcf_margin": 0.22244180939833114,
      "incr_op_margin_yoy": 0.16079295154185022,
      "rev_growth_yoy": 0.11073170731707317,
      "rev_growth_yoy_accel": 0.0318482121714421,
      "op_leverage_ratio": Infinity,
      "fcf_margin_change": -0.026377088239464136
    }
  ],
  "signals": [
    {
      "quarter": "2025-06 (Q2)",
      "signal": "FCF MARGIN EXPANSION",
      "detail": "FCF margin: +11.0% -> +24.9% (+13.8%)",
      "severity": "MEDIUM"
    },
    {
      "quarter": "2025-06 (Q2)",
      "signal": "OPERATING LEVERAGE",
      "detail": "Rev growth +14.3% vs OpEx growth +6.0% (leverage: 2.4x)",
      "severity": "MEDIUM"
    },
    {
      "quarter": "2025-03 (Q1)",
      "signal": "GROSS MARGIN INFLECTION",
      "detail": "GM: +46.2% -> +43.5% -> +46.6% (reversal +3.1%)",
      "severity": "MEDIUM"
    },
    {
      "quarter": "2025-03 (Q1)",
      "signal": "INCREMENTAL MARGIN (YoY)",
      "detail": "YoY Incr OPM: +68.0% vs year-ago OPM: +14.2%",
      "severity": "HIGH"
    },
    {
      "quarter": "2024-12 (Q4)",
      "signal": "INCREMENTAL MARGIN (YoY)",
      "detail": "YoY Incr OPM: +118.7% vs year-ago OPM: +9.2%",
      "severity": "HIGH"
    },
    {
      "quarter": "2024-09 (Q3)",
      "signal": "INCREMENTAL MARGIN (YoY)",
      "detail": "YoY Incr OPM: +87.1% vs year-ago OPM: +15.1%",
      "severity": "HIGH"
    },
    {
      "quarter": "2024-06 (Q2)",
      "signal": "FCF MARGIN EXPANSION",
      "detail": "FCF margin: +14.4% -> +20.7% (+6.2%)",
      "severity": "MEDIUM"
    },
    {
      "quarter": "2024-06 (Q2)",
      "signal": "INCREMENTAL MARGIN (YoY)",
      "detail": "YoY Incr OPM: +194.3% vs year-ago OPM: +13.6%",
      "severity": "HIGH"
    },
    {
      "quarter": "2024-03 (Q1)",
      "signal": "INCREMENTAL MARGIN (YoY)",
      "detail": "YoY Incr OPM: +558.8% vs year-ago OPM: +11.7%",
      "severity": "HIGH"
    },
    {
      "quarter": "2023-12 (Q4)",
      "signal": "YoY REVENUE GROWTH ACCELERATION",
      "detail": "YoY growth: +4.8% vs prior quarter YoY: -4.6% (accel: +9.5%)",
      "severity": "MEDIUM"
    },
    {
      "quarter": "2023-12 (Q4)",
      "signal": "INCREMENTAL MARGIN (YoY)",
      "detail": "YoY Incr OPM: +78.8% vs year-ago OPM: +5.8%",
      "severity": "HIGH"
    },
    {
      "quarter": "2023-09 (Q3)",
      "signal": "YoY REVENUE GROWTH DECELERATION",
      "detail": "YoY growth: -4.6% vs prior quarter YoY: +41.9% (decel: -46.5%)",
      "severity": "WARNING"
    },
    {
      "quarter": "2023-09 (Q3)",
      "signal": "OP MARGIN TURNED POSITIVE (YoY)",
      "detail": "Op margin: -2.4% (year-ago) -> +15.1%",
      "severity": "HIGH"
    },
    {
      "quarter": "2023-06 (Q2)",
      "signal": "FCF MARGIN EXPANSION",
      "detail": "FCF margin: +1.3% -> +21.6% (+20.3%)",
      "severity": "MEDIUM"
    },
    {
      "quarter": "2023-06 (Q2)",
      "signal": "YoY REVENUE GROWTH DECELERATION",
      "detail": "YoY growth: +41.9% vs prior quarter YoY: +55.3% (decel: -13.4%)",
      "severity": "WARNING"
    },
    {
      "quarter": "2023-03 (Q1)",
      "signal": "GROSS MARGIN INFLECTION",
      "detail": "GM: +33.6% -> +32.1% -> +40.0% (reversal +7.8%)",
      "severity": "HIGH"
    },
    {
      "quarter": "2023-03 (Q1)",
      "signal": "YoY REVENUE GROWTH ACCELERATION",
      "detail": "YoY growth: +55.3% vs prior quarter YoY: +46.5% (accel: +8.8%)",
      "severity": "MEDIUM"
    },
    {
      "quarter": "2022-12 (Q4)",
      "signal": "FCF MARGIN EXPANSION",
      "detail": "FCF margin: +5.3% -> +24.8% (+19.5%)",
      "severity": "MEDIUM"
    },
    {
      "quarter": "2022-12 (Q4)",
      "signal": "YoY REVENUE GROWTH ACCELERATION",
      "detail": "YoY growth: +46.5% vs prior quarter YoY: -25.0% (accel: +71.5%)",
      "severity": "HIGH"
    },
    {
      "quarter": "2022-12 (Q4)",
      "signal": "OP MARGIN TURNED POSITIVE (YoY)",
      "detail": "Op margin: -71.1% (year-ago) -> +5.8%",
      "severity": "HIGH"
    },
    {
      "quarter": "2022-12 (Q4)",
      "signal": "OP MARGIN TURNED POSITIVE (QoQ)",
      "detail": "Op margin: -2.4% -> +5.8%",
      "severity": "HIGH"
    },
    {
      "quarter": "2022-09 (Q3)",
      "signal": "YoY REVENUE GROWTH ACCELERATION",
      "detail": "YoY growth: -25.0% vs prior quarter YoY: -50.0% (accel: +25.0%)",
      "severity": "HIGH"
    },
    {
      "quarter": "2022-06 (Q2)",
      "signal": "FCF TURNED POSITIVE",
      "detail": "FCF margin: -22.8% -> +14.3%",
      "severity": "HIGH"
    },
    {
      "quarter": "2022-06 (Q2)",
      "signal": "OPERATING LEVERAGE",
      "detail": "Rev growth +18.6% vs OpEx growth +4.0% (leverage: 4.7x)",
      "severity": "MEDIUM"
    },
    {
      "quarter": "2022-03 (Q1)",
      "signal": "GROSS MARGIN INFLECTION",
      "detail": "GM: +39.3% -> +36.7% -> +42.5% (reversal +5.9%)",
      "severity": "HIGH"
    },
    {
      "quarter": "2022-03 (Q1)",
      "signal": "OP MARGIN TURNED POSITIVE (QoQ)",
      "detail": "Op margin: -71.1% -> +18.3%",
      "severity": "HIGH"
    },
    {
      "quarter": "2021-06 (Q2)",
      "signal": "OPERATING LEVERAGE",
      "detail": "Rev growth +8.0% vs OpEx growth +2.2% (leverage: 3.6x)",
      "severity": "MEDIUM"
    },
    {
      "quarter": "2021-03 (Q1)",
      "signal": "OP MARGIN TURNED POSITIVE (QoQ)",
      "detail": "Op margin: -24.2% -> +14.9%",
      "severity": "HIGH"
    }
  ],
  "data_quality": {
    "n_quarters": 20,
    "coverage": {
      "revenue": [
        20,
        20
      ],
      "gross_profit": [
        20,
        20
      ],
      "op_income": [
        20,
        20
      ],
      "fcf": [
        20,
        20
      ]
    },
    "gaps": [],
    "warnings": []
  },
  "market_cap": null,
  "source": "SEC EDGAR",
  "last_updated": "2026-02-02T20:46:30.515746"
}