{
  "ticker": "ZYXIQ",
  "name": "ZYNEX, INC.",
  "quarters": [
    {
      "date": "2020-12-31T00:00:00",
      "quarter_label": "2020-12 (Q4)",
      "revenue": 25605000,
      "gross_profit": 19946000,
      "operating_income": 2297000,
      "net_income": 1787000,
      "opex": 23308000,
      "cogs": 5659000,
      "rd": null,
      "sga": null,
      "fcf": -1922000,
      "ocf": -1696000,
      "capex": -226000,
      "gross_margin": 0.7789884788127319,
      "op_margin": 0.08970904120289006,
      "fcf_margin": -0.07506346416715486
    },
    {
      "date": "2021-03-31T00:00:00",
      "quarter_label": "2021-03 (Q1)",
      "revenue": 24127000,
      "gross_profit": 18241000,
      "operating_income": -1081000,
      "net_income": -706000,
      "opex": 25208000,
      "cogs": 5886000,
      "rd": null,
      "sga": null,
      "fcf": -5604000,
      "ocf": -5305000,
      "capex": -299000,
      "gross_margin": 0.7560409499730593,
      "op_margin": -0.044804575786463297,
      "fcf_margin": -0.23227089982177643,
      "fcf_margin_change": -0.15720743565462159
    },
    {
      "date": "2021-06-30T00:00:00",
      "quarter_label": "2021-06 (Q2)",
      "revenue": 31022000,
      "gross_profit": 23755000,
      "operating_income": 3815000,
      "net_income": 2808000,
      "opex": 27207000,
      "cogs": 7267000,
      "rd": null,
      "sga": null,
      "fcf": 972000,
      "ocf": 1027000,
      "capex": -55000,
      "gross_margin": 0.7657468893043646,
      "op_margin": 0.12297724195732061,
      "fcf_margin": 0.03133260266907356,
      "op_leverage_ratio": 3.603765657852758,
      "fcf_margin_change": 0.26360350249084996
    },
    {
      "date": "2021-09-30T00:00:00",
      "quarter_label": "2021-09 (Q3)",
      "revenue": 34786000,
      "gross_profit": 27949000,
      "operating_income": 8046000,
      "net_income": 6107000,
      "opex": 26740000,
      "cogs": 6837000,
      "rd": null,
      "sga": null,
      "fcf": 3623000,
      "ocf": 3689000,
      "capex": -66000,
      "gross_margin": 0.803455413097223,
      "op_margin": 0.23129994825504513,
      "fcf_margin": 0.10415109526821135,
      "op_leverage_ratio": Infinity,
      "fcf_margin_change": 0.0728184925991378
    },
    {
      "date": "2021-12-31T00:00:00",
      "quarter_label": "2021-12 (Q4)",
      "revenue": 40367000,
      "gross_profit": 33036000,
      "operating_income": 11587000,
      "net_income": 8894000,
      "opex": 28780000,
      "cogs": 7331000,
      "rd": null,
      "sga": null,
      "fcf": 7349000,
      "ocf": 7538000,
      "capex": -189000,
      "gross_margin": 0.8183912601877772,
      "op_margin": 0.28704139519904875,
      "fcf_margin": 0.18205464859910322,
      "incr_op_margin_yoy": 0.629318520525674,
      "rev_growth_yoy": 0.5765280218707284,
      "op_leverage_ratio": 2.10299754352382,
      "fcf_margin_change": 0.07790355333089187
    },
    {
      "date": "2022-03-31T00:00:00",
      "quarter_label": "2022-03 (Q1)",
      "revenue": 31083000,
      "gross_profit": 24162000,
      "operating_income": 1906000,
      "net_income": 1377000,
      "opex": 29177000,
      "cogs": 6921000,
      "rd": null,
      "sga": null,
      "fcf": 1682000,
      "ocf": 1754000,
      "capex": -72000,
      "gross_margin": 0.7773380947784962,
      "op_margin": 0.06131969243638002,
      "fcf_margin": 0.05411318083840041,
      "incr_op_margin_yoy": 0.42941345600920067,
      "rev_growth_yoy": 0.28830770506072034,
      "rev_growth_yoy_accel": -0.28822031681000804,
      "fcf_margin_change": -0.1279414677607028
    },
    {
      "date": "2022-06-30T00:00:00",
      "quarter_label": "2022-06 (Q2)",
      "revenue": 36759000,
      "gross_profit": 29454000,
      "operating_income": 4364000,
      "net_income": 3346000,
      "opex": 32395000,
      "cogs": 7305000,
      "rd": null,
      "sga": null,
      "fcf": -316000,
      "ocf": -176000,
      "capex": -140000,
      "gross_margin": 0.8012731575940586,
      "op_margin": 0.11871922522375472,
      "fcf_margin": -0.008596534182105063,
      "incr_op_margin_yoy": 0.0956946139097089,
      "rev_growth_yoy": 0.18493327316098254,
      "rev_growth_yoy_accel": -0.1033744318997378,
      "op_leverage_ratio": 1.65567104590774,
      "fcf_margin_change": -0.06270971502050547
    },
    {
      "date": "2022-09-30T00:00:00",
      "quarter_label": "2022-09 (Q3)",
      "revenue": 41520000,
      "gross_profit": 33129000,
      "operating_income": 6558000,
      "net_income": 4873000,
      "opex": 34962000,
      "cogs": 8391000,
      "rd": null,
      "sga": null,
      "fcf": 7291000,
      "ocf": 7411000,
      "capex": -120000,
      "gross_margin": 0.7979046242774567,
      "op_margin": 0.15794797687861273,
      "fcf_margin": 0.17560211946050097,
      "incr_op_margin_yoy": -0.22096822096822097,
      "rev_growth_yoy": 0.19358362559650433,
      "rev_growth_yoy_accel": 0.008650352435521785,
      "op_leverage_ratio": 1.6345063376352567,
      "fcf_margin_change": 0.18419865364260604
    },
    {
      "date": "2022-12-31T00:00:00",
      "quarter_label": "2022-12 (Q4)",
      "revenue": 48805000,
      "gross_profit": 39417000,
      "operating_income": 10110000,
      "net_income": 7452000,
      "opex": 38695000,
      "cogs": 9388000,
      "rd": null,
      "sga": null,
      "fcf": 4671000,
      "ocf": 4757000,
      "capex": -86000,
      "gross_margin": 0.8076426595635693,
      "op_margin": 0.20715090666939862,
      "fcf_margin": 0.09570740702796844,
      "incr_op_margin_yoy": -0.17504147902346529,
      "rev_growth_yoy": 0.20903213020536576,
      "rev_growth_yoy_accel": 0.015448504608861435,
      "op_leverage_ratio": 1.6432759143957425,
      "fcf_margin_change": -0.07989471243253253
    },
    {
      "date": "2023-03-31T00:00:00",
      "quarter_label": "2023-03 (Q1)",
      "revenue": 42170000,
      "gross_profit": 32901000,
      "operating_income": 284000,
      "net_income": 1569000,
      "opex": 41886000,
      "cogs": 9269000,
      "rd": null,
      "sga": null,
      "fcf": 1750000,
      "ocf": 1934000,
      "capex": -184000,
      "gross_margin": 0.7801991937396253,
      "op_margin": 0.006734645482570548,
      "fcf_margin": 0.04149869575527626,
      "incr_op_margin_yoy": -0.14629746550013528,
      "rev_growth_yoy": 0.35669015217321365,
      "rev_growth_yoy_accel": 0.14765802196784789,
      "fcf_margin_change": -0.05420871127269218
    },
    {
      "date": "2023-06-30T00:00:00",
      "quarter_label": "2023-06 (Q2)",
      "revenue": 44952000,
      "gross_profit": 35680000,
      "operating_income": 2713000,
      "net_income": 3354000,
      "opex": 42239000,
      "cogs": 9272000,
      "rd": null,
      "sga": null,
      "fcf": 531000,
      "ocf": 741000,
      "capex": -210000,
      "gross_margin": 0.793735540131696,
      "op_margin": 0.060353265705641576,
      "fcf_margin": 0.011812600106780567,
      "incr_op_margin_yoy": -0.20151348712315392,
      "rev_growth_yoy": 0.22288419162654044,
      "rev_growth_yoy_accel": -0.1338059605466732,
      "op_leverage_ratio": 7.82794395543198,
      "fcf_margin_change": -0.029686095648495694
    },
    {
      "date": "2023-09-30T00:00:00",
      "quarter_label": "2023-09 (Q3)",
      "revenue": 49915000,
      "gross_profit": 40362000,
      "operating_income": 5485000,
      "net_income": 3594000,
      "opex": 44430000,
      "cogs": 9553000,
      "rd": null,
      "sga": null,
      "fcf": 8657000,
      "ocf": 8893000,
      "capex": -236000,
      "gross_margin": 0.8086146448963237,
      "op_margin": 0.10988680757287389,
      "fcf_margin": 0.17343483922668537,
      "incr_op_margin_yoy": -0.1278141751042287,
      "rev_growth_yoy": 0.2021917148362235,
      "rev_growth_yoy_accel": -0.020692476790316938,
      "op_leverage_ratio": 2.128464966820128,
      "fcf_margin_change": 0.1616222391199048
    },
    {
      "date": "2023-12-31T00:00:00",
      "quarter_label": "2023-12 (Q4)",
      "revenue": 47285000,
      "gross_profit": 37013000,
      "operating_income": 2298000,
      "net_income": 1215000,
      "opex": 44987000,
      "cogs": 10272000,
      "rd": null,
      "sga": null,
      "fcf": 5612000,
      "ocf": 6188000,
      "capex": -576000,
      "gross_margin": 0.7827640900919953,
      "op_margin": 0.048598921433858515,
      "fcf_margin": 0.11868457227450566,
      "incr_op_margin_yoy": 5.139473684210526,
      "rev_growth_yoy": -0.031144349964143017,
      "rev_growth_yoy_accel": -0.2333360648003665,
      "fcf_margin_change": -0.054750266952179716
    },
    {
      "date": "2024-03-31T00:00:00",
      "quarter_label": "2024-03 (Q1)",
      "revenue": 46531000,
      "gross_profit": 37233000,
      "operating_income": 525000,
      "net_income": 10000,
      "opex": 46006000,
      "cogs": 9298000,
      "rd": null,
      "sga": null,
      "fcf": 1915000,
      "ocf": 2068000,
      "capex": -153000,
      "gross_margin": 0.8001762266016205,
      "op_margin": 0.011282800713502825,
      "fcf_margin": 0.04115535879306269,
      "incr_op_margin_yoy": 0.05526255445998624,
      "rev_growth_yoy": 0.10341474982214845,
      "rev_growth_yoy_accel": 0.13455909978629146,
      "fcf_margin_change": -0.07752921348144297
    },
    {
      "date": "2024-06-30T00:00:00",
      "quarter_label": "2024-06 (Q2)",
      "revenue": 49883000,
      "gross_profit": 39912000,
      "operating_income": 2226000,
      "net_income": 1217000,
      "opex": 47657000,
      "cogs": 9971000,
      "rd": null,
      "sga": null,
      "fcf": 997000,
      "ocf": 1134000,
      "capex": -137000,
      "gross_margin": 0.8001122626947056,
      "op_margin": 0.044624421145480424,
      "fcf_margin": 0.019986769039552554,
      "incr_op_margin_yoy": -0.0987629284120868,
      "rev_growth_yoy": 0.10969478554903007,
      "rev_growth_yoy_accel": 0.006280035726881628,
      "op_leverage_ratio": 2.0073773785635,
      "fcf_margin_change": -0.021168589753510134
    },
    {
      "date": "2024-09-30T00:00:00",
      "quarter_label": "2024-09 (Q3)",
      "revenue": 49966000,
      "gross_profit": 39789000,
      "operating_income": 3802000,
      "net_income": 2382000,
      "opex": 46164000,
      "cogs": 10177000,
      "rd": null,
      "sga": null,
      "fcf": 7002000,
      "ocf": 7074000,
      "capex": -72000,
      "gross_margin": 0.796321498619061,
      "op_margin": 0.07609174238482168,
      "fcf_margin": 0.140135291998559,
      "rev_growth_yoy": 0.0010217369528197936,
      "rev_growth_yoy_accel": -0.10867304859621028,
      "fcf_margin_change": 0.12014852295900645
    },
    {
      "date": "2024-12-31T00:00:00",
      "quarter_label": "2024-12 (Q4)",
      "revenue": 45974000,
      "gross_profit": 35991000,
      "operating_income": -563000,
      "net_income": -615000,
      "opex": 46537000,
      "cogs": 9983000,
      "rd": null,
      "sga": null,
      "fcf": 2229000,
      "ocf": 2445000,
      "capex": -216000,
      "gross_margin": 0.7828555270370209,
      "op_margin": -0.012246052116413626,
      "fcf_margin": 0.04848392569713316,
      "incr_op_margin_yoy": 2.1823035850495804,
      "rev_growth_yoy": -0.027725494342814846,
      "rev_growth_yoy_accel": -0.02874723129563464,
      "fcf_margin_change": -0.09165136630142584
    },
    {
      "date": "2025-03-31T00:00:00",
      "quarter_label": "2025-03 (Q1)",
      "revenue": 26578000,
      "gross_profit": 18209000,
      "operating_income": -13097000,
      "net_income": -10396000,
      "opex": 39675000,
      "cogs": 8369000,
      "rd": null,
      "sga": null,
      "fcf": -10671000,
      "ocf": -10503000,
      "capex": -168000,
      "gross_margin": 0.68511550906765,
      "op_margin": -0.49277598013394536,
      "fcf_margin": -0.4014974791180676,
      "incr_op_margin_yoy": 0.6827043552348018,
      "rev_growth_yoy": -0.4288109002600417,
      "rev_growth_yoy_accel": -0.40108540591722686,
      "fcf_margin_change": -0.44998140481520077
    },
    {
      "date": "2025-06-30T00:00:00",
      "quarter_label": "2025-06 (Q2)",
      "revenue": 22290000,
      "gross_profit": 15235000,
      "operating_income": -10283000,
      "net_income": -20033000,
      "opex": 32573000,
      "cogs": 7055000,
      "rd": null,
      "sga": null,
      "fcf": -6229000,
      "ocf": -6200000,
      "capex": -29000,
      "gross_margin": 0.683490354419022,
      "op_margin": -0.4613279497532526,
      "fcf_margin": -0.2794526693584567,
      "incr_op_margin_yoy": 0.4533396151197768,
      "rev_growth_yoy": -0.55315438125213,
      "rev_growth_yoy_accel": -0.1243434809920883,
      "fcf_margin_change": 0.1220448097596109
    },
    {
      "date": "2025-09-30T00:00:00",
      "quarter_label": "2025-09 (Q3)",
      "revenue": 13360000,
      "gross_profit": 8079000,
      "operating_income": -43962000,
      "net_income": -42914000,
      "opex": 57322000,
      "cogs": 5281000,
      "rd": null,
      "sga": null,
      "fcf": -6326000,
      "ocf": -6308000,
      "capex": -18000,
      "gross_margin": 0.6047155688622754,
      "op_margin": -3.290568862275449,
      "fcf_margin": -0.47350299401197604,
      "incr_op_margin_yoy": 1.3048134185652625,
      "rev_growth_yoy": -0.7326181803626466,
      "rev_growth_yoy_accel": -0.17946379911051658,
      "fcf_margin_change": -0.19405032465351935
    }
  ],
  "signals": [
    {
      "quarter": "2025-09 (Q3)",
      "signal": "YoY REVENUE GROWTH DECELERATION",
      "detail": "YoY growth: -73.3% vs prior quarter YoY: -55.3% (decel: -17.9%)",
      "severity": "WARNING"
    },
    {
      "quarter": "2025-06 (Q2)",
      "signal": "FCF MARGIN EXPANSION",
      "detail": "FCF margin: -40.1% -> -27.9% (+12.2%)",
      "severity": "MEDIUM"
    },
    {
      "quarter": "2025-06 (Q2)",
      "signal": "YoY REVENUE GROWTH DECELERATION",
      "detail": "YoY growth: -55.3% vs prior quarter YoY: -42.9% (decel: -12.4%)",
      "severity": "WARNING"
    },
    {
      "quarter": "2025-03 (Q1)",
      "signal": "YoY REVENUE GROWTH DECELERATION",
      "detail": "YoY growth: -42.9% vs prior quarter YoY: -2.8% (decel: -40.1%)",
      "severity": "WARNING"
    },
    {
      "quarter": "2024-09 (Q3)",
      "signal": "FCF MARGIN EXPANSION",
      "detail": "FCF margin: +2.0% -> +14.0% (+12.0%)",
      "severity": "MEDIUM"
    },
    {
      "quarter": "2024-09 (Q3)",
      "signal": "YoY REVENUE GROWTH DECELERATION",
      "detail": "YoY growth: +0.1% vs prior quarter YoY: +11.0% (decel: -10.9%)",
      "severity": "WARNING"
    },
    {
      "quarter": "2024-06 (Q2)",
      "signal": "OPERATING LEVERAGE",
      "detail": "Rev growth +7.2% vs OpEx growth +3.6% (leverage: 2.0x)",
      "severity": "MEDIUM"
    },
    {
      "quarter": "2024-03 (Q1)",
      "signal": "YoY REVENUE GROWTH ACCELERATION",
      "detail": "YoY growth: +10.3% vs prior quarter YoY: -3.1% (accel: +13.5%)",
      "severity": "MEDIUM"
    },
    {
      "quarter": "2023-12 (Q4)",
      "signal": "YoY REVENUE GROWTH DECELERATION",
      "detail": "YoY growth: -3.1% vs prior quarter YoY: +20.2% (decel: -23.3%)",
      "severity": "WARNING"
    },
    {
      "quarter": "2023-12 (Q4)",
      "signal": "INCREMENTAL MARGIN (YoY)",
      "detail": "YoY Incr OPM: +513.9% vs year-ago OPM: +20.7%",
      "severity": "HIGH"
    },
    {
      "quarter": "2023-09 (Q3)",
      "signal": "FCF MARGIN EXPANSION",
      "detail": "FCF margin: +1.2% -> +17.3% (+16.2%)",
      "severity": "MEDIUM"
    },
    {
      "quarter": "2023-09 (Q3)",
      "signal": "OPERATING LEVERAGE",
      "detail": "Rev growth +11.0% vs OpEx growth +5.2% (leverage: 2.1x)",
      "severity": "MEDIUM"
    },
    {
      "quarter": "2023-06 (Q2)",
      "signal": "OPERATING LEVERAGE",
      "detail": "Rev growth +6.6% vs OpEx growth +0.8% (leverage: 7.8x)",
      "severity": "MEDIUM"
    },
    {
      "quarter": "2023-06 (Q2)",
      "signal": "YoY REVENUE GROWTH DECELERATION",
      "detail": "YoY growth: +22.3% vs prior quarter YoY: +35.7% (decel: -13.4%)",
      "severity": "WARNING"
    },
    {
      "quarter": "2023-03 (Q1)",
      "signal": "YoY REVENUE GROWTH ACCELERATION",
      "detail": "YoY growth: +35.7% vs prior quarter YoY: +20.9% (accel: +14.8%)",
      "severity": "MEDIUM"
    },
    {
      "quarter": "2022-12 (Q4)",
      "signal": "OPERATING LEVERAGE",
      "detail": "Rev growth +17.5% vs OpEx growth +10.7% (leverage: 1.6x)",
      "severity": "MEDIUM"
    },
    {
      "quarter": "2022-09 (Q3)",
      "signal": "FCF TURNED POSITIVE",
      "detail": "FCF margin: -0.9% -> +17.6%",
      "severity": "HIGH"
    },
    {
      "quarter": "2022-09 (Q3)",
      "signal": "OPERATING LEVERAGE",
      "detail": "Rev growth +13.0% vs OpEx growth +7.9% (leverage: 1.6x)",
      "severity": "MEDIUM"
    },
    {
      "quarter": "2022-06 (Q2)",
      "signal": "OPERATING LEVERAGE",
      "detail": "Rev growth +18.3% vs OpEx growth +11.0% (leverage: 1.7x)",
      "severity": "MEDIUM"
    },
    {
      "quarter": "2022-06 (Q2)",
      "signal": "GROSS MARGIN INFLECTION",
      "detail": "GM: +81.8% -> +77.7% -> +80.1% (reversal +2.4%)",
      "severity": "MEDIUM"
    },
    {
      "quarter": "2022-06 (Q2)",
      "signal": "YoY REVENUE GROWTH DECELERATION",
      "detail": "YoY growth: +18.5% vs prior quarter YoY: +28.8% (decel: -10.3%)",
      "severity": "WARNING"
    },
    {
      "quarter": "2022-03 (Q1)",
      "signal": "YoY REVENUE GROWTH DECELERATION",
      "detail": "YoY growth: +28.8% vs prior quarter YoY: +57.7% (decel: -28.8%)",
      "severity": "WARNING"
    },
    {
      "quarter": "2022-03 (Q1)",
      "signal": "OP MARGIN TURNED POSITIVE (YoY)",
      "detail": "Op margin: -4.5% (year-ago) -> +6.1%",
      "severity": "HIGH"
    },
    {
      "quarter": "2021-12 (Q4)",
      "signal": "FCF MARGIN EXPANSION",
      "detail": "FCF margin: +10.4% -> +18.2% (+7.8%)",
      "severity": "MEDIUM"
    },
    {
      "quarter": "2021-12 (Q4)",
      "signal": "OPERATING LEVERAGE",
      "detail": "Rev growth +16.0% vs OpEx growth +7.6% (leverage: 2.1x)",
      "severity": "MEDIUM"
    },
    {
      "quarter": "2021-12 (Q4)",
      "signal": "INCREMENTAL MARGIN (YoY)",
      "detail": "YoY Incr OPM: +62.9% vs year-ago OPM: +9.0%",
      "severity": "HIGH"
    },
    {
      "quarter": "2021-09 (Q3)",
      "signal": "FCF MARGIN EXPANSION",
      "detail": "FCF margin: +3.1% -> +10.4% (+7.3%)",
      "severity": "MEDIUM"
    },
    {
      "quarter": "2021-06 (Q2)",
      "signal": "FCF TURNED POSITIVE",
      "detail": "FCF margin: -23.2% -> +3.1%",
      "severity": "HIGH"
    },
    {
      "quarter": "2021-06 (Q2)",
      "signal": "OPERATING LEVERAGE",
      "detail": "Rev growth +28.6% vs OpEx growth +7.9% (leverage: 3.6x)",
      "severity": "MEDIUM"
    },
    {
      "quarter": "2021-06 (Q2)",
      "signal": "OP MARGIN TURNED POSITIVE (QoQ)",
      "detail": "Op margin: -4.5% -> +12.3%",
      "severity": "HIGH"
    }
  ],
  "data_quality": {
    "n_quarters": 20,
    "coverage": {
      "revenue": [
        20,
        20
      ],
      "gross_profit": [
        20,
        20
      ],
      "op_income": [
        20,
        20
      ],
      "fcf": [
        20,
        20
      ]
    },
    "gaps": [],
    "warnings": []
  },
  "market_cap": null,
  "source": "SEC EDGAR",
  "last_updated": "2026-02-03T00:29:48.274819"
}